3172 4950
38 419 262 511 lhigltiu
273 422 311 491 in
324 420 447 490 divina
463 315 665 490 snbstauglioa
682 421 896 492 manifestat.
917 450 935 485 n
952 421 1050 514 Ergo
1066 424 1101 494 id
1113 427 1178 518 quod

39 533 241 599 mittent
262 531 437 621 gloriam,
462 537 518 600 est
540 531 746 600 distinctum
761 533 805 601 ab
820 554 871 617 eo,
890 531 994 601 euius
1009 533 1180 623 glorians

37 640 246 708 afflantur.
264 641 362 731 Ergo
384 640 420 708 id
444 639 535 729 qnod
559 640 765 709 manifestat
787 625 954 730 gloriam,
981 648 1036 711 est
1059 643 1182 714 secundi

38 745 162 814 divin
181 770 330 838 persona
350 747 520 816 distincta
542 769 564 814 a
585 747 722 837 prima,
748 754 784 817 et
806 769 827 814 a
856 747 973 837 prima
1003 747 1103 818 velot
1127 752 1183 820 eius

38 854 156 944 ingo
175 857 375 949 prmdens.
401 855 571 925 Subsistit
593 878 678 945 ergo
701 857 818 940 Pater,
843 861 879 924 et
904 855 1036 941 Filius,
1064 857 1121 948 qui
1146 867 1186 929 ast

38 965 202 1057 sedendas
223 965 357 1057 gloriae
378 962 510 1034 Patris.
528 964 636 1031 Porro
653 965 890 1032 manifestatio
907 965 1044 1053 gloriae
1060 969 1186 1061 requirit

37 1074 197 1158 utin,
220 1075 280 1144 cui
301 1073 417 1165 gloria
432 1072 688 1155 manifestetur,
711 1102 728 1136 u
743 1096 842 1142 secus
857 1076 1099 1146 manifestatio
1112 1101 1186 1169 pror·

37 1205 100 1251 m
120 1183 356 1254 amitermis
367 1205 434 1250 non
447 1189 549 1264 esset,
563 1204 640 1251 oum
653 1182 800 1266 deforet,
816 1183 873 1252 cui
884 1185 1185 1255 manifestaretur,

39 1291 184 1362 hetin
203 1292 396 1386 requiritur
418 1291 632 1376 distinctus3
658 1312 738 1358 nam
762 1291 879 1360 Filius
901 1300 944 1361 ut
967 1295 1187 1364 manifestatio

38 1401 175 1493 ‘lube
199 1412 283 1472 «est
304 1401 451 1470 medium
474 1399 519 1466 ad
543 1398 656 1483 finem,
674 1427 691 1461 n
718 1399 779 1492 qui
795 1401 877 1468 finis
892 1407 947 1470 est
963 1403 1118 1491 cognitio
1131 1403 1186 1493 glo

38 1512 137 1587 rias:
161 1512 309 1581 tedium
331 1517 446 1577 autem
471 1507 707 1596 distinguitur
730 1529 751 1574 a
774 1510 870 1594 fine,
903 1515 941 1578 et
971 1511 1186 1580 manifestatio

39 1618 143 1689 delet
164 1619 297 1710 euripi
321 1617 440 1686 ordine
463 1615 560 1705 prior
575 1636 677 1707 quam
694 1616 861 1705 cognitio;
880 1640 991 1707 aergo
1007 1618 1121 1687 Filius
1135 1619 1185 1688 dif-

41 1730 135 1799 tem
155 1730 201 1798 ab
221 1751 261 1798 eo
281 1726 405 1809 debet,
431 1746 492 1815 per
515 1745 614 1815 quem
638 1724 806 1812 primario
829 1726 894 1793 fiat
922 1725 1122 1795 huiusmodi
1141 1749 1186 1796 oo

41 1837 171 1929 pitin,
195 1836 253 1907 rel
274 1835 318 1904 ad
342 1856 444 1926 quam
467 1833 688 1900 obtinendam
712 1832 853 1902 divinae
876 1834 1013 1924 gloriae
1035 1834 1186 1926 expressio

38 1945 256 2037 dirigitur
282 1944 426 2013 Tertius
447 1964 558 2030 ergo,
584 1963 645 2029 per
668 1964 768 2033 quem
792 1943 962 2034 primario
978 1952 1033 2013 est
1056 1945 1184 2036 cognitio

38 2054 193 2147 glniu,
216 2062 271 2125 est
291 2051 481 2122 distinctus
498 2071 520 2116 a
535 2049 629 2117 Filio
645 2056 822 2140 tamquam
840 2051 884 2118 ab
898 2055 1116 2142 expressione
1130 2053 1185 2143 glo

38 2164 125 2235 fite.
148 2172 186 2234 et
206 2171 261 2232 cst
283 2159 472 2230 distinctus
494 2157 599 2225 etiam
622 2178 644 2223 a
666 2158 783 2227 Patre.
813 2187 830 2222 a
847 2159 937 2226 Nam
969 2161 1086 2230 Filius
1106 2168 1185 2229 natu·

39 2270 108 2344 nli
127 2270 248 2342 ordine
269 2266 445 2360 praecedit
467 2288 556 2349 eum,
574 2288 636 2354 per
658 2287 758 2356 quem
781 2267 950 2356 primario
974 2269 1040 2338 fiat
1056 2269 1184 2360 cognitio

38 2378 327 2472 divinugloriae
342 2373 566 2443 adamussim
591 2380 885 2462 repraesentatae;
903 2378 1006 2468 atqui
1030 2379 1130 2447 Pater
1142 2376 1183 2445 lli·

40 2490 127 2562 lin·
149 2489 262 2582 ipsum
285 2482 442 2555 naturali
465 2480 585 2549 ordine
600 2481 853 2571 praevertitur3
872 2484 984 2553 multo
1000 2489 1183 2577 magisergo

40 2600 146 2673 hus
168 2594 323 2668 naturali
347 2592 468 2662 ordine
492 2591 666 2658 antecedit
688 2613 792 2676 eum,
819 2616 881 2683 per
912 2616 1014 2686 quem
1038 2595 1182 2686 primario

40 2710 104 2783 fiat
127 2703 326 2777 huiuamodi
349 2699 514 2790 cognitio.
537 2724 553 2758 r
578 2698 674 2787 Ergo
696 2698 826 2767 tertius
849 2699 907 2769 hic
940 2702 1126 2772 distinctus
1145 2709 1183 2771 est

39 2820 146 2893 tertia
169 2834 314 2910 perenm
337 2807 503 2900 primario
519 2829 728 2896 cognoscens
744 2808 1061 2879 manifestationem
1074 2812 1181 2902 glorie

41 2935 170 3005 tectam
193 2925 229 2994 in
252 2917 404 2991 secunda
433 2937 591 3006 persona.
628 2914 737 2983 Haeo·
752 2937 899 3004 persona
921 2919 1031 2986 tertia
1053 2917 1182 3010 procedit

39 3066 61 3113 ι
84 3039 195 3131 urimo
217 3041 253 3104 et
275 3027 438 3112 secundm
463 3047 543 3093 nam
569 3025 707 3094 «tertia
722 3048 869 3116 persona
885 3026 970 3096 haec
986 3030 1143 3117 provenit
1153 3027 1182 3093 ab

39 3144 217 3239 erigentia
238 3163 278 3210 ac
301 3133 457 3206 naturali
481 3133 710 3217 necessitate,
737 3141 778 3201 ut
807 3133 895 3201 insit
917 3135 954 3202 in
978 3136 1051 3204 Deo
1080 3136 1182 3205 tertius

40 3255 191 3357 qnidam.
216 3250 277 3345 qui
300 3248 477 3316 reseratur
492 3242 536 3309 ad
561 3241 839 3331 agnoscendum,
866 3242 1004 3333 qualem
1036 3267 1071 3313 ee
1100 3245 1182 3312 Pater

40 3375 274 3463 quantumque
298 3352 517 3447 praestiterit
540 3351 576 3417 in
602 3351 812 3418 subsistente
835 3351 952 3439 gloria
975 3373 1041 3420 sua
1065 3352 1090 3421 i.
1112 3349 1182 3422 aiu

40 3473 134 3549 h'tio
155 3462 373 3561 puduccndo
388 3487 419 3544 a,
443 3481 527 3547 ergo
551 3457 664 3548 prima
695 3463 731 3526 et
762 3458 913 3526 secunda
948 3481 1096 3548 persona
1123 3459 1184 3527 suut

40 3579 274 3679 vinciuinci.
303 3593 397 3639 arur
419 3569 468 3637 sit
484 3567 592 3634 tertia
614 3587 806 3656 persona.»
832 3565 899 3633 Est
921 3589 1008 3656 ergo
1032 3568 1115 3638 haec
1134 3573 1184 3634 ter·

39 3696 91 3767 rie
115 3706 259 3781 gersom
283 3681 440 3772 Spiritus
463 3676 636 3757 Sanctus,
663 3675 721 3765 qui
748 3674 862 3739 omnia
885 3683 1072 3744 scrutatur
1100 3675 1186 3745 otiam

40 3797 213 3901 wiltrude
237 3793 300 3863 llei
328 3790 422 3857 llaec
445 3796 479 3853 et
504 3784 560 3851 his
583 3784 720 3873 gemina
745 3782 848 3871 plura
870 3782 919 3849 ibi
936 3784 961 3850 l.
982 3783 1031 3850 V.

109 3898 421 3979 ltere-anstrntionis
445 3895 543 3962 nulla
567 3903 622 3962 est
646 3893 789 3977 umbra3
815 3898 852 3959 et
875 3913 963 3982 quae
987 3894 1030 3962 de
1063 3911 1189 3986 persora

39 4012 243 4119 gemmetici
258 4007 368 4080 tertia
381 4003 561 4084 dicuntur,
578 3998 770 4087 theologice
788 3997 879 4065 salsa
896 4004 991 4068 sunt.
1011 4000 1132 4070 Gloria
1142 3996 1192 4069 Dei

40 4126 230 4205 intrinseca
252 4130 305 4188 ost
331 4115 406 4206 ipsa
428 4109 568 4179 infinita
592 4107 658 4175 sibi
683 4107 856 4175 sufficiens
886 4108 1099 4179 excellentia
1120 4102 1194 4178 divi·

39 4263 105 4317 m
127 4229 326 4308 oetentiae,
352 4221 457 4292 huius
480 4217 613 4310 gloriae
636 4215 874 4285 manifestatio
897 4215 941 4285 ad
959 4217 1057 4287 intra
1073 4219 1195 4308 (saltem

41 4362 216 4451 quatenus
238 4334 373 4410 untione
396 4326 641 4422 cognoscibilis
663 4329 731 4412 est)
754 4332 809 4394 est
831 4326 973 4395 infinita
989 4329 1196 4420 comprehen-

40 4462 96 4539 do
117 4451 224 4529 taius
244 4444 405 4520 inlicitas
425 4435 651 4511 excellentiae
665 4457 728 4526 par
743 4433 903 4504 divinum
925 4434 1156 4522 intellectum,
1168 4440 1198 4505 et
