3172 4950
638 306 758 376 -'223
779 347 817 362 -

186 419 297 505 initu,
322 425 362 489 et
383 419 502 490 Filius
526 420 562 489 in
584 421 690 489 Patre
713 428 748 491 et
771 421 889 491 eodem
914 422 1065 514 Spiritu,
1080 427 1117 493 et
1132 422 1221 507 idem
1236 423 1312 515 Spi-

186 528 290 597 usin
315 526 421 596 Patra
444 526 618 615 etFilio;
653 528 737 622 quia
767 529 931 599 memoria
960 552 1113 600 summae
1143 532 1314 601 essentiae

186 644 273 705 rtrss
297 635 365 703 alii
386 636 591 725 praesertim
615 636 733 725 graeci
757 636 880 706 dicunt
903 643 1063 723 mentem,
1088 637 1314 728 Augustinus

190 744 320 813 deinde
345 744 556 813 Scholastici
574 767 641 812 non
661 766 741 813 raro
764 747 977 832 memoriam)
1002 752 1078 815 tota
1101 753 1155 815 est
1178 746 1313 815 ineius

187 851 380 942 elligeutia
402 858 440 920 et
462 874 599 937 amore,
625 858 662 921 et
675 852 924 947 'intelligentia
952 855 989 923 in
1020 854 1185 923 memoria
1216 860 1253 923 et
1275 855 1312 923 in

188 981 263 1042 ore,
282 964 321 1027 et
336 980 432 1027 amor
447 959 485 1027 in
502 959 665 1028 memoria
676 966 713 1028 et
725 958 993 1051 intelligentias
1012 961 1186 1051 Monolcg.
1205 984 1235 1030 c.
1254 962 1309 1029 57.

187 1066 322 1135 rtinent
344 1065 413 1135 huc
437 1088 552 1135 omnes
574 1066 658 1135 illae
681 1068 826 1136 Petrum
843 1067 1136 1148 considerationes
1152 1068 1313 1159 superius

187 1174 280 1242 nobis
304 1173 524 1264 descriptae,
550 1174 677 1266 quibus
702 1175 855 1244 Verbum
879 1182 915 1245 at
948 1176 1120 1267 Spiritum
1146 1177 1313 1246 Sanctum

187 1283 308 1351 bibent
329 1287 373 1350 ut
395 1281 611 1372 Sapientiam
636 1290 672 1352 et
695 1283 874 1353 Virtutem
896 1285 1017 1353 Patris
1040 1285 1310 1369 subsistentem,

187 1414 198 1458 r
221 1410 328 1482 quam
350 1394 387 1459 et
409 1389 445 1457 in
469 1411 537 1482 qua
559 1389 656 1460 Dens
678 1392 723 1461 ad
745 1398 846 1460 extra
862 1397 1040 1482 operatur.

201 1495 260 1565 Ex
275 1496 448 1582 omuibus,
466 1519 554 1588 quaa
570 1496 740 1567 hactenns
756 1520 799 1567 ex
816 1498 879 1568 SS.
895 1499 1063 1568 Patribus
1086 1498 1198 1568 allata
1216 1504 1310 1585 sunt,

187 1590 283 1675 letur
307 1604 395 1673 mihi
417 1627 486 1672 non
510 1606 682 1676 immerito
706 1606 885 1676 observari
908 1629 1020 1697 posse,
1046 1606 1137 1698 quod
1161 1607 1192 1675 si
1215 1629 1312 1695 prae·

187 1720 411 1805 respectatur
433 1715 553 1782 unitas
575 1715 768 1800 essentiae,
799 1717 892 1785 forta
921 1716 1045 1785 melius
1076 1714 1215 1785 dicetur
1247 1717 1312 1782 oir-

187 1824 354 1889 uinseerio
378 1843 440 1890 seu
470 1821 696 1891 immanentis
727 1830 851 1893 mutua
882 1846 1133 1915 personarum
1168 1825 1199 1892 si
1231 1845 1312 1892 vero

187 1934 316 1997 sotatur·
338 1927 511 2019 processio
533 1929 578 1998 ad
601 1930 696 2000 intra
719 1938 756 2000 et
777 1931 878 2000 velut
899 1940 999 2001 actus
1024 1931 1146 2002 vitalis
1170 1930 1312 2000 divinus

189 2035 351 2120 tionalis,
375 2059 448 2106 rem
471 2036 609 2126 plenius
631 2037 862 2127 exprimamus
894 2037 1102 2128 appellando
1134 2039 1312 2105 circumin-

188 2146 317 2210 rrr’nnem
340 2166 402 2212 seu
424 2145 677 2213 immaationem
694 2153 861 2216 mut-uam.
877 2146 957 2216 Huc
972 2147 1077 2215 etiam
1094 2147 1244 2215 fortasse
1259 2168 1312 2215 re·

188 2251 230 2319 rri
250 2258 365 2343 potest
387 2252 509 2321 modus
533 2252 803 2342 adsignificaudi
826 2260 943 2323 actum
966 2254 1196 2344 processionis
1209 2278 1314 2344 penes

188 2359 357 2429 ‚loannem
382 2360 427 2445 (I.
443 2360 528 2446 18.)‚
555 2360 614 2429 ubi
636 2382 759 2451 graeca
783 2360 916 2430 dicitur
943 2361 1180 2449 «unigenitus
1194 2359 1311 2430 Filius

188 2491 219 2537 sa
229 2470 264 2534 in
280 2471 393 2536 sinum
406 2469 556 2536 Patr-ian
577 2470 615 2540 ἐις
641 2491 689 2533 τον
710 2466 821 2534 solmon
835 2490 885 2533 roa
902 2491 1023 2560 πατρος.
1038 2468 1138 2537 Unde
1154 2467 1312 2558 Cyrillua

188 2574 244 2643 lex.
267 2583 340 2643 tam
363 2576 401 2643 in
424 2576 554 2666 dialog.
568 2576 617 2644 II.
634 2596 736 2667 quam
760 2575 796 2643 in
820 2575 870 2645 Io.
887 2576 927 2644 ll.
943 2600 992 2646 cc.
1013 2576 1167 2645 studiose
1194 2581 1314 2645 servat

188 2706 316 2752 ‚sarsum
333 2683 470 2753 modum
492 2683 657 2776 loquendi
674 2683 845 2753 demente
861 2683 1072 2773 producente
1088 2704 1175 2774 quae
1197 2689 1252 2751 est
1274 2686 1313 2749 in
1426 2764 1430 2769 .

188 2792 327 2858 nVerbo
356 2786 398 2879 (ἐν
425 2786 532 2883 λογῳ),
557 2792 657 2862 etde
681 2793 795 2861 Verbo
829 2793 1034 2882 procedente
1064 2790 1154 2884 quod
1187 2797 1242 2860 est
1274 2794 1312 2858 in

188 2914 280 2967 antem
305 2893 360 2991 (ἑις
379 2898 474 2987 near).

213 3006 309 3091 Quod
325 3008 375 3079 3¹⁸.
396 3009 433 3078 S.
451 3009 601 3078 'l'bomaa
618 3009 650 3077 1.
667 3035 699 3101 q.
718 3009 774 3077 42.
796 3030 828 3076 a.
845 3009 878 3076 ὅ.
892 3015 1031 3098 praeter
1049 3009 1220 3099 originem
1236 3032 1311 3098 per·

189 3137 245 3185 nae
266 3138 288 3183 a
309 3138 457 3207 persona
480 3116 673 3206 distinguit
688 3116 890 3183 relationem
907 3116 1006 3185 velut
1022 3116 1128 3185 aliam
1144 3117 1313 3185 rationem

189 3224 500 3310 rcumincessionis,
526 3225 591 3293 aub
614 3223 679 3293 bac
702 3225 839 3293 ratione
862 3224 981 3314 potins
997 3224 1107 3314 topice
1129 3246 1231 3316 quam
1256 3249 1312 3290 on-

189 3330 287 3423 lopice
309 3332 508 3402 considerat
531 3331 904 3414 circumincessicnem,
934 3332 1059 3425 «quod
1083 3355 1191 3401 unum
1214 3354 1314 3422 oppo-

189 3442 288 3509 lcrum
310 3439 460 3511 relative
483 3445 538 3508 est
561 3439 599 3506 iu
622 3438 734 3507 altero
758 3438 935 3504 secundnm
967 3440 1189 3507 intellectum.
1209 3467 1226 3499 n
1252 3438 1313 3508 Vi·

189 3546 269 3618 licet
290 3571 398 3617 unum
422 3546 612 3616 relativum
636 3569 666 3615 e.
686 3571 721 3634 g.
750 3547 857 3614 Pater
886 3546 1045 3636 intelligi
1075 3569 1142 3615 nou
1176 3552 1310 3636 potest,

189 3654 229 3723 liu
249 3654 354 3724 simul
377 3653 605 3744 intelligatur
628 3652 779 3721 altarum
803 3652 1052 3721 correlativum
1075 3653 1206 3734 Fit-stan
1230 3657 1315 3721 sunt
1428 3724 1431 3729 ,
1547 3636 1551 3643 ’

189 3758 234 3829 im
255 3760 485 3831 adinvicem.
506 3754 609 3827 Hunc
633 3758 769 3827 modum
795 3780 895 3848 saepe
917 3757 1077 3827 indicant
1099 3759 1247 3843 Patres,
1274 3764 1314 3827 ut
1403 3780 1419 3803 ⁰

202 3868 353 3938 Buailins
376 3867 414 3936 in
438 3866 550 3936 citata
572 3865 722 3956 epistola
739 3866 793 3935 38.
820 3873 857 3935 et
879 3866 1156 3957 praeclarissima
1180 3866 1217 3936 S.
1232 3866 1313 3937 Dio·

189 3976 266 4047 sins
285 3976 391 4047 Alex.
406 3997 509 4066 penes
530 3975 782 4044 Damascenurn
807 3975 943 4065 (Eclog.
959 3999 989 4044 c.
1006 3975 1068 4060 l.):
1098 3975 1314 4043 «Nominum

192 4106 280 4154 orum
302 4084 484 4177 quodlibet
506 4084 738 4173 inseparabile
755 4089 820 4169 est,
840 4105 939 4152 neca
954 4083 1111 4172 proximo
1128 4082 1241 4152 dividi
1256 4106 1314 4173 po·

189 4198 226 4263 n:
249 4194 390 4262 Patrem
414 4191 512 4277 dixi,
538 4200 575 4261 et
596 4191 802 4283 priusquam
824 4189 956 4259 Filium
987 4190 1188 4273 subiiciam,
1222 4191 1314 4259 hunc

204 4298 305 4371 Patre
328 4299 550 4390 significavi;
575 4299 708 4389 Filium
724 4298 867 4383 subieci,
883 4304 919 4366 et
934 4297 1071 4367 etiamsi
1088 4299 1226 4367 Patrem
1245 4319 1313 4365 non

190 4411 226 4477 its
244 4408 486 4492 nominassem,
507 4429 652 4497 prorsus
675 4414 790 4476 tamen
814 4406 852 4474 in
875 4405 969 4475 Filio
993 4405 1062 4473 iam
1090 4426 1314 4496 praeconcep-
