3172 4950
670 367 707 384 -
729 335 790 399 507
810 371 848 389 ..

202 464 255 512 aas
272 439 496 512 attestatione
519 440 760 534 confirmatur;
776 447 807 516 si
830 449 909 541 quis
931 453 1021 521 enim
1043 452 1214 543 Spiritum
1235 456 1335 527 chri-

202 553 236 621 sti
250 576 314 621 non
336 551 463 637 habet,
489 552 547 622 hic
569 575 637 622 non
660 561 714 623 est
735 556 823 625 eius:
836 558 951 647 igitur
974 559 1129 652 Spiritus
1151 589 1193 635 ex
1214 569 1336 642 Decet

200 659 247 730 lici
265 660 419 751 Spiritus
434 666 513 728 esta
532 661 639 752 Greg.
653 663 762 752 Nysa.
776 686 886 734 sermo
897 666 966 735 HI.
983 669 1020 736 in
1036 692 1085 739 or.
1105 671 1232 745 domin.
1255 677 1335 747 «Si-

200 775 243 836 out
258 769 418 859 proprius
440 775 494 838 est
513 768 602 838 Filii
624 770 801 860 Spiritus,
827 774 1037 845 naturaliter
1058 783 1095 847 ct
1117 780 1153 847 in
1176 781 1336 872 ipsocxi·

199 881 270 944 stom
291 882 327 945 et
348 899 410 967 per
432 877 545 965 ipsum
567 880 776 967 procedens,
800 880 854 959 ita
876 888 912 950 et
928 884 1071 954 Patris»
1090 886 1218 978 Cyrill.
1229 890 1267 960 in
1281 894 1333 964 Io.

197 1004 220 1071 p.
231 984 299 1053 910.
314 990 383 1054 sto.
400 987 508 1054 Porro
531 991 574 1055 ut
596 987 831 1074 convincant,
857 991 994 1058 modum
1008 996 1237 1081 processionis
1260 1022 1336 1070 esse

193 1092 588 1181 percommunicationcm
601 1100 747 1164 naturae
762 1117 830 1162 non
845 1119 906 1186 per
918 1099 1136 1187 creationem,
1154 1113 1337 1178 assumunt

191 1208 312 1289 practer
333 1202 584 1294 processionem
606 1202 762 1292 Spiritus
785 1225 806 1269 a
827 1203 921 1273 Filio
943 1205 1153 1296 principium
1186 1210 1282 1282 aliud
1305 1190 1336 1283 a

190 1304 401 1379 Samiarianis
424 1331 642 1394 concessum,
668 1310 758 1401 quod
780 1310 896 1380 Filius
918 1313 1076 1402 procedit
1096 1336 1118 1382 a
1140 1317 1244 1387 Patre
1266 1344 1335 1391 non

189 1436 236 1505 par
256 1420 475 1503 creationem,
499 1419 558 1488 scd
582 1425 624 1489 ut
644 1419 739 1489 Deus
762 1419 804 1488 da
818 1420 901 1488 Deo.
916 1421 990 1491 Hoc
1012 1422 1124 1512 posito
1147 1425 1335 1497 ostendunt

189 1547 216 1597 *x
237 1527 445 1618 Scriptnris,
463 1526 616 1595 ordinem
632 1524 787 1616 Spiritus
803 1526 847 1595 ad
868 1527 1000 1596 Filium
1023 1552 1097 1598 esse
1119 1531 1262 1600 eundem
1274 1533 1335 1625 qui

189 1642 227 1705 at
246 1635 336 1703 Filii
360 1634 404 1702 ad
426 1634 588 1718 Patrem,
614 1639 650 1702 st
675 1633 818 1722 proinde
848 1637 1097 1725 processionem
1128 1638 1283 1728 Spiritus
1313 1662 1335 1709 a

189 1740 265 1811 lilio
286 1763 361 1809 essa
383 1762 445 1832 per
468 1741 808 1810 communicationem
829 1745 987 1811 naturae:
1013 1743 1045 1812 si
1067 1766 1150 1834 ergo
1172 1746 1334 1817 advorss·

189 1846 217 1916 ii
240 1847 451 1916 confitentur
473 1868 554 1914 vere
569 1845 701 1914 Filium
715 1869 788 1915 esse
803 1847 925 1933 Deum,
938 1848 1049 1918 Deum
1071 1850 1177 1920 etiam
1200 1852 1334 1922 fatean-

189 1976 233 2023 nr
255 1952 429 2044 Spiritum
453 1952 629 2021 Sanctum.
640 1952 698 2021 Ita
720 1952 893 2022 Athamas.
909 1976 962 2044 ep.
977 1953 1008 2022 Ι.
1026 1955 1070 2024 ad
1083 1956 1203 2048 Serap.
1221 1964 1257 2028 st
1268 1959 1334 2027 Ba·

188 2060 274 2130 ilius
285 2061 312 2129 l.
329 2061 374 2128 V.
390 2065 501 2129 contr.
519 2060 666 2129 Eunom.
681 2059 731 2146 (1)
755 2065 791 2129 st
813 2059 911 2129 alibi.

235 2168 281 2236 In
303 2173 377 2236 toto
400 2168 464 2237 hoc
487 2166 692 2257 disputandi
714 2167 812 2236 modo
834 2168 1000 2237 Patribus
1014 2169 1158 2241 solemni
1175 2172 1243 2241 duo
1259 2174 1334 2244 ani·

188 2275 421 2345 iadvsrtanda
443 2280 527 2344 sunt
555 2275 702 2345 maxime
725 2283 936 2367 opportuna,
963 2277 994 2347 si
1026 2278 1109 2370 quid
1139 2278 1334 2349 schismati-

188 2404 291 2453 orum
314 2381 454 2472 ingenio
478 2381 746 2451 intolerabiliter
770 2382 957 2473 sophistico
972 2386 1101 2454 mederi
1112 2390 1240 2475 posset.
1258 2385 1334 2456 Pri·

188 2514 263 2561 rnm
287 2488 376 2581 qnod
400 2488 567 2558 haeretici
590 2495 789 2579 supponunt
803 2495 838 2558 et
852 2490 974 2561 Patres
988 2497 1170 2561 assumunt
1184 2498 1226 2561 ut
1238 2491 1334 2581 prin·

188 2600 303 2694 ipium
326 2620 501 2670 commune
524 2603 713 2667 etcertum
742 2619 845 2688 penes
875 2620 990 2667 omncs
1012 2598 1250 2687 Christianos,
1280 2606 1335 2670 cst

188 2706 345 2778 rocassio
362 2728 529 2795 personas
551 2705 704 2794 Spiritus
727 2705 847 2772 Sancti
869 2726 890 2772 a
911 2704 1017 2790 Filio,
1043 2707 1079 2774 h.
1094 2728 1124 2775 e.
1143 2706 1234 2799 qnod
1256 2705 1335 2796 ipsa

188 2834 318 2885 anona
341 2812 496 2903 Spiritus
519 2833 540 2879 a
561 2810 655 2895 Filio
677 2810 897 2880 existentiam
920 2818 957 2880 et
978 2835 1052 2882 essa
1064 2812 1179 2900 habat;
1194 2835 1262 2881 non
1273 2834 1333 2881 an·

187 2946 240 2993 sm
262 2922 386 3012 agitur
408 2921 450 2990 dc
472 2921 591 3005 donis,
616 2920 658 2987 dc
681 2919 867 3005 missione,
893 2921 935 2989 dc
965 2920 1147 2990 effectibus
1177 2919 1334 3011 Spiritus

187 3029 295 3099 uncti
316 3028 361 3097 ad
385 3032 508 3113 extra,
534 3049 621 3120 qnae
644 3027 807 3097 dicantur
829 3050 903 3097 essa
925 3027 1030 3096 etism
1052 3050 1074 3094 a
1096 3027 1200 3096 Filio.
1215 3028 1334 3119 Neque

187 3136 306 3207 dcitur
326 3136 498 3228 processio
520 3135 625 3204 stiam
648 3155 670 3202 a
690 3134 784 3203 Filio
806 3135 864 3205 vel
886 3158 928 3203 ex
952 3135 1148 3204 substantia
1177 3134 1265 3203 Filii
1295 3156 1333 3203 co

187 3243 285 3313 olum
314 3264 441 3327 sensu,
467 3241 557 3333 qnod
582 3245 649 3328 (nt
671 3239 886 3311 schismatici
909 3242 1157 3310 absurdissime
1188 3242 1334 3327 dicunt)

187 3350 328 3443 ipiritus
351 3354 405 3419 est
424 3349 519 3417 Filio
542 3347 867 3435 consubstantialis3
886 3348 976 3419 hanc
999 3349 1089 3419 enim
1112 3352 1334 3418 consubstan-

186 3457 362 3526 ialitatem
385 3454 688 3525 Pnsumstomachi
710 3461 863 3545 negant,
888 3456 1062 3526 Catholici
1091 3479 1173 3526 vsro
1192 3479 1234 3526 cx
1256 3478 1334 3545 pro·

187 3564 326 3634 essione
348 3562 575 3631 substantiali
597 3567 772 3653 tamquam
795 3585 837 3630 cx
859 3561 996 3630 ratione
1019 3568 1056 3631 st
1070 3583 1176 3631 causa
1191 3560 1334 3630 consub-

187 3667 446 3739 tantislitatem
468 3667 717 3751 demonstrant,
735 3668 851 3738 codem
863 3668 961 3737 modo
977 3691 1043 3759 quo
1058 3690 1099 3736 ex
1112 3666 1334 3757 generations

186 3775 258 3846 lilii
280 3775 519 3846 demonstrant
540 3799 617 3845 cum
634 3798 708 3845 esse
723 3774 867 3862 ὀμοουσιον
879 3775 988 3845 Patri.
1003 3774 1166 3844 Alterum
1181 3773 1333 3845 animad-

221 3971 267 4046 (1)
284 3974 329 4028 Ex
347 3973 400 4027 hoc
418 3971 498 4026 modo
511 3971 730 4038 argumentandi
750 3974 842 4040 aliqui
861 3973 893 4026 in
913 3971 1030 4027 dubium
1048 3988 1149 4028 vocars
1167 3974 1331 4044 volucrunt,

187 4068 269 4119 mm
288 4062 343 4116 duo
361 4063 432 4116 libri
450 4063 585 4129 postremi
603 4063 654 4115 1v.
666 4066 695 4115 at
713 4064 746 4118 V.
762 4067 862 4116 contra
874 4063 993 4116 Eunom.
1011 4063 1072 4115 sint
1096 4064 1215 4128 genuini
1241 4064 1334 4118 tostus

186 4152 334 4208 bulliat
351 4153 485 4205 Marsnus
504 4154 580 4205 rscts
598 4154 711 4219 mouet,
731 4153 783 4206 hac
801 4151 969 4220 disputandi
982 4153 1095 4205 rationo
1108 4167 1164 4206 non
1178 4152 1257 4207 aliud
1271 4168 1335 4206 con·

186 4242 269 4309 inci,
290 4256 374 4309 quarn
393 4241 467 4309 quod
486 4241 613 4295 Basilius
631 4242 683 4294 hos
702 4243 791 4295 libros
811 4241 924 4295 addidit
936 4241 1102 4309 appendicis
1119 4242 1222 4309 instar,
1235 4241 1336 4308 inqua

188 4334 287 4384 taeter
299 4331 467 4383 Eunomiurn
486 4329 695 4382 invalescentes
709 4333 776 4383 tunc
787 4330 1054 4385 Pnsumstomachos
1067 4329 1255 4384 Samiarisnoa
1265 4342 1333 4397 praa

185 4421 262 4475 culis
278 4418 383 4473 habult
399 4415 482 4490 (opp.
496 4418 525 4472 S.
538 4418 643 4472 Basilii
656 4417 797 4472 r.111.in
807 4419 877 4473 Vita
889 4435 913 4473 c.
922 4418 968 4472 43.
980 4434 1009 4473 n.
1023 4415 1072 4490 7.).
