3172 4950
638 368 675 383 -
697 338 758 397 229
779 366 816 381 -

184 461 208 507 a
232 440 468 511 distinetione
490 439 638 510 dicimus
661 441 752 510 idem
774 440 963 509 immanens
980 439 1047 509 sibi
1070 439 1163 529 ipsi3
1190 440 1315 509 forma-

184 571 218 617 sr
243 570 334 618 vero
357 548 395 617 in
419 548 476 617 his
498 549 669 619 absolutis
696 573 757 641 per
789 552 1046 616 immerentium
1076 547 1316 638 significamus

184 679 234 728 tm
259 656 530 726 inexistentiam
560 656 746 746 (analogia
775 679 818 726 ex
847 656 1040 726 adtributis
1073 662 1313 725 ereaturarum

184 770 352 856 sumpta),
379 764 527 858 quaein
551 765 700 834 Dsoest
729 763 897 834 identitas
918 764 1092 857 ‚attributi
1125 788 1202 834 eum
1229 764 1318 833 Esse

184 874 260 942 dno
285 895 351 942 seu
375 896 451 942 oum
475 872 599 943 divina
621 874 784 943 essentia.

196 981 290 1050 Alio
316 980 441 1068 modo,
462 981 522 1073 qui
545 981 684 1072 proprie
707 981 752 1050 ad
783 1003 854 1050 rem
886 988 1101 1072 praesentem
1136 983 1313 1074 pertinet,

184 1089 353 1159 rataudae
376 1072 460 1157 sunt
482 1111 648 1179 personae
671 1089 839 1174 divinae,
872 1111 959 1181 quse
990 1090 1135 1160 realiter
1164 1090 1316 1159 identifi-

184 1203 265 1267 rtur
290 1196 432 1289 quidem
456 1220 534 1266 oum
550 1196 674 1267 divina
696 1197 848 1266 essentia
870 1202 905 1265 et
936 1196 1081 1286 proinde
1105 1219 1183 1267 eum
1214 1197 1316 1266 attri-

184 1304 233 1375 tis
258 1303 459 1391 absolutis,
484 1305 544 1374 sed
567 1306 661 1374 inter
684 1327 720 1375 se
743 1303 894 1374 invicem
918 1303 1062 1372 realiter
1092 1303 1317 1393 distinguun-

185 1438 207 1482 r.
226 1412 335 1483 Unde
359 1436 437 1483 oum
461 1435 531 1483 una
545 1435 693 1504 persona
708 1412 839 1482 dieitur
857 1412 1043 1482 immanere
1060 1410 1117 1481 vel
1130 1412 1319 1480 inexistere

185 1523 269 1607 eri,
297 1522 508 1613 supponitur
523 1545 591 1590 non
608 1522 678 1590 iam
694 1521 877 1591 distinctio
893 1520 1044 1592 rationis
1060 1521 1119 1590 sed
1137 1519 1318 1589 distinctio

185 1631 272 1711 dis,
299 1637 336 1700 et
360 1637 545 1721 propterea
567 1630 639 1699 alio
661 1653 765 1700 sensu
788 1635 824 1698 et
847 1629 960 1720 magis
986 1629 1125 1720 proprie
1152 1650 1318 1719 personae

185 1741 207 1808 ri
230 1739 387 1810 invicem
411 1761 514 1832 quam
536 1739 713 1809 attributa
736 1739 905 1809 essentiae
920 1737 978 1806 vel
1004 1737 1072 1806 sibi
1090 1736 1240 1806 invicem
1264 1736 1317 1805 in·

185 1849 293 1918 istere
310 1846 549 1936 dicuntum).
563 1846 773 1917 Formaliter
785 1869 846 1938 per
859 1846 949 1916 hane
961 1853 1117 1916 mutuam
1129 1845 1318 1914 inexisten-

185 1979 228 2023 am
250 1976 481 2045 personarum
505 1954 889 2044 significaturnoniam
902 1952 1070 2023 identitas
1092 1974 1317 2044 personarum

185 2071 236 2132 ter
248 2085 298 2148 se,
314 2070 487 2154 quatenus
510 2085 675 2153 personae
693 2071 787 2148 suut,
803 2085 879 2132 oum
895 2063 964 2132 imo
979 2061 1087 2131 realis
1103 2069 1320 2153 supponatur

186 2171 339 2258 stinetin,
351 2170 411 2240 sed
422 2169 644 2262 significatur
651 2191 888 2262 personarum,
902 2191 989 2262 quae
999 2170 1167 2240 dicuntur
1182 2168 1251 2238 sibi
1268 2170 1318 2237 in-

186 2276 306 2364 istene,
321 2277 491 2348 identitas
514 2303 591 2349 oum
607 2301 677 2348 una
693 2301 835 2348 numero
852 2279 1005 2348 essentia
1021 2284 1056 2348 et
1071 2286 1213 2369 propter
1229 2278 1319 2347 hano

186 2386 366 2455 entitatem
389 2386 647 2477 comprehensio
670 2387 777 2456 unius
800 2409 966 2478 personae
991 2387 1028 2455 in
1051 2385 1134 2454 alia.
1156 2385 1195 2453 si
1218 2384 1316 2454 volu-

186 2514 222 2563 as
243 2493 383 2563 modum
406 2493 646 2564 distinotionis
669 2500 705 2565 et
728 2494 927 2564 identitatis
959 2494 1158 2586 expressius
1182 2491 1318 2582 signifi·

186 2623 248 2687 re,
272 2624 457 2695 possumus
484 2602 621 2674 dicare:
648 2626 813 2696 personae
841 2604 909 2673 sibi
940 2613 1060 2672 mutuo
1093 2603 1319 2671 immanentes

186 2716 241 2796 mt,
256 2718 429 2804 quatenus
446 2733 516 2780 una
531 2711 575 2780 ab
590 2710 704 2780 altera
719 2711 878 2803 procedit
887 2711 933 2777 od
947 2715 1056 2794 intro,
1071 2710 1107 2778 h.
1123 2733 1152 2779 e.
1171 2709 1208 2778 in
1224 2710 1318 2778 iden-

186 2824 251 2888 tate
267 2818 373 2888 unius
395 2840 538 2889 numero
561 2820 743 2889 essentiae.
760 2819 861 2889 Siout
876 2841 960 2909 ergo
976 2819 1202 2888 immanentis
1216 2816 1318 2886 attri-

187 2932 334 3013 rtorum,
362 2948 450 3020 quae
473 2928 609 2997 ratione
633 2927 915 3019 distinguuntur,
942 2933 996 2998 est
1018 2927 1201 2997 eorundem
1215 2925 1320 2996 realis

187 3034 314 3104 entitas
337 3058 416 3105 oum
439 3036 615 3121 essentia,
642 3035 693 3105 its
716 3035 774 3106 hia
798 3038 1065 3104 circuminsersio
1090 3052 1138 3104 ert
1157 3059 1319 3127 perrora-

187 3165 224 3208 ιιι
249 3143 296 3210 ad
326 3145 424 3210 intro
448 3142 702 3234 procedentium
728 3159 760 3212 et
782 3145 925 3212 realiter
953 3143 1196 3211 distinctarum
1219 3146 1320 3211 arsiae

187 3251 323 3318 raltero
346 3266 465 3319 mutua
488 3254 734 3344 comprehensio
760 3268 904 3343 propter
937 3252 1241 3342 identificationem
1263 3276 1316 3320 ea·

187 3381 224 3424 aar
245 3363 392 3428 omnium
415 3384 488 3428 eam
512 3386 583 3429 aaa
603 3386 738 3429 numero
768 3377 898 3428 natura
924 3385 981 3429 rea
1010 3363 1165 3431 essentia.

217 3467 335 3540 Posset
358 3469 547 3540 seeundum
570 3469 666 3540 diota
679 3469 915 3540 viderialioui
929 3469 1206 3541 oirouminsessio
1228 3469 1320 3538 nihil

187 3571 334 3647 illerrsa
368 3600 593 3669 personarum
625 3577 1005 3647 oonsubstantialitate.
1032 3576 1315 3668 Respondemus:

222 3749 263 3824 (l)
279 3752 311 3807 Si
328 3754 489 3822 quaeritur,
504 3756 599 3807 utrum
613 3754 737 3807 humana
750 3759 854 3807 natura
866 3753 976 3808 Christi
990 3754 1031 3807 sit
1043 3754 1134 3807 relate
1147 3753 1182 3806 ad
1197 3753 1320 3807 Verbum

188 3838 284 3896 listro
301 3861 338 3897 an
359 3845 397 3896 od
415 3853 502 3906 extro,
524 3843 728 3911 respondetur:
749 3846 776 3897 si
796 3850 904 3911 spectes
925 3844 1053 3898 divinam
1072 3849 1205 3898 naturam
1228 3840 1274 3916 (το
1296 3865 1319 3895 τι
1368 3906 1382 3925 l

188 3929 285 4002 *israel
304 3939 412 3989 natura
424 3935 548 3988 humana
562 3939 607 3987 est
621 3934 658 3985 ad
670 3941 757 3997 satra,
775 3937 804 3986 ot
816 3949 833 3986 a
847 3935 919 3986 solis
933 3932 1123 4000 Eutychiauis
1137 3933 1245 3987 dieitur
1258 3948 1319 3986 osse

188 4016 292 4076 listro.
322 4022 354 4077 Sl
373 4027 484 4092 spectes
503 4023 626 4077 Verbum
649 4025 829 4076 incarnatum
857 4022 1019 4076 formaliter
1038 4027 1072 4074 ut
1091 4027 1135 4075 ost
1153 4022 1320 4089 hypostasis

204 4124 226 4164 s.
244 4116 277 4165 ut
294 4116 339 4166 eat
357 4113 406 4166 hie
424 4113 533 4180 aliquis
552 4112 578 4184 (ό
601 4108 650 4181 τις)
670 4111 778 4166 habens
808 4117 940 4165 naturam
971 4115 1121 4167 humanam
1142 4115 1172 4165 et
1190 4128 1241 4179 per
1259 4128 1319 4164 eam

188 4212 235 4254 aaa
250 4201 351 4271 homo,
373 4207 480 4256 natura
497 4203 621 4256 humana
640 4205 685 4256 ost
713 4203 780 4256 huie
799 4203 972 4270 compositas
991 4203 1142 4270 hypostasi
1162 4202 1191 4255 h.
1207 4218 1232 4255 a.
1254 4202 1321 4255 haio

188 4289 241 4345 aba
257 4292 367 4347 homini
387 4293 425 4344 od
443 4294 531 4356 intra,
553 4294 622 4360 quia
640 4292 709 4346 lieet
727 4307 783 4344 nou
802 4294 963 4347 constituat
979 4294 1052 4346 hano
1071 4292 1259 4360 hypostasim,
1276 4294 1321 4342 est

188 4392 245 4435 ιιι
261 4381 309 4457 (ad
328 4383 441 4437 modum
453 4378 560 4452 partis)
579 4382 692 4450 aliquid
706 4384 792 4437 huius
806 4385 1003 4452 hypostaseos,
1017 4387 1158 4452 quatenus
1171 4382 1226 4436 illa
1238 4380 1319 4434 homo

189 4471 262 4528 aas
280 4474 328 4531 hta
346 4475 378 4529 in
397 4474 494 4530 'l'raot
508 4478 606 4530 uoatm
626 4472 659 4528 de
678 4473 889 4531 incarnatione.
