3172 4950
710 355 748 369 -
772 324 829 383 173
851 356 889 370 -

204 433 242 503 in
265 431 443 522 principio
458 437 538 500 erat
553 429 646 520 apud
661 428 785 515 Donum
805 434 841 498 et
863 430 959 498 Deus
974 434 1063 517 erct3
1086 427 1244 520 Spiritus
1268 435 1382 499 autem

208 541 280 611 uris
302 540 370 610 Dei
392 538 553 629 Spiritus
569 543 624 609 est
639 537 816 623 veritatis,
836 537 897 630 qui
914 558 936 604 a
952 537 1057 607 Patre
1073 536 1241 626 procedit.
1259 537 1383 630 Itaque

210 647 280 717 tria
303 644 492 734 intelligis,
518 644 739 715 mandantem
761 644 970 728 Dominum,
997 665 1118 713 creans
1142 643 1295 713 Verbum
1312 695 1319 730 ,
1335 651 1381 714 'et

213 755 469 825 confirmantem
488 753 666 845 Spiritum
680 780 712 821 n.
737 751 926 837 Declarat,
952 750 1009 820 his
1032 774 1100 820 uon
1122 752 1221 821 modo
1245 775 1312 822 uon
1325 776 1382 822 ex·

217 861 306 932 cludi
328 861 389 932 sed
417 864 486 931 imo
509 861 644 932 includi
668 861 840 930 unitatem
871 859 1020 929 actionis
1050 861 1088 929 in
1119 859 1234 930 tribus
1263 883 1379 952 perso-

219 971 279 1040 nis:
298 1000 314 1035 e
332 994 436 1041 nemo
449 993 502 1041 me
525 969 646 1040 credat
660 975 734 1038 tres
756 969 948 1058 originales
976 961 1119 1060 (ἁρχικας
1130 970 1155 1039 i.
1169 992 1200 1037 e.
1217 991 1286 1037 non
1305 991 1382 1060 pro·

222 1078 368 1148 cedrum
390 1077 436 1145 ab
457 1076 529 1145 alio
551 1082 728 1167 tamquam
752 1096 781 1143 a
797 1074 985 1166 principio)
1008 1077 1219 1166 hypostases
1241 1098 1379 1166 ponere,

224 1190 280 1254 aut
296 1181 384 1265 Filii
405 1181 641 1275 operationem
668 1203 742 1251 esse
773 1181 1024 1272 imperfectam.
1045 1181 1262 1272 Principium
1292 1181 1383 1251 enirn

227 1291 360 1360 annium
382 1311 472 1383 qnae
494 1295 601 1375 sunt,
627 1310 734 1358 unum
758 1293 835 1373 est,
861 1310 923 1379 per
937 1288 1071 1358 Filium
1088 1289 1236 1358 condens
1259 1295 1381 1382 etper·

228 1399 332 1471 iniens
354 1400 392 1468 in
416 1398 556 1490 Spiritu
576 1426 607 1465 n.
633 1396 793 1491 Denique
816 1396 853 1466 S.
874 1401 1000 1466 Doctor
1032 1395 1189 1487 explicat
1219 1399 1380 1484 modum,

228 1529 282 1600 quo
303 1509 396 1577 sicut
418 1526 490 1576 una
512 1511 643 1574 natura
658 1504 718 1575 ita
740 1524 812 1573 una
835 1504 991 1595 operatio
1014 1505 1123 1573 trium
1147 1503 1304 1596 intelligi
1326 1507 1383 1577 de·

228 1615 317 1701 beet,
339 1621 377 1684 et
398 1614 435 1683 iu
459 1613 547 1705 ipsis
562 1612 794 1682 relationibus
809 1611 1012 1682 intrinsecis
1029 1610 1183 1681 ostendit
1197 1613 1380 1700 rationem,

230 1744 278 1792 cur
289 1722 532 1812 dirtingnatur
547 1721 714 1790 mandans
729 1721 834 1789 Pater
850 1725 885 1790 et
901 1718 1107 1790 ministrans
1121 1719 1249 1790 Filius.
1270 1723 1382 1792 «Ver-

231 1831 314 1916 bum,
343 1829 484 1923 inquit,
513 1829 672 1920 paternis
702 1829 801 1898 bonis
823 1829 975 1921 plenum,
1001 1852 1044 1899 ex
1075 1830 1180 1899 Patre
1210 1829 1383 1919 effulgens

233 1933 283 2022 (του
299 1960 409 2030 serpae
433 1932 649 2025 ἀπολαμψας),
675 1936 790 2006 omnic
813 1937 902 2006 facit
923 1937 968 2006 ad
991 1935 1258 2007 similitudinem
1281 1937 1379 2021 eius,

232 2046 278 2136 qui
296 2045 408 2138 ipsum
432 2045 567 2136 gennit.
595 2045 684 2113 Nam
708 2044 738 2112 si
768 2044 920 2114 essentia
948 2044 1041 2114 nihil
1064 2043 1185 2114 differt
1207 2065 1229 2112 a
1250 2044 1379 2128 Patre,

232 2154 398 2224 metium
420 2154 579 2245 potentia
601 2152 734 2223 differt.
754 2152 910 2236 Quorum
933 2159 1049 2222 autem
1072 2151 1230 2245 aequalis
1254 2158 1308 2222 est
1324 2175 1381 2243 po·

233 2261 344 2348 tutia,
369 2261 479 2332 etiam
503 2260 640 2330 omniuo
663 2260 821 2353 aequalis
843 2266 899 2329 est
921 2260 1089 2351 operatio;
1108 2259 1272 2328 Christus
1287 2260 1378 2329 enim

233 2367 281 2437 Ilei
299 2369 414 2440 virtus
433 2376 471 2439 et
484 2367 551 2438 Dei
567 2365 885 2460 sapientiamque
901 2367 954 2437 ita
969 2367 1085 2436 omnia
1101 2390 1163 2458 per
1179 2367 1293 2458 ipsum
1310 2368 1381 2436 fao·

234 2480 364 2562 urunt,
383 2480 421 2546 ct
443 2476 557 2544 omniu
580 2497 641 2565 per
664 2476 777 2565 ipsum
801 2480 836 2543 et
862 2473 900 2543 in
924 2474 1037 2565 ipsum
1059 2479 1177 2544 creata
1200 2480 1295 2559 sunt,
1312 2496 1381 2543 nou

233 2584 303 2674 quod
315 2583 583 2654 instrumentale
598 2587 637 2652 et
651 2581 781 2652 servile
796 2582 1029 2651 ministeriam
1045 2581 1196 2672 expleat,
1215 2582 1275 2651 sed
1290 2582 1381 2674 quod

182 2688 185 2759 Ξ
233 2693 385 2783 bnquam
408 2696 544 2760 creator
570 2683 810 2782 (δημιουργικως)
837 2697 1018 2781 paternam
1050 2689 1187 2782 perficit
1218 2690 1380 2760 volunta·

182 2812 185 2873 ἱ
233 2800 321 2869 lon...
344 2799 497 2870 Proinde
520 2799 610 2889 quod
633 2796 766 2867 dicitur
789 2799 1015 2883 mandatum,
1041 2820 1084 2866 ne
1107 2820 1296 2868 sermonem
1319 2798 1381 2868 im·

234 2907 381 2994 pedorum
403 2930 466 2998 per
490 2906 627 2977 vocalia
650 2927 783 2995 organa
806 2906 983 2998 prolatum
1006 2905 1249 2996 intelligamus
1264 2959 1272 2994 ,
1287 2906 1382 2978 Filio

182 3028 185 3041 ·
234 3013 310 3086 uelut
329 3016 469 3086 subdito
491 3016 810 3107 praescribentem,
837 3014 921 3108 quid
946 3015 1061 3084 fecere
1084 3014 1229 3103 debect3
1256 3015 1329 3099 sed,
1343 3029 1381 3081 nt

235 3120 316 3189 ileum
337 3123 449 3206 dccet,
475 3127 658 3213 myitemas
690 3124 881 3190 voluntatis
904 3125 1238 3191 communicationem
1251 3173 1262 3206 ,
1287 3125 1380 3190 veltet

233 3225 343 3311 formae
364 3229 541 3299 cuiusdam
565 3228 831 3297 irradiationem
855 3232 893 3295 in
916 3229 1048 3320 speculo
1081 3254 1104 3296 a
1126 3231 1235 3298 Patre
1258 3232 1296 3296 in
1319 3232 1379 3298 Fi-

237 3331 300 3402 b'un
311 3338 533 3406 aeternaliter
546 3335 805 3404 dimanantemn
825 3336 876 3423 (1)
890 3336 926 3405 S.
941 3335 1051 3406 Basll.
1067 3336 1109 3405 de
1122 3336 1260 3426 Spiritu
1274 3336 1378 3407 Sauc-

237 3443 307 3513 ton.
320 3445 374 3515 19.
391 3447 448 3514 20.
464 3444 520 3514 38.

283 3552 457 3624 Praeclare
480 3559 518 3624 et
532 3554 649 3623 eodem
672 3574 776 3622 sensu
801 3553 928 3624 Patres
951 3553 1054 3622 Conc.
1071 3552 1285 3622 Antiocheui
1304 3575 1381 3622 con·

238 3659 278 3725 tra
294 3661 435 3731 Paulum
459 3660 733 3731 Samosatanum:
755 3660 923 3729 «Filium
947 3661 1009 3754 qui
1025 3683 1156 3752 semper
1174 3684 1252 3730 cum
1274 3661 1380 3729 Patre

238 3770 292 3850 et,
312 3769 483 3839 credimus
498 3769 700 3860 implevisse
716 3768 934 3839 voluntatem
950 3773 1131 3861 paternam
1146 3768 1184 3837 iu
1201 3767 1376 3838 creatione

238 3872 375 3946 unvani.
393 3877 474 3968 Ipse
498 3878 633 3964 (Pater)
656 3877 748 3945 enim
770 3876 864 3946 dixit
882 3882 919 3947 et
941 3877 1037 3946 facta
1060 3881 1161 3962 suut;
1188 3876 1262 3967 ipse
1285 3898 1381 3946 man·

238 3975 310 4051 um
329 3991 365 4053 et
385 3991 505 4054 creata
528 3992 624 4052 sunt.
652 3983 723 4066 Qui
747 3990 863 4053 autem
895 3984 1057 4068 mandat,
1082 3983 1189 4053 alteri
1212 3985 1377 4069 mandat,

222 4105 309 4172 ‚quem
328 4094 396 4161 non
418 4092 527 4160 alium
550 4113 625 4160 esse
648 4112 852 4182 persuasum
883 4092 1051 4161 habemus
1074 4113 1185 4184 qnam*
1210 4091 1379 4182 unigeni-

237 4193 290 4261 tum
306 4198 436 4269 Filium
453 4184 525 4268 ‘Dei
544 4197 699 4267 Deum..
722 4200 849 4291 quippe
874 4201 935 4291 qui
958 4221 1041 4269 vere
1069 4203 1181 4269 estet
1204 4205 1379 4290 operatur,

287 4338 507 4415 (lberalmbae
471 4363 553 4417 ρ
554 4363 635 4406 ς
637 4365 703 4416 μ
691 4343 852 4416 ibam
854 4350 1019 4407 ortamno
1117 4342 1380 4414 τινοοςμρφηςὲψ

239 4434 533 4503 twsvtsxeseaerpp.ix
553 4454 684 4505 πατοςρε
773 4435 906 4507 ναὶχρονω
875 4440 1024 4498 νωιῖκνοςδ
996 4455 1131 4506 resumpta
