3180 4944
702 331 740 345 -
761 298 821 361 528
842 331 880 347 ..

208 405 351 490 trinam
370 404 461 497 qnod
481 403 743 474 scilicetFilius
759 404 1097 497 virtute-spiratrioe
1120 401 1365 475 communicata

210 536 233 583 a
243 514 348 583 Patre
363 511 412 582 sit
424 512 634 604 principium
655 513 813 604 Spiritus
836 513 969 600 Sancti,
988 513 1049 607 qui
1064 512 1143 583 ideo
1155 533 1179 581 a
1190 512 1296 582 Patra
1312 535 1366 603 per

208 620 341 691 Filium
357 620 533 711 procedet,
555 621 598 689 ab
621 618 710 711 ipsis
723 621 866 691 Graecis
878 620 1061 690 catholicis
1077 625 1116 688 et
1127 620 1172 688 ab
1188 618 1272 687 aliis
1282 618 1365 687 theo

209 728 302 820 logis
325 728 485 820 deinceps
500 729 773 798 demonstratum
796 734 850 797 est
872 727 968 815 (vide
992 748 1099 818 supra
1122 751 1156 817 p.
1172 725 1363 811 495.496.).

276 835 327 905 11.
343 835 456 906 Multo
482 834 595 904 adhuc
618 833 750 905 clarius
766 835 880 904 elucet
902 835 958 903 vis
984 833 1294 903 demonstrationis
1313 855 1364 924 pro

210 945 370 1034 dogmate
404 943 594 1029 catholico,
631 943 663 1012 si
698 943 961 1033 considerentur
988 947 1220 1032 argumenta,
1251 940 1362 1034 quibus

210 1050 425 1122 schismatici
452 1072 527 1118 eam
553 1049 731 1119 infirmre
753 1051 941 1137 nituntur,
967 1049 1032 1118 ills
1055 1047 1148 1118 enim
1172 1049 1289 1118 omnia
1308 1069 1360 1116 non

210 1157 322 1227 solum
343 1179 412 1226 non
434 1157 584 1249 probant
611 1156 829 1246 negationem
855 1155 1085 1247 processionis
1116 1177 1159 1224 ex
1187 1154 1293 1239 Filio,
1315 1153 1358 1221 sod

210 1265 433 1358 apertissima
466 1271 551 1334 sunt
583 1264 797 1355 sophismata
827 1265 972 1335 inventa
994 1263 1038 1332 ab
1059 1263 1284 1347 hominibus,
1313 1260 1356 1354 qni

211 1394 289 1442 cum
321 1393 420 1441 suam
443 1368 671 1440 deiectionem
694 1392 717 1438 a
738 1371 898 1441 doctrina
928 1368 1159 1464 antiquitatis
1183 1369 1289 1440 fateri
1315 1390 1355 1436 no

209 1479 291 1566 lint,
316 1479 481 1548 inanibus
504 1478 659 1548 fallaciis
681 1478 816 1549 clarum
838 1486 875 1548 et
896 1479 1123 1548 manifestum
1146 1499 1284 1547 sensum
1298 1497 1353 1547 vor·

104 1614 108 1621 ·
210 1588 332 1659 borum
359 1595 395 1657 et
421 1585 673 1657 sententiarum
696 1587 840 1657 Petrum
868 1585 1022 1658 tenebris
1040 1583 1226 1656 involvere
1253 1604 1350 1655 oonuu

211 1700 284 1764 tur.
302 1695 523 1784 Argumenta
561 1697 699 1782 omnis,
725 1717 813 1788 quae
828 1695 1033 1764 referuntur
1048 1700 1086 1762 ot
1099 1692 1311 1762 refelluntur
1321 1691 1350 1757 st

209 1803 358 1892 Hugone
371 1802 563 1873 Etheriano
576 1804 682 1895 (Bibl.
696 1804 790 1873 ldax.
805 1802 847 1872 Τ.
857 1803 977 1872 XXII.
991 1826 1026 1894 p.
1039 1801 1140 1871 1201.
1151 1803 1257 1892 sqq.);
1267 1799 1366 1902 Boo·

75 1990 83 1999 ,
210 1910 267 1997 (de
284 1932 435 2000 process.
451 1911 608 2001 Spiritus
631 1911 752 1982 Sancti
775 1934 805 1981 o.
819 1911 854 1980 4.
872 1933 962 2002 sqq.;
979 1909 1021 1978 de
1043 1908 1171 1978 unione
1188 1903 1347 1977 Ecclesin

210 2018 359 2085 Graecia
380 2017 518 2104 orthod..
533 2018 575 2089 Τ.
589 2018 621 2088 Ι.
634 2043 668 2109 p.
684 2019 761 2088 154.
779 2023 891 2110 sqq.);
908 2015 1116 2086 Bessariom
1139 2015 1197 2104 (de
1217 2033 1341 2108 procoso.

211 2121 369 2214 Spiritus
392 2124 516 2196 Sancti
537 2126 582 2195 ad
594 2125 698 2196 Alex.
712 2126 902 2211 Lesoerim,
917 2131 954 2195 et
968 2125 1006 2195 in
1022 2128 1111 2193 orat.
1126 2123 1259 2215 dogm.)
1280 2119 1344 2190 etsi

98 2274 105 2299 2
158 2317 164 2328 ι
209 2231 292 2299 aliis
316 2230 460 2302 Graecis
483 2233 603 2303 citatis
625 2255 648 2301 a
669 2233 815 2304 Petavio
837 2233 878 2322 (1.
896 2233 980 2306 VII.
998 2255 1048 2303 oc.
1062 2230 1194 2318 lii-18),
1218 2229 1262 2300 od
1282 2229 1345 2296 lene

140 2384 143 2389 -
211 2360 379 2407 summam
402 2340 560 2410 revocari
581 2347 737 2432 possunt.

279 2444 321 2512 1·.
336 2443 484 2527 Quando
506 2445 573 2516 PP.
592 2447 738 2534 docent,
764 2447 937 2540 Spiritum
960 2447 1127 2517 Sanctum
1151 2464 1226 2515 esse
1247 2464 1285 2513 ex
1298 2440 1342 2511 Pe

208 2555 264 2620 tre
289 2556 328 2621 st
348 2551 443 2622 Filio
465 2560 502 2623 et
527 2576 602 2623 esse
633 2579 675 2624 ex
699 2553 893 2642 ambobus,
919 2553 1136 2625 schismatici
1164 2553 1343 2623 alterutrim

209 2679 252 2726 ex
275 2657 410 2727 duobus
431 2661 663 2751 respondent3
689 2662 746 2730 vel
769 2683 957 2731 sermonem
980 2684 1054 2730 esse
1083 2684 1154 2735 non
1176 2662 1219 2731 de
1240 2676 1342 2752 procu·

209 2764 305 2834 sione
328 2771 470 2835 aeterna
493 2767 553 2837 sed
575 2768 617 2837 da
640 2770 801 2838 missione
829 2770 867 2838 in
889 2776 1052 2860 tempore,
1081 2768 1138 2839 vel
1167 2790 1234 2837 non
1256 2783 1341 2858 parsu

208 2893 289 2940 nam
312 2872 373 2941 sed
396 2873 486 2943 dona
513 2874 667 2965 Spiritus
690 2876 811 2946 Sancti
834 2877 905 2946 dici
928 2898 970 2944 ox
991 2877 1097 2945 Patre
1120 2881 1157 2944 et
1176 2874 1277 2943 Filio.

275 2979 319 3050 2⁸.
338 2979 510 3072 Spiritum
533 2983 700 3053 Senatum
717 2985 819 3055 ciunt
842 3005 916 3053 esse
942 2984 1182 3076 procedentem
1205 3005 1246 3050 ex
1266 2980 1342 3049 Patre

209 3090 251 3154 ut
272 3085 477 3177 hypostasi,
507 3095 547 3158 at
567 3113 635 3159 non
652 3091 723 3161 dici
741 3113 783 3159 ex
807 3090 992 3182 hypostasi
1017 3091 1078 3159 sad
1098 3112 1142 3158 ex
1172 3081 1343 3159 substantio

208 3193 297 3262 Filii
326 3190 359 3260 ἐκ
375 3217 427 3270 της
450 3191 552 3271 bocru
579 3220 630 3263 του
657 3197 738 3264 otoo:
766 3199 829 3268 hoo
851 3220 935 3270 vero
956 3221 1026 3268 non
1052 3198 1153 3268 uliud
1175 3196 1244 3266 sibi
1265 3189 1342 3270 utillo

210 3322 312 3391 quam
336 3304 426 3395 quod
458 3305 613 3396 Spiritus
644 3313 697 3377 est
722 3308 815 3377 Filio
841 3305 1167 3378 consubstantialis.
1194 3302 1288 3390 Quod
1309 3298 1345 3367 ih

209 3406 406 3499 explicant,
432 3417 474 3482 ut
499 3435 560 3504 per
585 3415 675 3485 illud
695 3439 736 3483 eor
750 3416 945 3483 substantia
960 3417 1054 3484 Filii
1069 3437 1138 3484 non
1154 3411 1346 3504 significetur

207 3516 421 3608 principium
445 3522 686 3623 processionis,
707 3524 798 3592 unde
815 3524 864 3592 sit
883 3522 1040 3613 Spiritus
1056 3522 1220 3610 Sanctns;
1234 3517 1288 3590 aad
1305 3533 1345 3584 vt

208 3622 266 3693 lnt
288 3646 394 3694 cansa
416 3627 586 3714 formalis,
613 3630 703 3722 quod
727 3620 883 3721 Spiritus
905 3630 1001 3699 Deus
1027 3636 1082 3699 est
1103 3628 1275 3698 excedam
1288 3620 1346 3695 sni

208 3731 355 3818 stantia,
380 3754 423 3801 ex
447 3755 515 3825 qus
535 3735 630 3804 Dens
654 3743 709 3806 est
730 3738 860 3806 Filius.

274 3837 325 3906 3³.
345 3837 516 3930 Spiritum
540 3842 706 3914 Sanctum
728 3869 830 3937 porro
853 3845 1028 3915 affirmant
1049 3866 1119 3913 non
1141 3843 1214 3914 dici
1234 3864 1256 3911 a
1268 3857 1346 3931 gret·

209 3943 274 4013 ciis
296 3945 363 4015 PP.
382 3944 599 4042 iaropeowhct
616 3950 808 4041 procedere,
833 3953 924 4045 quod
947 3953 1091 4022 verbum
1107 3940 1345 4041 propriesrpri·

208 4050 274 4121 mit
295 4054 503 4124 notionalem
527 4059 761 4128 characterem
785 4058 941 4150 Spiritus
957 4057 1092 4142 Sancti,
1110 4056 1170 4126 sed
1187 4054 1266 4125 aliis
1289 4069 1344 4120 ver·

208 4159 263 4230 bia
286 4160 376 4249 dici,
403 4169 563 4257 προῖεναι,
591 4162 778 4253 talepore,
807 4186 978 4258 πεφῃνεναι,
1005 4163 1210 4256 προχεισθαι,
1236 4152 1320 4241 doadi

208 4277 267 4350 ζειν
282 4272 438 4366 prodire,
451 4271 624 4362 effulpera,
643 4276 857 4363 apparuisse,
872 4270 1059 4362 profundi,
1076 4271 1245 4338 scaturire
1252 4287 1289 4334 ex
1300 4258 1342 4330 Fi·

208 4379 258 4453 lio
274 4381 332 4451 vel
347 4401 409 4473 per
425 4378 570 4451 Filium.
594 4381 689 4453 Haeo
701 4388 818 4451 autem
832 4381 958 4479 omnia,
975 4379 1153 4473 inquiunt,
1166 4375 1342 4448 dumea·
