3172 4950
445 368 451 381 ι
555 353 593 367 -
615 319 656 381 57
677 351 715 377 ⁸.-

41 426 256 497 auotoritatc
279 428 413 517 agitur,
439 447 480 495 aa
502 427 616 516 potior
632 431 725 494 certe
742 429 796 494 est
812 446 916 515 panes
933 423 970 493 S.
990 422 1220 514 Fulgentium

47 552 150 623 quam
172 556 280 625 penes
304 534 521 602 Facundum.

113 640 254 712 Maneat
268 642 388 733 itaque
400 648 543 726 certum,
562 641 631 708 iam
646 638 783 709 saeculo
799 639 867 707 III.
879 639 1036 730 viguisse
1052 639 1088 706 in
1100 638 1219 708 Eccle-

54 747 106 815 sia
126 748 297 817 Africana
320 748 502 817 lectionem
526 747 694 817 versiculi
706 748 746 831 7¹,
758 769 860 838 quam
878 747 915 815 in
930 747 1090 815 Ecclesia
1105 747 1221 819 eadem

58 874 142 923 saec.
154 856 208 925 V'.
223 863 259 925 et
274 856 435 946 deinceps
451 870 661 926 communem
678 855 787 924 fuisse
804 855 1129 923 demonstravimus.
1147 855 1222 922 Hoc

63 969 168 1033 autem
190 965 303 1055 posito
325 986 394 1032 non
418 969 631 1054 potestesse
660 963 815 1048 dubium,
842 963 927 1055 quin
950 963 1057 1031 etiam
1081 962 1221 1032 Tertul-
1301 948 1312 965 ’

65 1070 143 1141 licui
163 1080 314 1164 tempore
337 1073 435 1143 locus
458 1072 548 1142 idem
572 1073 609 1141 in
626 1073 753 1141 Africa
768 1072 841 1160 legi
858 1072 1090 1158 consueverit;
1102 1077 1138 1139 et
1154 1071 1220 1137 nisi

68 1181 261 1269 praeiudicio
285 1181 437 1250 animum
461 1180 723 1266 obfirmaverit,
750 1178 854 1248 facilc
878 1179 1023 1271 quisque
1039 1177 1221 1267 allegatio-

68 1310 134 1356 neu
152 1288 311 1359 concedet
333 1288 371 1357 in
395 1289 484 1357 libro
516 1295 638 1357 contra
667 1288 773 1356 Prax.
790 1311 820 1356 o.
836 1287 892 1354 25.
909 1286 953 1353 Ιιι
984 1284 1222 1377 superioribus

72 1395 222 1485 capitibus
244 1397 545 1466 demonstraverat
560 1394 803 1465 Tertullianus
821 1391 1220 1473 consubstantialitatem

71 1500 169 1571 Patris
187 1526 227 1572 ac
247 1503 348 1588 Filii,
374 1503 435 1571 ubi
458 1503 551 1571 inter
574 1503 648 1571 alia
674 1502 785 1571 multa
809 1524 895 1570 usus
918 1506 972 1569 est
995 1499 1057 1567 illo
1083 1497 1219 1566 Christi

72 1604 245 1679 testimonio
267 1611 319 1680 Io.
333 1611 380 1678 X:
394 1632 460 1700 ego
483 1617 518 1679 et
532 1610 638 1680 Pater
655 1633 761 1679 uuum
779 1633 910 1679 sumus:
932 1608 1056 1678 acaaci
1073 1607 1133 1699 qni
1152 1629 1219 1674 non

74 1717 219 1805 rideant,
243 1718 355 1810 primo
380 1742 440 1809 epo
465 1733 498 1787 cc
515 1720 620 1787 Pater
648 1720 795 1788 duorum
818 1740 892 1786 esse
912 1716 1217 1807 significationem,

74 1823 176 1894 dehinc
196 1826 233 1894 in
255 1826 468 1911 novissimo,
494 1836 619 1910 ιιιιιιιιι,
645 1849 713 1894 non
737 1849 778 1895 ex
802 1826 908 1894 unius
930 1846 1014 1894 csse
1045 1845 1217 1914 persona,

74 1931 146 2022 quod
165 1932 350 2023 pluraliter
375 1933 508 2002 dictum
531 1940 586 2001 est
600 1956 608 2019 3
621 1939 709 2002 tum
733 1932 849 2025 quod,
875 1956 979 1998 ιιιιιιιιι
1002 1954 1127 2015 sumac,
1151 1952 1219 1997 uon

74 2062 144 2104 aare
161 2064 269 2107 sumac
281 2068 299 2103 n
324 2048 391 2111 etc.
406 2042 453 2110 ib.
469 2065 498 2111 c.
510 2041 566 2108 22.
581 2039 655 2107 Iam
680 2065 709 2109 c.
726 2041 769 2107 25
793 2024 1019 2132 progreditur
1042 2039 1087 2108 ad
1109 2039 1220 2109 totius

76 2143 239 2216 Trinitatis
261 2149 614 2230 demonstrationem,
639 2171 713 2217 essa
737 2148 872 2217 scilicet
894 2170 962 2215 non
993 2147 1091 2215 modo
1120 2145 1221 2215 iuxta

74 2255 209 2344 superius
230 2278 252 2322 a
276 2256 496 2326 Tertulliano
519 2258 633 2347 posita
658 2256 798 2325 Patrem
822 2254 1036 2339 etlilium,
1064 2254 1123 2323 sed
1140 2253 1219 2344 pari

75 2363 187 2433 omuino
201 2364 339 2434 ratione
354 2370 438 2449 tres,
458 2364 598 2433 Patrem
615 2371 650 2433 et
664 2363 796 2433 Filium
813 2370 847 2432 et
865 2363 1036 2454 Spiritum
1053 2364 1219 2432 Sanctum

10 2549 17 2566 .
75 2469 156 2539 unius
178 2471 406 2542 substantiae.
422 2471 479 2541 Ad
502 2471 567 2540 hoo
582 2472 697 2562 ipsum
709 2472 923 2562 probandum
939 2470 1011 2539 ista
1027 2470 1217 2561 pertinent:

14 2600 22 2659 J
77 2578 142 2647 uita
160 2603 331 2650 connexus
353 2579 472 2649 Patris
495 2579 532 2647 in
556 2578 672 2664 Filio,
699 2584 735 2647 et
757 2577 844 2646 Filii
876 2578 914 2647 in
942 2577 1123 2646 Paracleto
1146 2582 1219 2645 tres

32 2768 41 2793 ι
74 2685 157 2757 efficit
176 2687 421 2774 cohaerentes,
446 2688 596 2757 alterum
619 2709 662 2756 ex
685 2686 808 2772 altero,
835 2688 898 2778 qui
916 2700 983 2752 trec
1005 2710 1110 2751 ιιιιιιιιι
1125 2699 1217 2767 cunt,

72 2818 124 2861 ιιι
141 2821 249 2879 ιιιιιιι,·
272 2796 440 2888 quomodo
468 2795 600 2865 dictum
633 2802 709 2864 est:
735 2818 799 2885 ego
823 2801 860 2864 et
882 2794 988 2863 Pater
1023 2815 1131 2862 unrrm
1162 2815 1219 2861 su-

72 2922 141 2990 nus,
157 2905 199 2973 ad
225 2904 444 2973 substantiae
467 2905 639 2972 unitatem
662 2926 730 2971 non
753 2903 797 2970 ad
830 2902 966 2972 numeri
990 2900 1218 2991 singularita-

70 3012 150 3077 teu»
172 3013 218 3081 ib.
233 3035 264 3082 c.
278 3012 335 3080 25.
350 3012 447 3081 Illud
473 3034 567 3103 uago
590 3018 626 3080 et
647 3011 753 3080 Pater
775 3034 883 3079 unum
907 3033 1074 3093 sumus»
1102 3008 1139 3077 iu
1162 3031 1218 3078 su·

70 3119 243 3205 perioribus
264 3121 414 3190 allatum
431 3120 475 3190 ad
490 3120 701 3211 probandam
719 3118 1119 3189 consubstantialitatem
1136 3118 1218 3186 duo·

69 3243 145 3312 rum,
169 3227 226 3296 hic
249 3227 361 3296 solum
384 3227 573 3297 adducitur
595 3227 639 3295 ad
662 3226 951 3317 persuadendum,
977 3225 1092 3294 eodem
1116 3248 1219 3294 sensu

69 3277 201 3424 intelligi
223 3335 347 3404 debere
363 3334 495 3404 dictum
511 3334 675 3403 alterum.
697 3350 789 3401 utres
805 3358 908 3400 anam
923 3348 1016 3415 cona·
1030 3333 1218 3401 chocvcro

69 3434 178 3510 doum
199 3442 343 3532 ponitur
358 3440 402 3510 ad
426 3442 639 3531 probandam
663 3440 1064 3510 consubstantialitatem
1082 3440 1215 3525 trium,

68 3566 137 3634 quae
153 3549 323 3674 probatio
335 3549 436 3619 nulla
450 3555 553 3634 essct,
571 3549 640 3617 nisi
665 3549 771 3619 verba
786 3554 902 3618 esseut
917 3548 1029 3617 citata
1044 3571 1086 3616 ex
1100 3546 1217 3636 Sorip·
1322 3624 1326 3633 ¹

68 3655 151 3724 turia
171 3656 393 3728 Conveniunt
414 3658 533 3751 itaque
557 3657 783 3727 citationibus
800 3657 937 3726 omuino
961 3654 1143 3748 parallelis
1160 3654 1216 3723 di-

70 3761 202 3853 scipulus
224 3787 266 3833 ac
289 3764 471 3855 magister.

31 3958 39 3975 ι
118 3870 324 3964 Cyprianus:
353 3872 425 3941 ads
448 3872 553 3941 Patre
576 3877 613 3941 et
635 3870 730 3940 Filio
752 3825 789 3941 et
820 3870 957 3962 Spiritu
982 3869 1110 3939 Sancto
1133 3869 1216 3938 scri-

71 3979 147 4061 plum
166 3988 230 4067 ast,
257 3995 291 4047 ct
315 3994 383 4047 trec
406 4005 511 4047 ιιιιιιιιι
533 3994 624 4048 cunt.
646 4007 662 4042 ιι

120 4086 367 4158 Tertullianus.
396 4088 609 4158 «connexus
632 4087 785 4158 Patris
774 4111 811 4156 m
834 4086 928 4155 Filio
944 4092 982 4155 et
996 4084 1110 4154 Filii
1100 4109 1137 4154 in
1154 4085 1217 4152 Pa·

72 4192 200 4280 nelca,
225 4201 289 4290 qui
311 4211 380 4265 trec
401 4222 505 4264 anum
527 4211 618 4264 aunt.
639 4223 656 4259 ι

122 4300 170 4373 Ex
183 4303 239 4373 his
261 4305 492 4375 concludere
482 4327 551 4373 ram
566 4326 762 4397 possemus,
789 4303 826 4371 in
849 4302 964 4373 latina
979 4302 1137 4371 versione
1154 4323 1213 4369 an-

75 4402 244 4497 liquissirm
270 4442 287 4477 a
295 4413 424 4507 primia
446 4412 529 4483 fidei
553 4412 798 4503 temporibus»
833 4409 928 4480 edita
956 4409 1066 4500 (Aug
1094 4409 1214 4477 Doctr.
