3172 4950
866 370 904 383 -
926 336 966 397 52
987 368 1025 383 -

366 462 465 535 sont,
491 451 560 519 nisi
584 445 810 517 commquter
834 445 870 513 in
900 442 1069 513 Ecclesiis
1098 440 1243 511 Africae
1273 448 1310 511 et
1340 442 1542 513 insularum

365 562 437 651 logi
455 555 704 627 consuevisset.
724 554 770 621 2⁰.
781 552 861 623 Nisi
872 550 1055 642 Episcopis
1067 570 1270 641 persuasum
1283 547 1542 635 fuisset,Aria·

366 692 428 737 urus
452 686 559 756 aeque
578 669 713 732 textum
733 662 876 730 eundem
910 658 1095 729 admittere
1117 662 1154 727 et
1168 655 1294 729 habere
1318 656 1355 725 iu
1384 658 1463 729 suis
1486 682 1542 731 co·

366 774 513 857 dicibus,
534 771 644 839 multo
668 792 750 838 vero
774 769 886 858 magis
911 768 941 835 si
968 768 1065 835 locus
1095 766 1206 834 sulum
1234 765 1272 833 in
1302 765 1396 835 raris
1424 790 1542 839 exem·

366 880 523 971 pleribus
553 875 747 946 exstitisset
778 881 814 943 et
836 874 929 965 apud
957 871 1158 971 §atholiuos
1185 872 1279 961 ipsus
1308 893 1377 941 nun
1409 874 1543 947 luisset

366 988 570 1057 notissimus
593 991 628 1053 et
647 990 747 1053 extra
770 980 1066 1064 controversiam,
1085 999 1272 1071 numquam
1290 980 1465 1050 communi
1481 1004 1541 1051 no·

366 1096 455 1164 mine
471 1092 729 1162 Catholicurum
741 1090 813 1160 tale
826 1088 1061 1158 testimonium
1079 1086 1179 1157 velut
1196 1087 1302 1156 ulnae
1319 1086 1506 1159 clariorem
1521 1118 1538 1153 ,s

366 1201 639 1273 confutationem
675 1198 830 1267 haeresis
865 1198 1019 1265 Arianae
1055 1194 1264 1265 obtulissent
1293 1194 1482 1284 legendum
1504 1204 1543 1267 et

365 1308 631 1379 examinandum
656 1307 813 1375 hostibus
844 1304 919 1373 suis
950 1303 1207 1372 infensissimis.
1231 1303 1283 1373 De
1306 1302 1372 1374 bau
1394 1326 1540 1395 persua·

366 1418 460 1487 sione
482 1418 744 1507 Episcoporum,
763 1413 853 1505 quod
871 1412 1124 1503 genuinitatem
1148 1419 1267 1481 textus
1282 1433 1392 1504 neque
1409 1414 1540 1483 Ariani

365 1525 403 1594 iu
427 1524 570 1593 dubium
594 1544 756 1591 revocare
779 1528 938 1613 possent,
966 1526 1210 1609 argumentum
1241 1519 1384 1611 insuper
1414 1544 1539 1613 suppe-

365 1632 459 1701 ditat
483 1630 640 1719 Vigilius
665 1628 852 1717 Tapsensis
884 1650 975 1695 unus
1000 1626 1278 1716 Episcopurum,
1310 1627 1372 1719 qui
1406 1628 1539 1719 profes·

365 1738 494 1807 sionem
518 1735 953 1821 obtulerant(ncn1inatus
977 1732 1101 1802 ultimo
1126 1734 1200 1803 loco
1223 1734 1318 1804 inter
1347 1734 1539 1827 Episcopus

366 1844 566 1937 provinciae
588 1846 818 1933 Byzacenae).
845 1842 1003 1933 Vigilius
1026 1842 1117 1910 enim
1148 1842 1279 1911 diserte
1302 1848 1474 1933 pruvuuat
1494 1840 1538 1913 ad

366 1954 546 2021 lect-ionem
574 1951 680 2019 huius
706 1951 897 2020 testimonii
922 1972 1024 2040 poenes
1053 1950 1145 2041 ipsos
1161 1947 1327 2018 Arianos:
1349 1970 1447 2019 seur
1472 1965 1539 2017 tres

368 2086 469 2127 scurram
491 2060 755 2141 ssaaaloannam
778 2060 1044 2149 Evangelistaur
1068 2058 1199 2128 dixisse
1215 2057 1356 2148 legibiS,
1374 2058 1407 2127 ai
1422 2058 1539 2131 diver·

365 2190 422 2239 sas
438 2174 584 2235 naturas
600 2167 637 2235 in
654 2167 810 2255 personis
822 2189 896 2234 esse
912 2167 1092 2256 accipitis?
1108 2164 1249 2255 „vigil
1262 2166 1368 2256 Taps.
1379 2168 1422 2235 de
1433 2166 1535 2237 Triu.

366 2276 391 2343 l.
409 2276 492 2345 VII.
506 2273 600 2342 Bibl.
614 2273 708 2341 Max.
729 2274 796 2341 PP.
813 2273 855 2340 T.
869 2272 972 2340 VIII.
991 2298 1025 2363 p.
1042 2272 1119 2341 789.
1136 2272 1237 2355 Quod
1251 2272 1364 2363 igitur
1386 2272 1538 2343 Michea-

365 2383 411 2451 lis
435 2382 584 2468 (Introd.
603 2381 640 2449 in
652 2381 697 2451 N.
714 2381 754 2448 T.
771 2404 801 2450 c.
817 2381 872 2449 31.
888 2387 972 2450 sect.
989 2382 1022 2449 3.
1044 2381 1085 2450 T.
1105 2380 1171 2467 IV)
1187 2385 1224 2450 et
1245 2378 1308 2447 alii
1330 2378 1466 2449 vellent
1487 2386 1537 2451 to·

337 2478 340 2482 ’
364 2496 436 2560 tem
460 2491 703 2560 auctoritatem
728 2489 834 2559 huius
858 2489 1084 2579 professionis
1107 2486 1189 2557 fidei
1212 2509 1377 2557 revocare
1401 2487 1477 2559 fere
1493 2488 1537 2559 ad

365 2620 470 2667 unum
485 2596 680 2686 Eugenium
693 2596 1023 2686 Carthaginensem,
1040 2594 1228 2663 absurdum
1244 2600 1298 2663 est
1309 2594 1371 2681 (1).
1387 2592 1435 2665 3⁰.
1450 2596 1537 2665 Ani·

361 2706 629 2785 madvertatur,
655 2704 744 2795 qrrod
769 2704 804 2771 in
835 2703 948 2792 prima
971 2710 1069 2792 parte
1092 2702 1342 2793 professionis,
1369 2704 1537 2793 quamdiu

365 2813 507 2883 sistitur
530 2813 566 2881 iu
591 2810 857 2879 demonstranda
881 2809 1246 2879 consubstantialitate
1262 2808 1350 2909 Filii
1370 2832 1449 2877 cum
1473 2812 1536 2881 Pu·

365 2928 431 3002 tre,
457 2918 667 2987 sanctissimi
691 2917 909 2987 Confessores
933 2923 1143 2986 connectunt
1159 2917 1281 2986 seriem
1298 2917 1537 3007 longissimam

365 3025 639 3095 testimoniorum
656 3048 697 3093 ex
714 3026 871 3093 omnibus
887 3025 987 3094 libris
1003 3025 1208 3116 praesertim
1220 3024 1303 3093 novi
1319 3024 1537 3097 Testamenti

363 3141 399 3203 et
422 3132 527 3202 etiam
550 3154 591 3199 ex
617 3132 725 3215 1.Ιο.,
741 3131 833 3201 hunc
856 3140 970 3201 tamen
995 3133 1107 3201 locum
1130 3131 1149 3199 1
1174 3130 1321 3199 10.v.7
1343 3154 1413 3199 non
1427 3134 1554 3223 attin-0

364 3248 465 3332 gunt.
481 3240 609 3309 Eodem
634 3240 730 3308 modo
754 3247 875 3309 auctor
898 3240 982 3309 libri
1005 3241 1174 3309 adversus
1196 3240 1334 3308 Pintem
1361 3238 1536 3311 Arianum

365 3350 401 3418 in
426 3349 536 3440 prima
559 3352 658 3438 parte
681 3349 916 3433 tractationis,
944 3348 980 3417 S.
996 3347 1209 3437 Fulgentius
1232 3347 1270 3416 in
1293 3346 1536 3418 tot01.11.ad

365 3454 634 3523 Trasimuudum
651 3454 742 3523 inter
760 3455 958 3523 testimonia
974 3455 1156 3523 innumera
1173 3453 1388 3543 Scripturas,
1408 3455 1536 3545 quibus

364 3563 762 3633 consubstantialitatem
780 3562 897 3629 Patris
919 3568 955 3630 et
970 3561 1056 3629 Filii
1079 3561 1330 3646 demonstrant,
1344 3583 1413 3630 nou
1429 3570 1536 3633 utun·

364 3677 424 3741 tur
447 3670 511 3738 hoc
534 3678 646 3753 textu,
673 3692 771 3761 quem
796 3676 910 3737 tamen
934 3668 1125 3737 certissime
1147 3672 1368 3759 agnoverunt
1389 3678 1426 3739 et
1448 3671 1537 3741 cita·

364 3783 448 3847 ruut
469 3777 550 3845 aliis
574 3778 610 3845 in
633 3777 736 3861 locis,
762 3778 820 3845 ubi
845 3779 996 3867 agebant
1026 3778 1068 3846 ds
1098 3776 1213 3846 tribus
1242 3778 1347 3847 simul
1376 3780 1537 3870 personis

363 3886 507 3955 divinis.
534 3885 625 3955 Hinc
649 3885 792 3970 videas,
818 3906 1082 3976 praeproperam
1106 3891 1142 3954 et-
1165 3884 1325 3955 fallacem
1349 3909 1424 3956 esse
1455 3910 1535 3959 ucu-

451 4080 494 4155 (1)
517 4084 686 4138 consu-usum
714 4087 837 4141 omnium
860 4086 1062 4155 Episccporum
1086 4087 1200 4141 Africae
1219 4089 1249 4141 iu
1270 4088 1477 4157 professionem
1503 4106 1536 4147 ae

363 4174 555 4227 defensionem
574 4174 639 4227 lldci
659 4176 765 4243 script-u
785 4177 922 4231 traditam
941 4178 1057 4231 Arlauis
1076 4178 1225 4232 llicbadlis
1245 4180 1300 4233 l.c.
1315 4184 1535 4249 comparaturus

363 4265 637 4331 subscriptionibus.
660 4282 731 4333 quas
749 4268 903 4322 llinistelll
923 4270 1121 4322 Protastantes
1149 4276 1297 4337 apponunt
1321 4272 1367 4323 vel
1392 4272 1535 4339 quondam

362 4370 502 4421 opponere
521 4358 694 4420 cogebantur
714 4357 799 4409 libris
819 4358 994 4423 symbolIcIs,
1017 4358 1088 4425 quIn
1108 4357 1170 4412 idsu
1190 4359 1355 4414 concludere
1370 4362 1468 4433 liceat,
1485 4380 1533 4421 eus

362 4444 456 4498 omnia
474 4446 504 4499 iu
518 4447 595 4503 bisce
615 4448 699 4501 libris
719 4447 828 4515 scripta
846 4449 1013 4517 approbare.
1033 4448 1133 4503 Risum
1153 4450 1278 4505 teneatis
1297 4450 1396 4507 amici!
