3172 4950
715 303 754 316 -
773 272 815 332 24
834 302 874 317 -

207 378 304 467 Ergo
326 376 459 446 Filium
473 377 540 445 Dei
555 399 592 445 se
615 375 703 445 dieit
718 376 782 461 ita,
802 381 844 443 ut
864 374 971 445 Pater
986 378 1023 443 et
1036 372 1154 443 Filius
1168 395 1278 442 unum
1291 372 1381 457 sint,

209 491 250 554 nt
271 485 388 554 Filius
410 507 517 578 aeque
539 506 579 554 aa
601 483 707 552 Pater
728 483 824 552 Deus
846 481 907 569 sit,
932 489 975 552 nt
996 488 1180 574 propterea
1200 480 1309 549 Pater
1330 477 1385 549 sit

208 595 246 662 in
269 594 362 662 Filio
385 599 422 663 et
444 593 560 662 Filius
583 592 620 660 in
643 593 762 678 Patre,
781 598 818 661 et
832 592 895 685 qui
918 591 1016 662 videt
1037 589 1182 676 Filium,
1200 588 1325 659 videat
1344 592 1385 657 et

208 702 348 771 Patrem
372 700 437 788 (Io.
452 701 551 770 XIV.
570 699 685 785 9-11).

275 809 532 897 Argumentum
561 806 669 875 huius
700 805 852 875 unitatis
881 810 1029 875 naturae
1055 805 1144 874 Filii
1172 828 1251 875 eum
1272 804 1383 873 Patre

208 917 372 986 Christus
393 917 568 1008 proponit,
593 921 636 983 ut
659 937 759 1005 saepe
782 913 882 1000 alibi,
899 938 941 984 ex
958 915 1095 983 unitate
1118 937 1271 1005 operum,
1290 933 1384 1005 quaa

208 1047 270 1114 per
292 1047 329 1093 se
352 1023 489 1115 quidem
505 1030 541 1092 et
555 1023 666 1113 primo
681 1022 870 1092 ostendunt
890 1022 1076 1091 veritatem
1092 1021 1273 1091 doetrinae
1288 1020 1380 1105 eius,

206 1132 246 1200 in
268 1132 476 1201 connexione
499 1153 584 1201 vero
606 1154 684 1200 oum
708 1131 878 1215 doctrina,
908 1151 1012 1222 quam
1033 1129 1092 1199 hio
1115 1131 1242 1199 iterum
1266 1128 1381 1198 diser·

207 1239 341 1308 tissime
365 1239 617 1324 declaraverat,
635 1240 823 1308 ostendunt
838 1239 1009 1320 unitatem
1022 1244 1171 1310 naturae
1185 1245 1223 1308 et
1235 1236 1385 1328 proinde

208 1346 314 1416 etiam
337 1347 547 1438 operationis
569 1347 688 1415 Patris
710 1369 751 1417 ao
773 1346 874 1414 Filii.
894 1347 964 1416 «Si
984 1369 1054 1415 uon
1077 1347 1169 1417 faeio
1191 1370 1296 1436 opero
1312 1347 1384 1414 Pa-

210 1458 275 1523 tris
291 1458 368 1538 mei,
385 1455 494 1524 nolite
517 1453 603 1523 mihi
627 1455 777 1543 eredere;
795 1455 826 1523 si
842 1460 958 1524 autem
981 1454 1116 1524 facio...
1130 1455 1293 1546 operibns
1309 1475 1384 1523 ere·

207 1564 293 1648 dite,
310 1570 352 1632 ut
367 1564 584 1653 cognoscatis
600 1569 637 1633 et
652 1563 817 1648 credatis,
835 1564 919 1655 quia
934 1563 1091 1632 Peterin
1112 1567 1246 1647 maest,
1265 1568 1302 1631 et
1317 1582 1385 1650 ego

208 1672 247 1739 in
268 1673 408 1740 Patre.»
435 1671 603 1762 Explicat
628 1671 898 1761 Chrysoatomus
920 1670 946 1740 1.
966 1694 1012 1740 a:
1034 1671 1187 1757 «Viden,
1214 1668 1386 1763 quomodo

208 1780 344 1870 probet,
370 1802 406 1848 se
421 1779 527 1848 Patre
557 1779 595 1850 in
622 1779 719 1848 nullo
746 1778 947 1848 inferiorem
970 1802 1044 1848 esse
1071 1779 1131 1847 sed
1160 1777 1298 1846 omnino
1325 1797 1385 1846 aa·

209 1886 371 1978 qualem?
402 1886 495 1968 Quia
524 1887 616 1955 enim
645 1887 796 1955 essentia
818 1887 895 1956 eius
916 1908 984 1955 non
1012 1892 1150 1979 potarat
1176 1884 1312 1971 videri,
1338 1884 1386 1954 ab

209 2018 351 2086 operum
373 1995 587 2087 aequalitate
610 2000 646 2064 et
659 1995 847 2067 identitate
874 1990 947 2081 (ἀπο
960 2018 1012 2069 της
1025 2017 1082 2061 των
1095 1989 1187 2087 ἔργων
1202 1995 1339 2067 &maroc
1349 2015 1383 2058 τε

209 2128 261 2167 και
273 2097 462 2193 temerares)
484 2100 642 2194 aequalis
657 2105 843 2193 potestatis
854 2101 1180 2174 demonstrationem
1196 2101 1315 2171 affert.
1333 2100 1387 2171 Et

210 2210 307 2303 quid,
332 2212 390 2280 dio
412 2212 523 2297 nobis,
550 2210 748 2281 credemus?
773 2211 873 2294 Quod
896 2235 960 2302 ego
976 2213 1014 2280 in
1028 2211 1145 2297 Patre,
1166 2217 1204 2280 et
1218 2210 1325 2279 Pater
1344 2210 1385 2278 in

210 2341 264 2386 me
286 2323 351 2406 est;
377 2317 468 2387 nihil
491 2319 583 2388 enim
606 2318 704 2386 aliud
727 2341 792 2408 ego
815 2343 903 2405 snm,
929 2340 1032 2411 quam
1055 2318 1146 2411 quod
1168 2319 1285 2403 Pater,
1311 2340 1385 2386 ma-

210 2447 296 2495 nens
317 2424 446 2511 Filius,
470 2424 564 2494 nihil
585 2424 684 2494 aliud
707 2425 780 2512 ille,
806 2450 908 2519 quam
932 2427 1023 2519 quod
1045 2448 1128 2516 ego,
1154 2449 1295 2496 manens
1317 2427 1385 2494 Pa·

210 2538 265 2602 ter
288 2533 351 2620 (1);
377 2537 413 2601 et
428 2532 489 2625 qni
506 2555 557 2601 me
572 2532 685 2619 novit,
710 2534 811 2602 novit
832 2535 971 2603 Patrem
994 2540 1031 2602 et
1052 2533 1185 2602 Filium
1208 2534 1348 2603 didicit.
1365 2560 1382 2596 s

277 2640 332 2709 Ex
356 2642 422 2709 hae
444 2640 629 2709 identitate
653 2641 922 2731 significationis
945 2648 981 2710 et
1003 2641 1254 2710 substitutione
1276 2642 1386 2711 unius

210 2769 273 2838 pro
296 2747 410 2816 altera
424 2748 461 2815 in
477 2753 627 2839 quatuor
649 2749 945 2839 propositionibus
967 2748 1132 2818 indicatis
1155 2750 1298 2819 evidens
1313 2757 1382 2835 est,

210 2854 368 2944 intelligi
378 2856 572 2924 necessario
584 2856 707 2925 debera
726 2856 930 2924 filiationem
945 2857 1012 2925 Dei
1027 2856 1202 2948 propriam
1217 2880 1280 2948 per
1294 2881 1386 2926 eom-

211 2961 480 3031 munieationem
503 2968 651 3031 naturae
673 2985 695 3029 a
716 2963 822 3032 Patre
838 2964 875 3031 in
890 2963 1035 3050 Filium,
1061 2964 1198 3056 quando
1220 2965 1387 3035 Christus

211 3069 287 3138 ait:
312 3068 389 3158 Ego
412 3075 449 3138 et
471 3071 577 3139 Pater
600 3093 708 3138 unum
732 3072 1012 3140 sumus—Deus
1035 3072 1296 3140 aum—Filius
1317 3074 1387 3141 Dei

212 3197 340 3243 snm—
352 3175 443 3243 faoio
467 3197 571 3266 opera
593 3176 724 3262 Patris,
743 3184 784 3246 nt
806 3178 969 3264 credatis,
988 3179 1072 3270 quia
1086 3179 1192 3248 Pater
1206 3179 1243 3246 in
1259 3186 1387 3249 maest

211 3287 248 3351 et
269 3304 334 3371 ego
357 3282 394 3350 in
416 3282 533 3351 Patre.
559 3283 651 3352 Hine
667 3283 820 3353 ulterius
837 3291 948 3376 patet,
967 3285 1029 3377 qui
1044 3286 1093 3354 ait
1108 3285 1165 3356 val
1181 3286 1306 3355 saltem
1322 3287 1387 3379 qui

212 3411 281 3457 non
303 3388 353 3457 sit
374 3411 437 3459 nee
459 3390 573 3480 possit
594 3413 669 3461 esse
692 3415 815 3463 sensus
838 3393 876 3462 in
899 3393 1041 3463 exordio
1071 3394 1241 3465 orationis
1263 3417 1387 3465 seeun-

213 3495 277 3564 dae
292 3519 353 3565 vv.
364 3496 490 3567 34-36.
902 3578 905 3583 ¹

280 3603 323 3673 1·.
343 3606 517 3688 «Quando
540 3606 703 3676 Christus
726 3608 802 3677 illis
824 3610 953 3679 verbis:
975 3632 1104 3701 uquam
1127 3611 1233 3680 Pater
1253 3612 1386 3680 saneti·

212 3711 335 3780 fioavit
349 3719 386 3780 et
400 3712 499 3782 misit
514 3712 552 3781 in
567 3714 744 3800 muudum,
757 3743 774 3778 n
788 3715 957 3785 rationem
975 3716 1059 3786 dare
1074 3717 1217 3788 videtur
1240 3739 1322 3787 suae
1345 3719 1386 3785 fi-

212 3815 371 3887 liationis
395 3818 557 3906 divinae,
583 3821 620 3888 in
644 3822 793 3891 seeundo
816 3823 927 3893 inaiao
949 3824 1154 3894 enuntiatur
1176 3825 1263 3893 Filii
1286 3846 1387 3917 prae·

212 3924 401 3993 existentia
423 3933 503 3995 ante
519 3949 618 3997 suam
632 3929 859 3999 nativitatem
881 3932 1104 4022 temporalem
1116 3933 1154 4001 in
1169 3939 1298 4002 natura
1321 3932 1386 4002 hu·

213 4052 326 4117 mana,
352 4032 446 4103 siout
468 4055 569 4127 saepe
591 4035 679 4104 alibi
694 4035 862 4108 declarat:
885 4039 1013 4130 uapivi
1027 4062 1050 4108 a
1064 4041 1181 4127 Patre,
1199 4046 1236 4110 et
1251 4040 1333 4112 vani
1348 4041 1388 4109 in

284 4264 326 4340 (l)
339 4268 433 4323 Ὀυδιν
445 4289 497 4340 γαρ
508 4266 580 4322 ἄλλο
592 4268 651 4341 ἔγω,
663 4271 680 4330 ἦ
694 4271 755 4343 ὅπερ
767 4270 781 4325 ὅ
795 4293 890 4345 πατηρ,
904 4294 985 4345 μενων
997 4272 1062 4336 ὄιος.
1074 4273 1147 4329 iales
1166 4275 1237 4330 ἀλλο
1251 4276 1358 4342 issem,
1371 4276 1387 4338 ἦ

213 4354 275 4429 ὅπερ
288 4358 347 4427 ἐγω,
359 4379 439 4430 μενων
455 4379 543 4428 resep
561 4356 631 4432 (non
651 4361 729 4416 alind
749 4365 779 4416 et
797 4362 887 4431 aliud,
908 4363 956 4418 sed
977 4365 1053 4435 elius
1073 4369 1103 4420 et
1121 4363 1221 4436 alins).
