3172 4950
536 311 656 383 -,125
677 344 715 359 -

54 419 180 505 Filium,
207 417 383 511 Spiritum
408 420 599 507 Sanctum,
629 421 907 517 responderunt:
929 441 996 489 ose
1029 440 1215 513 numquam

55 531 97 598 ita
116 529 274 614 sensisse,
301 529 364 599 sed
388 528 619 620 hypostasim,
646 529 871 623 inquiebant,
898 527 1046 598 dicimus
1077 550 1215 598 censen·

55 645 98 707 tes
117 635 267 727 perinde¹
282 658 359 705 esse
383 636 601 728 hypostasim
626 637 739 707 dicere
763 658 804 707 ac
827 637 1026 726 essentiam;
1045 658 1216 730 unamque

55 742 212 813 credimus
228 742 449 834 hypostasim
465 766 516 831 eo,
535 744 626 837 quod
648 743 765 813 Filius
789 744 838 812 sit
860 766 901 813 ex
925 743 1125 841 substantia
1143 744 1217 813 Pa-

54 853 109 922 tris
128 857 164 921 et
185 858 329 943 propter
352 852 574 922 identitatem
601 860 751 922 naturae
786 848 861 942 (δια
880 874 945 917 1την
974 840 1218 923 contereretur

53 953 186 1051 purtem
210 980 317 1029 unam
340 960 468 1052 quippe
491 960 656 1030 deitatem
679 967 715 1031 et
739 981 843 1030 unam
867 960 942 1030 eins
965 965 1129 1029 naturam
1145 982 1215 1029 cre·

53 1068 177 1153 dimus,
202 1090 266 1137 nec
290 1067 396 1137 aliem
420 1068 560 1161 quidem
583 1070 724 1154 Patris,
751 1068 900 1138 alienam
932 1073 1049 1136 autem
1080 1068 1124 1136 ab
1154 1067 1217 1136 illo

53 1176 126 1245 Filii
146 1182 186 1245 et
207 1176 368 1266 Spiritus
393 1177 514 1247 Sancti
532 1204 565 1246 n.
589 1177 776 1257 Concludit
803 1176 1035 1247 Athanasius:
1064 1175 1159 1248 «his
1181 1181 1218 1247 et

53 1284 98 1353 illi
117 1284 402 1371 consentiebant,
429 1286 502 1378 qni,
521 1286 613 1379 quod
635 1292 708 1355 tres
732 1285 943 1377 hypostases
958 1284 1143 1370 dixissent,
1158 1305 1217 1353 ao·

54 1393 278 1479 cusabantur;
303 1400 340 1463 et
364 1394 505 1485 ipsimet
519 1394 673 1464 dicentes
692 1415 795 1463 unam
807 1393 1007 1479 essentiam,
1025 1392 1220 1483 probabant

54 1499 163 1569 horum
187 1500 404 1588 doctrinam,
434 1509 475 1572 ut
497 1524 571 1570 eam
594 1502 822 1594 interpretati
846 1503 988 1572 fuerant
1001 1529 1032 1570 n.
1057 1499 1147 1569 Ath.
1161 1522 1216 1591 ep.

56 1608 164 1700 synod.
180 1608 227 1679 ad
242 1608 482 1680 Antiochense
497 1633 533 1681 n.
550 1611 583 1679 5.
599 1611 632 1679 6.
647 1612 693 1681 cf.
711 1610 857 1701 Gregor.
872 1610 962 1681 Nes.
976 1633 1027 1680 or.
1039 1608 1095 1678 21.
1108 1632 1144 1677 n.
1159 1609 1214 1696 353

57 1719 167 1789 on42.
192 1719 258 1807 (al.
278 1719 402 1806 82.)n.
418 1717 473 1787 16.
499 1723 535 1788 et
557 1718 646 1788 alios
670 1718 797 1787 citatos
826 1739 928 1808 penes
951 1717 1074 1788 Petav.
1099 1717 1125 1788 l.
1151 1717 1216 1787 IV.

58 1828 124 1895 c.4.
141 1850 178 1897 n.
197 1827 254 1895 10.
273 1849 349 1921 sqq.

107 1936 175 2005 Hic
190 1936 261 2004 iam
285 1935 613 2006 animadvertantur
636 1933 829 2026 sequentia:
855 1935 897 2003 1·.
916 1932 1119 2025 hypostasis
1135 1955 1218 2002 sem·

59 2067 104 2136 per
124 2043 307 2136 significat
337 2030 570 2115 {obstantiam
599 2042 815 2133 singularem
838 2041 1058 2113 individuam
1081 2042 1218 2130 (saltem

10 2184 14 2253 g
61 2161 215 2247 quatenus
238 2154 460 2225 individuum
484 2154 671 2246 opponitur
702 2152 924 2239 universali),
942 2173 1005 2221 nec
1020 2155 1135 2242 potest
1149 2172 1220 2221 una

61 2258 247 2353 hypostasis
270 2262 472 2352 significare
490 2263 661 2332 unitatem
684 2260 797 2330 solum
820 2261 1027 2351 specificam.
1044 2259 1136 2329 Hinc
1159 2256 1219 2349 qui

62 2390 112 2438 non
134 2370 292 2441 contenti
315 2371 446 2442 dixisse
470 2393 573 2441 unam
601 2367 702 2434 ὀνσιαν
727 2368 890 2439 volebant
921 2375 1090 2438 assertam
1117 2390 1220 2433 sonam

63 2470 258 2569 lypcetusim'
277 2478 387 2548 trium
400 2501 649 2571 personarum,
668 2478 744 2570 ipso
761 2478 826 2549 hoc
842 2477 979 2546 nomine
1002 2475 1221 2545 affirmabant
1249 2524 1253 2529 -

62 2609 147 2655 mam
170 2610 316 2657 numero
338 2593 375 2657 et
405 2587 622 2679 singularem
650 2593 811 2656 naturam
841 2584 950 2655 trium
980 2603 1217 2676 personarum.

62 2693 157 2787 atqui
178 2695 246 2765 hac
270 2695 355 2765 data
376 2695 609 2787 explicatione
632 2695 784 2763 nominis
810 2694 1003 2784 hypostasis
1025 2713 1141 2761 omnes
1157 2689 1219 2759 Ca·

63 2798 167 2895 tholici
191 2804 477 2890 consentiebant,
505 2827 609 2873 unam
631 2826 706 2873 esse
730 2802 841 2871 trium
864 2822 1088 2894 personarum
1110 2798 1219 2890 hypo·

64 2910 166 2979 stasim
189 2934 253 2982 seu
277 2913 508 2981 substantiam
532 2911 745 3002 singularem
768 2932 837 2979 non
860 2907 1173 3000 multiplicabilem.

111 3019 153 3088 d.
170 3019 243 3090 Ubi
269 3024 325 3089 est
349 3019 467 3088 unitas
498 3020 610 3091 solum
634 3019 795 3111 specifica
820 3024 970 3086 naturae
997 3017 1034 3084 in
1058 3014 1221 3107 pluribus

62 3127 225 3213 personis,
251 3128 446 3198 necessario
469 3127 646 3197 numerari
671 3127 795 3196 debent
818 3124 964 3195 totidem
986 3130 1134 3194 naturae
1157 3146 1219 3192 nu·

63 3252 138 3304 nero
160 3235 375 3320 distinctae,
401 3243 485 3328 quot
508 3240 591 3304 sunt
613 3254 790 3325 personae.
817 3231 910 3316 Quia
932 3232 1087 3303 dicentes
1115 3251 1219 3299 unam

61 3342 146 3409 arus
167 3351 207 3415 et
226 3351 300 3414 tres
323 3344 532 3436 hypostases
554 3343 592 3412 in
611 3343 839 3433 suspicionem
857 3341 1054 3426 veniebant,
1073 3363 1117 3409 ue
1129 3339 1220 3410 forte

61 3450 146 3515 ὼσιαν
168 3451 328 3521 dicerent
350 3471 454 3520 unam
472 3451 648 3542 specifice,
669 3459 704 3521 et
722 3454 946 3520 numerarent
975 3457 1048 3519 tres
1078 3471 1220 3518 numero

59 3555 237 3630 detinctas
259 3565 406 3627 naturas
429 3558 653 3649 singulares,
672 3559 748 3628 ideo
773 3557 830 3628 hic
848 3558 969 3627 modus
985 3556 1149 3649 loquendi
1165 3578 1221 3625 su·

57 3674 186 3758 spectus
210 3666 397 3737 ridebatur
420 3665 611 3736 tritheismi
624 3667 681 3753 iis,
708 3665 769 3760 qui
792 3686 894 3734 unam
925 3664 1089 3734 dicebant
1110 3663 1220 3755 hypo·

56 3774 158 3847 stasin
180 3774 227 3844 ad
244 3774 502 3865 exprimendam
519 3796 623 3843 unam
639 3780 803 3842 naturam
820 3772 1035 3862 singularem
1050 3793 1119 3840 non
1132 3770 1221 3840 mul·

54 3883 246 3974 tiplicatam
268 3882 307 3951 in
329 3881 444 3951 tribus
467 3882 625 3973 personis
640 3883 704 3970 (l).
730 3881 843 3975 Atqui
865 3887 901 3950 et
918 3870 976 3950 illi
992 3879 1126 3971 priores
1143 3901 1220 3950 ean-

52 3990 120 4062 dem
142 3991 283 4062 omnino
307 3989 478 4060 unitatem
501 3989 765 4081 singularitatis
791 3996 940 4059 naturae
970 4011 1006 4058 se
1036 3988 1222 4058 admittere

113 4174 157 4248 (l)
176 4176 283 4241 Quaeri
302 4177 417 4245 potest,
437 4179 535 4230 utrum
558 4178 588 4229 et
608 4174 747 4244 quomodo
768 4173 905 4229 &derant
925 4173 1004 4227 inter
1021 4188 1051 4227 se
1074 4172 1146 4227 duas
1168 4172 1222 4226 tor·

50 4266 148 4319 mulas:
161 4264 340 4332 «anasum,
355 4268 415 4319 tres
428 4264 627 4334 hypostases»
642 4268 672 4319 et
687 4285 699 4313 a
714 4279 771 4319 una
786 4262 951 4317 substantia
962 4258 1149 4334 (ὑποστασις),
1161 4264 1221 4315 tres

48 4369 183 4421 menae
194 4376 220 4424 a,
241 4354 300 4409 fult
317 4354 394 4407 enim
411 4368 504 4423 nuper
516 4354 679 4421 staulam,
698 4353 750 4422 qui
768 4352 841 4409 hanc
857 4353 978 4407 alteram
996 4352 1221 4419 formulampsr·

48 4446 150 4504 tutius
162 4447 207 4503 rei
218 4443 406 4502 decluaudss
425 4444 597 4515 respondere
607 4445 726 4515 putarit
745 4459 829 4514 qnam
847 4442 982 4512 priorem.
995 4439 1219 4510 Respondemus:
