3172 4950
533 387 571 404 -
595 349 651 418 101
674 388 712 402 -

45 483 114 551 crgo
136 460 360 552 praedicitur
384 464 527 533 fnturns
550 463 651 531 bomo
673 468 711 532 et
733 457 1211 530 morteaffioiendus.1nhis

46 569 118 639 loois
141 569 268 663 hisque
292 570 466 641 similibus
489 570 690 640 immediate
713 570 852 662 quidem
868 568 979 638 solum
995 568 1209 655 declaratur,

48 678 145 748 Deum
170 679 287 770 ipsum
310 680 471 750 futurum
495 678 669 748 bominem
699 681 737 748 ot
763 677 949 765 Messiam3
982 677 1065 770 quia
1094 684 1212 748 autem

48 793 184 872 constat¹
203 787 367 857 Moesiam
382 787 626 879 praenuntiari
649 794 691 856 ut
714 786 921 856 mittendum
944 808 966 853 a
987 787 1079 871 Deo,
1099 786 1212 856 inclu-

47 893 132 964 ditur
155 918 235 965 eum
259 894 396 964 unitate
419 894 624 980 distinctio,
650 899 824 987 quatenns
846 895 942 964 Deus
973 894 1106 964 dicitur
1129 895 1209 963 mit-

48 1008 113 1071 tens
134 1009 172 1072 et
193 1004 290 1073 Deus
313 1004 452 1072 missus.
468 1002 536 1072 Sed
561 1003 763 1094 frequenter
786 1001 892 1070 etiam
918 1008 994 1071 tum
1026 1002 1139 1073 deitas
1171 1024 1212 1073 ac

49 1111 180 1202 proinde
204 1111 325 1181 unitas
347 1118 423 1181 tum
447 1110 630 1181 distinctio
660 1132 884 1200 personarum
915 1111 1020 1180 simul
1044 1110 1214 1182 enuntia-

50 1226 109 1288 tur.
126 1219 274 1289 Messias
291 1226 345 1289 est
356 1220 470 1304 Deus,
489 1224 524 1289 et
538 1218 634 1287 Deus
648 1217 760 1307 ipsius
776 1217 881 1287 unxit
896 1241 987 1305 eum,
1005 1242 1067 1287 seu
1087 1248 1104 1283 a
1114 1217 1213 1288 Chri·

51 1333 129 1395 stum
145 1350 223 1397 eum
241 1327 327 1397 feeit
351 1329 475 1397 Denso
495 1327 591 1414 (Act.
605 1325 656 1393 11.
675 1325 744 1412 36).
766 1325 982 1417 oSpeoiosus
1006 1328 1117 1394 forma
1131 1347 1215 1418 prae

52 1433 123 1502 liliis
145 1434 325 1503 hominnm
347 1441 459 1505 ete...
487 1433 593 1505 Sedes
616 1437 703 1518 tua,
730 1433 822 1501 Deus
835 1482 845 1517 ,
871 1433 909 1501 in
940 1431 1116 1502 saeculum
1141 1454 1214 1502 sae·

53 1541 151 1610 culi...
171 1548 357 1632 propterea
380 1545 486 1610 anxit
506 1557 538 1610 te
553 1541 715 1646 (Ἶῃῐρᾨ),
733 1542 837 1624 Dens,
857 1542 947 1608 Deus
965 1555 1041 1607 toas
1057 1540 1130 1609 oleo
1145 1539 1215 1609 lae·

53 1649 141 1719 titios
162 1672 246 1741 praa
270 1651 489 1720 consortibus
511 1639 626 1722 tuisJ.
652 1649 773 1742 populi
797 1649 1055 1717 confitebuntur
1085 1647 1153 1716 tibi
1176 1647 1214 1717 in

55 1763 218 1826 aeternum
240 1763 278 1826 et
291 1756 330 1824 in
346 1757 522 1826 saeculnm
539 1757 704 1828 saeculis
729 1757 787 1825 Ps.
805 1754 935 1824 XLIV.
956 1755 1042 1843 (45).
1061 1755 1094 1822 7.
1113 1754 1146 1822 8.
1166 1755 1213 1823 of.

56 1864 128 1934 lleb.
142 1866 172 1933 I.
189 1868 224 1933 S.
239 1864 273 1932 9.
295 1865 428 1936 «Dixit
451 1867 617 1935 Dominus
639 1868 783 1934 Domino
807 1888 889 1931 meo:
915 1864 994 1934 sede
1017 1884 1039 1929 a
1061 1860 1216 1932 dexteris

58 1974 169 2043 nois...
186 1998 228 2043 ex
241 1980 343 2044 utero
355 1980 436 2044 ante
452 1973 639 2044 luciferum
654 1977 760 2065 penui
777 1988 808 2040 te
823 2000 838 2035 n
855 1972 903 2063 (l)
921 1973 978 2040 Ps.
995 1971 1088 2039 CIX.
1103 1971 1213 2059 (110).
1263 2050 1266 2057 Ι

61 2080 87 2148 1.
99 2106 146 2175 sq.
161 2085 208 2152 oi.
222 2081 352 2152 Matth.
371 2083 490 2152 XXII.
508 2083 624 2151 42-45.
648 2082 753 2173 «Ego
776 2078 895 2151 autem
911 2081 1124 2150 constitutus
1140 2103 1215 2148 sum

61 2212 108 2260 rex
131 2192 173 2261 ab
203 2215 242 2261 eo
269 2214 374 2282 super
402 2190 486 2260 Sion
513 2199 663 2261 montem
693 2196 851 2260 sanetum
878 2189 979 2274 eius,
1008 2188 1243 2279 praedicans-

61 2306 263 2391 praeceptum
287 2299 374 2369 eius.
394 2301 560 2367 Dominus
576 2299 671 2367 dixit
695 2298 741 2367 ad
764 2322 826 2365 me:
845 2297 961 2366 Filios
983 2321 1073 2364 meos
1096 2322 1128 2364 es
1154 2311 1215 2380 tn,

65 2429 112 2496 epo
136 2407 232 2476 bodie
246 2411 354 2499 penui
370 2423 431 2476 ten
449 2408 507 2477 Ps.
526 2407 576 2477 ΙΙ.
596 2409 629 2477 7.
648 2409 694 2477 cf.
715 2407 802 2476 Heb.
816 2406 847 2473 Ι.
865 2407 898 2474 5.
912 2405 1013 2474 Siout
1028 2404 1218 2495 prophetae

65 2517 172 2606 quovis
194 2523 347 2615 tempore
370 2517 409 2586 in
432 2516 591 2585 maximis
613 2515 735 2608 populi
758 2513 1017 2585 calamitatibus
1041 2510 1218 2581 liberatio·

62 2645 125 2692 nem
149 2627 395 2717 exspectabant
425 2632 460 2695 et
487 2626 736 2716 promittebant
764 2648 786 2692 a
816 2629 965 2694 venturo
992 2620 1140 2704 Messio,
1167 2619 1220 2688 ita

63 2731 311 2804 distinctissime
325 2734 567 2826 propinquiori
590 2733 659 2803 iam
683 2740 797 2803 aetate
820 2733 857 2802 in
877 2728 1028 2823 publicis
1051 2728 1219 2820 privatis·

64 2864 116 2931 que
128 2842 301 2912 aerumnis
315 2848 532 2933 protestatur
554 2842 847 2913 Ecclesiasticus:
876 2839 1078 2915 «invocavi
1102 2837 1218 2905 Domi-

64 2952 271 3022 aomPata-em
283 2952 425 3018 Domini
439 2953 505 3018 mei
525 2947 768 3039 (ἑπεκαλεσαμην
781 2971 878 3042 nuptm
891 2970 1007 3039 πατερα
1020 2968 1121 3038 nepteo
1132 2939 1218 3032 pou),

64 3063 169 3127 utnon
183 3056 405 3150 derelinquat
421 3080 473 3126 me
488 3057 526 3125 in
539 3057 595 3127 die
607 3056 850 3127 tribulationis
866 3055 940 3126 siue
957 3053 1133 3124 adiutorio
1150 3059 1218 3123 ete.

63 3167 154 3239 Ecoli.
168 3169 230 3239 LI.
247 3168 303 3237 14.

112 3278 174 3348 IV.
191 3276 353 3348 Secunda
376 3276 496 3370 itaque
519 3299 666 3368 persona
682 3276 805 3346 divina
820 3276 857 3344 in
874 3273 1070 3366 Scriptnris
1086 3272 1218 3344 veteris

63 3383 264 3455 Testamenti
287 3383 362 3453 sine
386 3385 491 3454 dnbio
514 3387 672 3455 revalata
694 3391 760 3456 est.
777 3384 935 3475 Spiritus
959 3383 1122 3468 Sanctus,
1142 3382 1219 3474 Spi-

59 3495 136 3564 ritus
157 3495 249 3580 Dei,
276 3493 433 3583 Spiritus
456 3493 528 3563 oris
541 3495 606 3564 Dei
623 3499 907 3564 commemoratur
924 3491 1218 3585 frequentissime3

57 3603 270 3692 praedicatur
286 3600 378 3669 enim
394 3601 551 3692 Spiritus
567 3602 717 3672 Sanctus
732 3603 802 3670 iam
819 3602 855 3669 in
869 3601 984 3672 veteri
998 3600 1221 3669 Testamento

57 3717 207 3795 mentor,
233 3707 386 3799 largitor
410 3709 682 3796 charismatum,
717 3709 918 3779 illustrator
946 3707 1220 3799 prophetarum

56 3817 268 3908 promittitur
290 3817 487 3907 profuturo
503 3840 592 3887 novo
602 3817 821 3886 Testamento
831 3816 988 3907 Spiritus
1000 3814 1122 3883 Sancti
1136 3836 1223 3883 oom-

56 3923 236 3996 nunicatio
259 3921 574 3993 abundantioribus
597 3923 708 4010 donis;
737 3922 893 4012 Spiritus
917 3920 1067 3990 Sanetus
1091 3920 1224 3989 dicitur
1292 3935 1296 3943 '

56 4033 207 4104 initiator
243 4029 357 4120 ipsius
385 4029 532 4101 Massiua
561 4029 716 4100 venturi.
753 4027 944 4118 «Spiritus
974 4027 1050 4096 eius
1082 4026 1225 4096 ornavit

56 4146 158 4217 coelos
174 4173 192 4210 n
218 4143 282 4214 Iob
310 4141 444 4210 XXVI.
467 4140 529 4227 13;
558 4138 727 4208 «emittes
751 4136 925 4227 Spiritum
948 4142 1047 4206 tunm
1071 4141 1107 4204 et
1131 4155 1224 4204 orea-

56 4252 208 4326 bnnturn
235 4253 294 4321 Ps.
309 4249 404 4319 CIII.
420 4249 476 4336 303
499 4278 516 4313 a
534 4247 706 4338 Spiritum
724 4246 890 4316 Sanctum
906 4236 1006 4315 tuum
1022 4267 1065 4313 ne
1083 4244 1225 4313 auferas

117 4490 161 4566 (1)
178 4493 221 4547 Da
234 4490 288 4546 boo
300 4488 391 4546 inolw
403 4492 434 4544 st
447 4486 481 4543 ds
494 4489 542 4542 Ps.
556 4486 600 4556 44,
613 4487 640 4541 7.
653 4484 720 4541 vido
733 4485 829 4542 'lrsot
844 4483 878 4540 dc
888 4483 1100 4541 Incarnatioue.
