3172 4950
696 324 734 339 ..
756 290 816 352 468
837 321 876 339 .-

270 400 346 469 Iam
368 400 406 469 in
428 398 492 468 hoc
515 398 630 467 stadio
653 394 822 488 simplicis
845 394 927 466 fidei
949 396 987 465 in
1011 394 1186 487 Spiritum
1210 395 1336 467 Sanctum

206 530 387 602 personam
409 506 550 576 tertiam
574 504 837 595 glorificandam
865 526 942 573 oum
965 505 1073 574 Patre
1087 512 1125 573 et
1138 504 1238 589 Filio,
1258 505 1338 596 Spiri-

207 624 283 688 tum
306 614 424 684 Patris
447 621 482 682 et
504 612 603 697 Filii,
629 611 690 704 qui
712 633 735 678 a
760 612 865 681 Patre
892 611 1049 702 procedit
1071 619 1110 681 et
1131 633 1153 679 a
1174 611 1261 681 Filio
1278 611 1339 682 ecci·

208 725 274 815 pit,
300 720 461 814 quonism
485 719 599 787 omnia
621 741 709 811 quae
732 726 815 789 sunt
837 718 956 789 Patris
979 725 1063 789 sunt
1086 719 1187 801 Filii,
1213 719 1266 811 qui
1287 719 1339 787 nit

208 829 300 900 titur
323 850 344 896 a
366 828 470 896 Patre
493 833 529 895 et
550 826 644 895 Filio
660 832 742 913 ete,
758 850 827 895 uon
852 833 945 898 esset
960 826 1101 912 mirum,
1126 827 1159 895 si
1181 825 1339 895 distinctior

209 934 398 1027 explicatio
420 931 512 999 modi
534 934 762 1025 processionis
784 934 934 1003 nondum
957 934 1198 1024 reperiretur,
1222 955 1290 1003 eum
1304 932 1339 1001 ed·

209 1041 392 1113 versarius
415 1039 529 1109 adhuc
552 1039 674 1108 nullus
697 1040 867 1128 instaret3
893 1047 986 1110 certe
1000 1062 1071 1109 non
1092 1046 1148 1109 est
1170 1038 1339 1129 expectando

213 1147 431 1219 «instantior
453 1146 698 1237 praedicatio»
723 1153 758 1216 et
774 1147 873 1219 velut
887 1147 1058 1237 polemico
1074 1146 1230 1216 defensio
1244 1168 1339 1238 proces

211 1256 320 1326 sionis
341 1276 363 1322 a
384 1255 490 1322 Patre
512 1259 549 1322 et
569 1253 683 1340 Fili03
709 1253 860 1346 adeoque
876 1255 971 1323 eirca
985 1252 1050 1322 hoc
1064 1262 1173 1344 capnt
1198 1251 1339 1324 facilest

210 1363 308 1431 mitti
323 1365 437 1452 potest
451 1360 628 1450 profectus
644 1360 775 1451 aliquis
798 1359 963 1431 catholici
979 1360 1183 1430 intellectus
1197 1362 1258 1449 (oi.
1270 1364 1339 1451 eupit

210 1493 246 1561 p.
258 1469 427 1555 ass-155),
449 1496 466 1533 u
480 1472 521 1536 ut
536 1468 627 1559 quod
641 1475 744 1537 antee
758 1467 966 1558 simpliciter
980 1468 1199 1554 credebatur,
1212 1469 1273 1537 hoe
1285 1467 1339 1536 ider

211 1583 331 1667 postea
352 1574 559 1663 diligentius
583 1575 793 1660 crederetur,
819 1575 910 1667 quod
931 1582 1035 1644 antea
1056 1576 1191 1645 lentius
1205 1573 1339 1665 praediea

212 1684 328 1766 batur,
346 1681 410 1749 hoc
432 1681 523 1749 idem
538 1688 657 1770 postea
674 1681 867 1749 instantius
882 1682 1157 1770 praedicaretur,
1175 1682 1263 1774 quod
1274 1687 1339 1749 enta

212 1788 370 1858 securius
393 1787 582 1871 colebatur,
608 1787 673 1856 hoc
695 1787 786 1856 idem
808 1794 926 1877 postea
941 1787 1117 1857 solicitius
1132 1789 1339 1857 excoleretur

213 1894 260 1981 (V
261 1896 330 1963 ino.
344 1893 459 1962 Lirin.
474 1893 675 1962 Commonit.
691 1917 726 1962 n.
742 1893 1060 1979 tauthitanus
1077 1895 1216 1965 saeculo
1231 1890 1339 1962 ismIII

211 2002 250 2069 in
272 2001 432 2068 doctrina
455 2002 496 2069 de
520 1999 746 2069 distinctione
762 2023 985 2090 personarum
1001 2000 1205 2071 divinarum
1219 1999 1339 2092 explicit

212 2106 411 2176 declaratur
440 2107 611 2196 processio
644 2106 800 2197 Spiritus
830 2105 952 2175 Sancti
974 2128 997 2175 a
1019 2108 1129 2175 Patre
1145 2132 1212 2198 per
1233 2108 1339 2177 Filias

212 2214 249 2282 in
274 2214 530 2304 significatione
548 2214 711 2282 videlicet
727 2209 878 2300 ἀιιιατικῃ
892 2214 1150 2304 particularum
1169 2210 1199 2289 ἐξ
1216 2232 1339 2301 scutra

213 2329 249 2391 et
271 2315 335 2401 δια,
367 2320 461 2389 sicut
492 2321 597 2388 etiam
628 2322 844 2410 operationes
872 2323 917 2391 ad
946 2327 1048 2391 extra
1075 2321 1244 2392 dicuntur
1264 2338 1339 2391 esset

212 2431 317 2498 Patre
340 2452 401 2518 per
427 2427 571 2496 Filium.
601 2428 768 2518 Origenes
791 2434 887 2514 (tom.
906 2429 939 2497 2.
953 2430 991 2499 in
1004 2430 1055 2499 Io.
1070 2453 1106 2499 ιι.
1122 2432 1175 2516 6.)
1198 2430 1287 2499 siout
1302 2449 1339 2495 on

212 2536 291 2619 nia,
317 2536 451 2626 inquit,
477 2558 498 2601 a
520 2535 591 2603 Deo
614 2536 718 2605 Patre
741 2560 802 2626 per
825 2537 978 2607 Verbum
1004 2537 1100 2606 faeta
1126 2537 1298 2621 dicuntur,
1315 2534 1339 2602 it

212 2648 249 2710 ct
272 2641 444 2732 Spiritum
473 2642 640 2710 Sanctum
671 2666 738 2709 non
768 2666 842 2712 esse
865 2640 1022 2732 ἀγεννητον
1047 2644 1106 2713 sed
1130 2666 1206 2712 esse
1228 2662 1339 2733 percum

212 2758 249 2817 et
264 2770 401 2836 γεννιτιν
412 2772 473 2838 per
485 2749 648 2834 Verbum,
667 2750 750 2818 licet
765 2751 914 2821 emineat
929 2773 1036 2841 snpra
1047 2751 1204 2820 ordinem
1216 2749 1339 2836 omniun

214 2876 301 2945 quse
326 2854 419 2922 facta
444 2861 544 2940 sunt;
569 2854 702 2922 Filium
725 2855 835 2923 solum
866 2879 941 2924 esse
963 2857 1198 2944 unigenitum,
1217 2858 1260 2926 ad
1280 2876 1339 2947 quer

213 2961 409 3028 necessaria
431 2959 599 3027 relatione
629 2960 785 3029 refertur
808 2962 966 3052 Spiritus
992 2961 1167 3047 Sanctus,
1195 2958 1339 3031 «cumb

212 3068 285 3135 lius
308 3066 492 3156 hypostasi
516 3065 672 3155 Spiritus
696 3067 816 3137 Sancti
839 3068 1091 3153 subministret,
1116 3090 1186 3138 ιιοιι
1210 3069 1339 3139 solurnr

213 3173 273 3256 eit,
300 3173 358 3240 sed
383 3181 423 3241 ut
445 3174 493 3242 eit
509 3174 645 3264 sepiens
660 3181 696 3244 et
711 3174 965 3245 intellectualis
980 3182 1017 3245 et
1031 3176 1148 3245 iustus
1163 3184 1199 3247 et
1215 3173 1339 3270 quidqni

214 3300 291 3345 eum
314 3301 387 3347 esse
420 3280 620 3369 intelligere
651 3289 789 3372 oportet
819 3285 1007 3353 secuudum
1041 3285 1339 3355 communicatione

214 3384 393 3452 notionum
418 3385 575 3472 Christi,
602 3410 689 3479 quae
712 3390 816 3479 paulo
845 3396 926 3459 ante
950 3400 1231 3461 commemoratae
1254 3396 1339 3459 suut¹

214 3489 344 3558 Obiicit
367 3491 489 3561 deinde
521 3493 587 3561 sihi
622 3495 720 3585 ipse,
745 3496 1014 3589 doctrinaeque
1045 3497 1201 3588 Spiritus
1232 3498 1339 3568 Sancto

214 3598 348 3668 dicitur
370 3622 432 3689 per
455 3600 607 3669 Verbum
631 3604 871 3671 exsistentiam
895 3604 1020 3674 habere
1046 3600 1093 3689 (το
1122 3628 1239 3693 ascopa
1261 3624 1339 3695 yrun

216 3745 363 3797 versantis
376 3746 406 3798 in
425 3748 503 3798 terre
521 3761 582 3799 cnm
602 3746 662 3799 suis
680 3747 923 3816 Apostoli15unde
937 3750 989 3816 ult,
1004 3751 1211 3805 revelationem
1226 3747 1339 3818 respub

214 3828 317 3884 Sancto
336 3847 392 3884 non
415 3833 505 3885 fuisse
525 3835 630 3886 cleram
649 3850 699 3901 pro
719 3837 870 3890 intellectu
897 3837 1100 3905 discipulorum
1120 3843 1150 3893 et
1168 3841 1288 3894 fidelium
1304 3840 1339 3890 ut

215 3917 326 3971 Christl
345 3935 490 3974 ascensum
508 3923 538 3974 in
557 3925 683 3990 eoelum,
706 3926 833 3992 hancque
853 3941 915 3980 esse
935 3925 1093 3982 doctrinam
1111 3944 1147 3981 ex
1160 3930 1208 3997 iis,
1222 3927 1339 3997 questu

215 4008 286 4059 stoli
304 4008 426 4061 nondum
444 4016 578 4076 poterent
597 4018 711 4079 portare
730 4014 782 4085 (ib.
794 4032 823 4069 ιι.
838 4013 895 4086 27).
916 4018 953 4068 2·.
971 4017 1126 4083 Gregorius
1145 4014 1339 4087 loquitnrmtr

215 4096 330 4163 pothesi
353 4097 597 4168 adversariorum,
626 4118 708 4169 quam
733 4102 835 4157 deinde
861 4103 904 4177 (ιι.
925 4103 983 4176 29.)
1010 4108 1112 4160 taleam
1136 4110 1278 4176 ostendit,
1297 4118 1339 4173 510

215 4181 347 4237 doctrina
371 4184 404 4236 de
433 4184 560 4253 Spiritus
579 4189 676 4243 Sancti
695 4190 851 4245 divinitate
874 4209 930 4246 non
952 4197 1134 4250 contineatur
1155 4197 1186 4251 iu
1204 4192 1337 4264 Scriptum

216 4273 291 4341 qood
316 4275 342 4326 si
368 4289 464 4327 rerum
490 4281 585 4344 esset,
613 4281 801 4335 nihilominus
827 4280 928 4349 dogma
954 4284 1200 4341 demonstraretur
1215 4300 1249 4341 ex
1264 4278 1335 4355 proed

216 4362 327 4416 catione
346 4366 376 4418 ot
393 4363 551 4419 traditione
570 4369 736 4435 apostolice.
