<?xml version="1.0" encoding="UTF-8"?>
<!DOCTYPE html PUBLIC "-//W3C//DTD XHTML 1.0 Transitional//EN"
    "http://www.w3.org/TR/xhtml1/DTD/xhtml1-transitional.dtd">
<html xmlns="http://www.w3.org/1999/xhtml" xml:lang="en" lang="en">
 <head>
  <title>
</title>
<meta http-equiv="Content-Type" content="text/html;charset=utf-8" />
  <meta name='ocr-system' content='tesseract 3.04.00' />
  <meta name='ocr-capabilities' content='ocr_page ocr_carea ocr_par ocr_line ocrx_word'/>
</head>
<body>
  <div class='ocr_page' id='page_1' title='image "./tractatusdedeot00frangoog/tractatusdedeot00frangoog_0594.png"; bbox 0 0 3172 4950; ppageno 0'>
   <div class='ocr_carea' id='block_1_1' title="bbox 550 330 729 395">
    <p class='ocr_par' dir='ltr' id='par_1_1' title="bbox 550 330 729 395">
     <span class='ocr_line' id='line_1_1' title="bbox 550 330 729 395; baseline 0.011 -17"><span class='ocrx_word' id='word_1_1' title='bbox 550 330 729 395; x_wconf 46' lang='lat'>*5834</span> 
     </span>
    </p>
   </div>
   <div class='ocr_carea' id='block_1_2' title="bbox 53 391 1231 1359">
    <p class='ocr_par' dir='ltr' id='par_1_2' title="bbox 447 391 461 423">
     <span class='ocr_line' id='line_1_2' title="bbox 447 391 461 423; baseline 0 0"><span class='ocrx_word' id='word_1_2' title='bbox 447 391 461 423; x_wconf 56' lang='lat' dir='ltr'><strong>S</strong></span> 
     </span>
    </p>

    <p class='ocr_par' dir='ltr' id='par_1_3' title="bbox 53 429 1231 1359">
     <span class='ocr_line' id='line_1_3' title="bbox 54 429 1229 534; baseline 0.009 -32"><span class='ocrx_word' id='word_1_3' title='bbox 54 429 115 505; x_wconf 87' lang='lat' dir='ltr'><strong>aed</strong></span> <span class='ocrx_word' id='word_1_4' title='bbox 139 436 268 526; x_wconf 87' lang='lat' dir='ltr'><strong>absque</strong></span> <span class='ocrx_word' id='word_1_5' title='bbox 291 437 579 507; x_wconf 82' lang='lat' dir='ltr'>determinatione</span> <span class='ocrx_word' id='word_1_6' title='bbox 603 438 797 528; x_wconf 87' lang='lat' dir='ltr'><strong>personalis</strong></span> <span class='ocrx_word' id='word_1_7' title='bbox 828 438 1064 525; x_wconf 55' lang='lat' dir='ltr'><strong>characteri83</strong></span> <span class='ocrx_word' id='word_1_8' title='bbox 1089 464 1157 534; x_wconf 90' lang='lat' dir='ltr'><strong>quo</strong></span> <span class='ocrx_word' id='word_1_9' title='bbox 1181 445 1229 514; x_wconf 90' lang='lat' dir='ltr'><strong>sit</strong></span> 
     </span>
     <span class='ocr_line' id='line_1_4' title="bbox 54 541 1228 639; baseline 0.009 -30"><span class='ocrx_word' id='word_1_10' title='bbox 54 541 228 612; x_wconf 78' lang='lat' dir='ltr'><strong>donabile.</strong></span> <span class='ocrx_word' id='word_1_11' title='bbox 242 543 316 611; x_wconf 90' lang='lat' dir='ltr'><strong>Hoc</strong></span> <span class='ocrx_word' id='word_1_12' title='bbox 335 566 440 613; x_wconf 87' lang='lat' dir='ltr'><strong>sensu</strong></span> <span class='ocrx_word' id='word_1_13' title='bbox 464 546 580 614; x_wconf 88' lang='lat' dir='ltr'><strong>eadem</strong></span> <span class='ocrx_word' id='word_1_14' title='bbox 603 553 658 615; x_wconf 87' lang='lat' dir='ltr'><strong>est</strong></span> <span class='ocrx_word' id='word_1_15' title='bbox 679 546 772 615; x_wconf 87' lang='lat' dir='ltr'><strong>ratio</strong></span> <span class='ocrx_word' id='word_1_16' title='bbox 797 545 874 612; x_wconf 83' lang='lat' dir='ltr'><strong>dati</strong></span> <span class='ocrx_word' id='word_1_17' title='bbox 896 569 936 616; x_wconf 90' lang='lat' dir='ltr'><strong>ao</strong></span> <span class='ocrx_word' id='word_1_18' title='bbox 960 550 1075 630; x_wconf 81' lang='lat' dir='ltr'><strong>missi,</strong></span> <span class='ocrx_word' id='word_1_19' title='bbox 1094 556 1129 618; x_wconf 91' lang='lat' dir='ltr'><strong>et</strong></span> <span class='ocrx_word' id='word_1_20' title='bbox 1150 559 1228 639; x_wconf 87' lang='lat' dir='ltr'><strong>pro·</strong></span> 
     </span>
     <span class='ocr_line' id='line_1_5' title="bbox 53 649 1227 743; baseline 0.009 -26"><span class='ocrx_word' id='word_1_21' title='bbox 53 649 137 718; x_wconf 90' lang='lat' dir='ltr'><strong>inde</strong></span> <span class='ocrx_word' id='word_1_22' title='bbox 160 649 276 717; x_wconf 85' lang='lat' dir='ltr'><strong>Filius</strong></span> <span class='ocrx_word' id='word_1_23' title='bbox 299 656 415 739; x_wconf 90' lang='lat' dir='ltr'><strong>potest</strong></span> <span class='ocrx_word' id='word_1_24' title='bbox 438 650 509 721; x_wconf 92' lang='lat' dir='ltr'><strong>dici</strong></span> <span class='ocrx_word' id='word_1_25' title='bbox 532 652 659 721; x_wconf 89' lang='lat' dir='ltr'><strong>donum</strong></span> <span class='ocrx_word' id='word_1_26' title='bbox 684 653 813 737; x_wconf 90' lang='lat' dir='ltr'><strong>Patris,</strong></span> <span class='ocrx_word' id='word_1_27' title='bbox 833 653 991 743; x_wconf 81' lang='lat' dir='ltr'>Spiritus</span> <span class='ocrx_word' id='word_1_28' title='bbox 1007 654 1227 738; x_wconf 85' lang='lat' dir='ltr'><strong>Sanctusdo·</strong></span> 
     </span>
     <span class='ocr_line' id='line_1_6' title="bbox 54 757 1228 851; baseline 0.009 -28"><span class='ocrx_word' id='word_1_29' title='bbox 54 780 140 824; x_wconf 89' lang='lat' dir='ltr'><strong>num</strong></span> <span class='ocrx_word' id='word_1_30' title='bbox 163 757 282 825; x_wconf 88' lang='lat' dir='ltr'><strong>Patris</strong></span> <span class='ocrx_word' id='word_1_31' title='bbox 305 763 341 826; x_wconf 90' lang='lat' dir='ltr'><strong>et</strong></span> <span class='ocrx_word' id='word_1_32' title='bbox 362 757 460 827; x_wconf 87' lang='lat' dir='ltr'><strong>Filii.</strong></span> <span class='ocrx_word' id='word_1_33' title='bbox 486 760 643 851; x_wconf 90' lang='lat' dir='ltr'><strong>Denique</strong></span> <span class='ocrx_word' id='word_1_34' title='bbox 668 764 697 846; x_wconf 90' lang='lat' dir='ltr'><strong>c)</strong></span> <span class='ocrx_word' id='word_1_35' title='bbox 721 761 895 850; x_wconf 77' lang='lat' dir='ltr'><strong>accipitur</strong></span> <span class='ocrx_word' id='word_1_36' title='bbox 926 784 1030 831; x_wconf 87' lang='lat' dir='ltr'><strong>sensu</strong></span> <span class='ocrx_word' id='word_1_37' title='bbox 1053 764 1228 833; x_wconf 78' lang='lat' dir='ltr'><strong>strictiori</strong></span> 
     </span>
     <span class='ocr_line' id='line_1_7' title="bbox 55 862 1231 958; baseline 0.005 -27"><span class='ocrx_word' id='word_1_38' title='bbox 55 862 264 951; x_wconf 79' lang='lat' dir='ltr'><strong>designante</strong></span> <span class='ocrx_word' id='word_1_39' title='bbox 286 867 361 930; x_wconf 88' lang='lat' dir='ltr'><strong>tum</strong></span> <span class='ocrx_word' id='word_1_40' title='bbox 385 863 645 934; x_wconf 85' lang='lat' dir='ltr'><strong>distinctionem</strong></span> <span class='ocrx_word' id='word_1_41' title='bbox 668 866 883 955; x_wconf 80' lang='lat' dir='ltr'><strong>personalem</strong></span> <span class='ocrx_word' id='word_1_42' title='bbox 898 873 973 935; x_wconf 91' lang='lat' dir='ltr'><strong>tum</strong></span> <span class='ocrx_word' id='word_1_43' title='bbox 989 868 1163 958; x_wconf 88' lang='lat' dir='ltr'><strong>propriam</strong></span> <span class='ocrx_word' id='word_1_44' title='bbox 1178 891 1231 937; x_wconf 87' lang='lat' dir='ltr'><strong>ra-</strong></span> 
     </span>
     <span class='ocr_line' id='line_1_8' title="bbox 54 970 1229 1065; baseline 0.006 -26"><span class='ocrx_word' id='word_1_45' title='bbox 54 971 186 1039; x_wconf 88' lang='lat' dir='ltr'><strong>tionem</strong></span> <span class='ocrx_word' id='word_1_46' title='bbox 210 970 439 1059; x_wconf 84' lang='lat' dir='ltr'><strong>processionis</strong></span> <span class='ocrx_word' id='word_1_47' title='bbox 454 995 516 1062; x_wconf 93' lang='lat' dir='ltr'><strong>per</strong></span> <span class='ocrx_word' id='word_1_48' title='bbox 531 973 668 1040; x_wconf 90' lang='lat' dir='ltr'><strong>modum</strong></span> <span class='ocrx_word' id='word_1_49' title='bbox 679 976 792 1062; x_wconf 83' lang='lat' dir='ltr'><strong>primi</strong></span> <span class='ocrx_word' id='word_1_50' title='bbox 807 976 901 1056; x_wconf 80' lang='lat' dir='ltr'><strong>doci,</strong></span> <span class='ocrx_word' id='word_1_51' title='bbox 924 974 959 1041; x_wconf 89' lang='lat' dir='ltr'><strong>h.</strong></span> <span class='ocrx_word' id='word_1_52' title='bbox 973 998 1002 1042; x_wconf 91' lang='lat' dir='ltr'><strong>e.</strong></span> <span class='ocrx_word' id='word_1_53' title='bbox 1018 998 1079 1065; x_wconf 92' lang='lat' dir='ltr'><strong>per</strong></span> <span class='ocrx_word' id='word_1_54' title='bbox 1093 977 1229 1047; x_wconf 90' lang='lat' dir='ltr'><strong>modum</strong></span> 
     </span>
     <span class='ocr_line' id='line_1_9' title="bbox 54 1076 1226 1170; baseline 0.008 -26"><span class='ocrx_word' id='word_1_55' title='bbox 54 1077 197 1164; x_wconf 87' lang='lat' dir='ltr'><strong>amoris;</strong></span> <span class='ocrx_word' id='word_1_56' title='bbox 221 1076 285 1146; x_wconf 92' lang='lat' dir='ltr'><strong>hoc</strong></span> <span class='ocrx_word' id='word_1_57' title='bbox 307 1100 410 1146; x_wconf 86' lang='lat' dir='ltr'><strong>sensu</strong></span> <span class='ocrx_word' id='word_1_58' title='bbox 432 1077 659 1168; x_wconf 87' lang='lat' dir='ltr'><strong>proprietatis</strong></span> <span class='ocrx_word' id='word_1_59' title='bbox 681 1080 881 1164; x_wconf 87' lang='lat' dir='ltr'><strong>notionalis,</strong></span> <span class='ocrx_word' id='word_1_60' title='bbox 901 1086 942 1148; x_wconf 89' lang='lat' dir='ltr'><strong>ut</strong></span> <span class='ocrx_word' id='word_1_61' title='bbox 957 1080 1226 1170; x_wconf 84' lang='lat' dir='ltr'><strong>declaravimus,</strong></span> 
     </span>
     <span class='ocr_line' id='line_1_10' title="bbox 54 1183 1226 1295; baseline 0.006 -43"><span class='ocrx_word' id='word_1_62' title='bbox 54 1183 153 1252; x_wconf 88' lang='lat' dir='ltr'><strong>solus</strong></span> <span class='ocrx_word' id='word_1_63' title='bbox 177 1183 333 1273; x_wconf 88' lang='lat' dir='ltr'><strong>Spiritus</strong></span> <span class='ocrx_word' id='word_1_64' title='bbox 357 1184 508 1254; x_wconf 87' lang='lat' dir='ltr'><strong>Sanctus</strong></span> <span class='ocrx_word' id='word_1_65' title='bbox 524 1185 650 1254; x_wconf 90' lang='lat' dir='ltr'><strong>donum</strong></span> <span class='ocrx_word' id='word_1_66' title='bbox 666 1193 732 1295; x_wconf 85' lang='lat' dir='ltr'><strong>est.</strong></span> <span class='ocrx_word' id='word_1_67' title='bbox 746 1186 799 1254; x_wconf 85' lang='lat' dir='ltr'><strong>cf.</strong></span> <span class='ocrx_word' id='word_1_68' title='bbox 815 1186 906 1255; x_wconf 84' lang='lat' dir='ltr'><strong>Ruiz</strong></span> <span class='ocrx_word' id='word_1_69' title='bbox 919 1187 1009 1278; x_wconf 88' lang='lat' dir='ltr'><strong>disp.</strong></span> <span class='ocrx_word' id='word_1_70' title='bbox 1025 1189 1080 1256; x_wconf 80' lang='lat'><strong>75.</strong></span> <span class='ocrx_word' id='word_1_71' title='bbox 1093 1195 1177 1259; x_wconf 89' lang='lat' dir='ltr'><strong>sect.</strong></span> <span class='ocrx_word' id='word_1_72' title='bbox 1192 1192 1226 1259; x_wconf 82' lang='lat'><strong>2.</strong></span> 
     </span>
     <span class='ocr_line' id='line_1_11' title="bbox 54 1291 199 1359; baseline -0.015 -1"><span class='ocrx_word' id='word_1_73' title='bbox 54 1314 152 1359; x_wconf 92' lang='lat' dir='ltr'><strong>num.</strong></span> <span class='ocrx_word' id='word_1_74' title='bbox 165 1291 199 1357; x_wconf 88' lang='lat'><strong>8.</strong></span> 
     </span>
    </p>
   </div>
   <div class='ocr_carea' id='block_1_3' title="bbox 494 1422 788 1484">
    <p class='ocr_par' dir='ltr' id='par_1_4' title="bbox 494 1422 788 1484">
     <span class='ocr_line' id='line_1_12' title="bbox 494 1422 788 1484; baseline 0.007 -4"><span class='ocrx_word' id='word_1_75' title='bbox 494 1422 637 1482; x_wconf 85' lang='lat' dir='ltr'><strong>THESIS</strong></span> <span class='ocrx_word' id='word_1_76' title='bbox 658 1423 788 1484; x_wconf 88' lang='lat' dir='ltr'><strong>XLVII.</strong></span> 
     </span>
    </p>
   </div>
   <div class='ocr_carea' id='block_1_4' title="bbox 90 1543 1169 1725">
    <p class='ocr_par' dir='ltr' id='par_1_5' title="bbox 90 1543 1169 1725">
     <span class='ocr_line' id='line_1_13' title="bbox 125 1543 1169 1625; baseline 0.008 -23"><span class='ocrx_word' id='word_1_77' title='bbox 125 1543 317 1620; x_wconf 74' lang='lat' dir='ltr'><strong>Explicatio</strong></span> <span class='ocrx_word' id='word_1_78' title='bbox 340 1546 455 1622; x_wconf 74' lang='lat' dir='ltr'><strong>aliqua</strong></span> <span class='ocrx_word' id='word_1_79' title='bbox 476 1546 573 1605; x_wconf 75' lang='lat' dir='ltr'><strong>huius</strong></span> <span class='ocrx_word' id='word_1_80' title='bbox 594 1549 682 1606; x_wconf 81' lang='lat' dir='ltr'><strong>velut</strong></span> <span class='ocrx_word' id='word_1_81' title='bbox 703 1547 909 1606; x_wconf 75' lang='lat' dir='ltr'><strong>habitudinis</strong></span> <span class='ocrx_word' id='word_1_82' title='bbox 932 1553 1111 1625; x_wconf 80' lang='lat' dir='ltr'><strong>peculiaris</strong></span> <span class='ocrx_word' id='word_1_83' title='bbox 1133 1553 1169 1610; x_wconf 80' lang='lat' dir='ltr'><strong>in</strong></span> 
     </span>
     <span class='ocr_line' id='line_1_14' title="bbox 90 1640 1107 1725; baseline 0.006 -25"><span class='ocrx_word' id='word_1_84' title='bbox 90 1694 98 1712; x_wconf 76' lang='grc'><strong>,</strong></span> <span class='ocrx_word' id='word_1_85' title='bbox 185 1640 314 1718; x_wconf 81' lang='lat' dir='ltr'><strong>Spiritu</strong></span> <span class='ocrx_word' id='word_1_86' title='bbox 334 1642 454 1704; x_wconf 79' lang='lat' dir='ltr'><strong>Sancto</strong></span> <span class='ocrx_word' id='word_1_87' title='bbox 475 1645 519 1703; x_wconf 86' lang='lat' dir='ltr'><strong>ad</strong></span> <span class='ocrx_word' id='word_1_88' title='bbox 541 1645 815 1706; x_wconf 80' lang='lat' dir='ltr'><strong>iclrahitctiooerc</strong></span> <span class='ocrx_word' id='word_1_89' title='bbox 836 1649 1107 1725; x_wconf 73' lang='lat' dir='ltr'><strong>sanctificantem.</strong></span> 
     </span>
    </p>
   </div>
   <div class='ocr_carea' id='block_1_5' title="bbox 113 1764 1230 1874">
    <p class='ocr_par' dir='ltr' id='par_1_6' title="bbox 113 1764 1230 1874">
     <span class='ocr_line' id='line_1_15' title="bbox 113 1764 1230 1874; baseline 0.011 -21"><span class='ocrx_word' id='word_1_90' title='bbox 113 1806 221 1870; x_wconf 74' lang='lat' dir='ltr'><strong>«Quod</strong></span> <span class='ocrx_word' id='word_1_91' title='bbox 240 1807 331 1871; x_wconf 82' lang='lat' dir='ltr'><strong>igitur</strong></span> <span class='ocrx_word' id='word_1_92' title='bbox 350 1806 514 1874; x_wconf 83' lang='lat' dir='ltr'><strong>Scripturas</strong></span> <span class='ocrx_word' id='word_1_93' title='bbox 543 1813 572 1861; x_wconf 92' lang='lat' dir='ltr'><strong>et</strong></span> <span class='ocrx_word' id='word_1_94' title='bbox 598 1764 700 1862; x_wconf 56' lang='lat' dir='ltr'><strong>Pieres</strong></span> <span class='ocrx_word' id='word_1_95' title='bbox 719 1809 958 1862; x_wconf 72' lang='lat' dir='ltr'><strong>inhabitationem</strong></span> <span class='ocrx_word' id='word_1_96' title='bbox 987 1810 1018 1862; x_wconf 91' lang='lat' dir='ltr'><strong>in</strong></span> <span class='ocrx_word' id='word_1_97' title='bbox 1045 1812 1230 1865; x_wconf 84' lang='lat' dir='ltr'><strong>sanctificatis</strong></span> 
     </span>
    </p>
   </div>
   <div class='ocr_carea' id='block_1_6' title="bbox 56 1897 1241 3126">
    <p class='ocr_par' dir='ltr' id='par_1_7' title="bbox 56 1897 1241 3126">
     <span class='ocr_line' id='line_1_16' title="bbox 58 1897 1229 1966; baseline 0.004 -18"><span class='ocrx_word' id='word_1_98' title='bbox 58 1897 277 1962; x_wconf 78' lang='lat' dir='ltr'><strong>»singulariter</strong></span> <span class='ocrx_word' id='word_1_99' title='bbox 295 1897 423 1950; x_wconf 88' lang='lat' dir='ltr'><strong>tribuere</strong></span> <span class='ocrx_word' id='word_1_100' title='bbox 443 1897 579 1951; x_wconf 82' lang='lat' dir='ltr'><strong>videntur</strong></span> <span class='ocrx_word' id='word_1_101' title='bbox 597 1897 721 1965; x_wconf 86' lang='lat' dir='ltr'><strong>Spiritui</strong></span> <span class='ocrx_word' id='word_1_102' title='bbox 739 1897 852 1964; x_wconf 81' lang='lat' dir='ltr'><strong>Sancto,</strong></span> <span class='ocrx_word' id='word_1_103' title='bbox 873 1898 903 1950; x_wconf 91' lang='lat' dir='ltr'><strong>id</strong></span> <span class='ocrx_word' id='word_1_104' title='bbox 923 1898 1124 1966; x_wconf 87' lang='lat' dir='ltr'><strong>explicandum</strong></span> <span class='ocrx_word' id='word_1_105' title='bbox 1137 1902 1182 1953; x_wconf 90' lang='lat' dir='ltr'><strong>est</strong></span> <span class='ocrx_word' id='word_1_106' title='bbox 1195 1915 1229 1953; x_wconf 86' lang='lat' dir='ltr'><strong>ex</strong></span> 
     </span>
     <span class='ocr_line' id='line_1_17' title="bbox 59 1986 1228 2057; baseline 0.007 -24"><span class='ocrx_word' id='word_1_107' title='bbox 59 1986 152 2053; x_wconf 71' lang='lat' dir='ltr'><strong>»ipsa</strong></span> <span class='ocrx_word' id='word_1_108' title='bbox 170 1986 232 2039; x_wconf 89' lang='lat' dir='ltr'><strong>eina</strong></span> <span class='ocrx_word' id='word_1_109' title='bbox 251 1986 428 2053; x_wconf 85' lang='lat' dir='ltr'><strong>proprietate</strong></span> <span class='ocrx_word' id='word_1_110' title='bbox 447 1988 602 2053; x_wconf 87' lang='lat' dir='ltr'><strong>personali.</strong></span> <span class='ocrx_word' id='word_1_111' title='bbox 623 1987 690 2041; x_wconf 79' lang='lat' dir='ltr'><strong>Oum</strong></span> <span class='ocrx_word' id='word_1_112' title='bbox 710 1987 785 2040; x_wconf 89' lang='lat' dir='ltr'><strong>enim</strong></span> <span class='ocrx_word' id='word_1_113' title='bbox 804 1990 880 2041; x_wconf 85' lang='lat' dir='ltr'><strong>Deus</strong></span> <span class='ocrx_word' id='word_1_114' title='bbox 907 1989 1055 2042; x_wconf 88' lang='lat' dir='ltr'><strong>inhahitet</strong></span> <span class='ocrx_word' id='word_1_115' title='bbox 1083 1993 1228 2057; x_wconf 84' lang='lat' dir='ltr'><strong>tamqnam</strong></span> 
     </span>
     <span class='ocr_line' id='line_1_18' title="bbox 59 2075 1230 2146; baseline 0.007 -22"><span class='ocrx_word' id='word_1_116' title='bbox 59 2075 212 2127; x_wconf 71' lang='lat' dir='ltr'><strong>»charitas</strong></span> <span class='ocrx_word' id='word_1_117' title='bbox 231 2076 376 2138; x_wconf 86' lang='lat' dir='ltr'><strong>increata,</strong></span> <span class='ocrx_word' id='word_1_118' title='bbox 399 2077 424 2127; x_wconf 82' lang='grc' dir='ltr'><strong>1ο</strong></span> <span class='ocrx_word' id='word_1_119' title='bbox 443 2076 475 2128; x_wconf 91' lang='lat' dir='ltr'><strong>in</strong></span> <span class='ocrx_word' id='word_1_120' title='bbox 494 2077 669 2143; x_wconf 81' lang='lat' dir='ltr'><strong>proprietate</strong></span> <span class='ocrx_word' id='word_1_121' title='bbox 696 2076 798 2129; x_wconf 76' lang='lat' dir='ltr'><strong>amoris</strong></span> <span class='ocrx_word' id='word_1_122' title='bbox 814 2077 993 2143; x_wconf 79' lang='lat' dir='ltr'><strong>procedentia</strong></span> <span class='ocrx_word' id='word_1_123' title='bbox 1011 2082 1056 2130; x_wconf 87' lang='lat' dir='ltr'><strong>est</strong></span> <span class='ocrx_word' id='word_1_124' title='bbox 1075 2079 1230 2146; x_wconf 87' lang='lat' dir='ltr'><strong>peculiaris</strong></span> 
     </span>
     <span class='ocr_line' id='line_1_19' title="bbox 59 2164 1230 2233; baseline 0.007 -21"><span class='ocrx_word' id='word_1_125' title='bbox 59 2186 72 2212; x_wconf 72' lang='grc' dir='ltr'>ι</span> <span class='ocrx_word' id='word_1_126' title='bbox 86 2164 164 2218; x_wconf 84' lang='lat' dir='ltr'><strong>ratio</strong></span> <span class='ocrx_word' id='word_1_127' title='bbox 184 2164 220 2217; x_wconf 88' lang='lat' dir='ltr'><strong>ad</strong></span> <span class='ocrx_word' id='word_1_128' title='bbox 238 2165 313 2217; x_wconf 88' lang='lat' dir='ltr'><strong>hanc</strong></span> <span class='ocrx_word' id='word_1_129' title='bbox 330 2164 582 2232; x_wconf 84' lang='lat' dir='ltr'><strong>inhabitationem,</strong></span> <span class='ocrx_word' id='word_1_130' title='bbox 604 2181 676 2232; x_wconf 88' lang='lat' dir='ltr'><strong>quae</strong></span> <span class='ocrx_word' id='word_1_131' title='bbox 695 2170 789 2219; x_wconf 81' lang='lat' dir='ltr'><strong>tamen</strong></span> <span class='ocrx_word' id='word_1_132' title='bbox 808 2170 926 2233; x_wconf 88' lang='lat' dir='ltr'><strong>propter</strong></span> <span class='ocrx_word' id='word_1_133' title='bbox 945 2167 1085 2220; x_wconf 86' lang='lat' dir='ltr'><strong>unitatem</strong></span> <span class='ocrx_word' id='word_1_134' title='bbox 1108 2172 1230 2221; x_wconf 86' lang='lat' dir='ltr'><strong>naturae</strong></span> 
     </span>
     <span class='ocr_line' id='line_1_20' title="bbox 59 2251 1229 2322; baseline 0.005 -19"><span class='ocrx_word' id='word_1_135' title='bbox 59 2251 242 2307; x_wconf 65' lang='lat' dir='ltr'><strong>„communis</strong></span> <span class='ocrx_word' id='word_1_136' title='bbox 261 2256 306 2306; x_wconf 87' lang='lat' dir='ltr'><strong>eat</strong></span> <span class='ocrx_word' id='word_1_137' title='bbox 324 2254 381 2306; x_wconf 88' lang='lat' dir='ltr'><strong>toti</strong></span> <span class='ocrx_word' id='word_1_138' title='bbox 399 2253 554 2320; x_wconf 75' lang='lat' dir='ltr'><strong>Trinitati5</strong></span> <span class='ocrx_word' id='word_1_139' title='bbox 577 2256 603 2306; x_wconf 72' lang='lat'><strong>2⁰</strong></span> <span class='ocrx_word' id='word_1_140' title='bbox 623 2270 657 2307; x_wconf 89' lang='lat' dir='ltr'><strong>ex</strong></span> <span class='ocrx_word' id='word_1_141' title='bbox 678 2255 774 2308; x_wconf 86' lang='lat' dir='ltr'><strong>eadem</strong></span> <span class='ocrx_word' id='word_1_142' title='bbox 793 2256 970 2322; x_wconf 89' lang='lat' dir='ltr'><strong>proprietate</strong></span> <span class='ocrx_word' id='word_1_143' title='bbox 995 2255 1130 2308; x_wconf 89' lang='lat' dir='ltr'><strong>dicuntur</strong></span> <span class='ocrx_word' id='word_1_144' title='bbox 1142 2257 1229 2310; x_wconf 88' lang='lat' dir='ltr'><strong>Pater</strong></span> 
     </span>
     <span class='ocr_line' id='line_1_21' title="bbox 59 2343 1228 2412; baseline 0.006 -20"><span class='ocrx_word' id='word_1_145' title='bbox 59 2347 115 2397; x_wconf 68' lang='lat' dir='ltr'><strong>„et</strong></span> <span class='ocrx_word' id='word_1_146' title='bbox 134 2343 230 2395; x_wconf 71' lang='lat' dir='ltr'><strong>Filius</strong></span> <span class='ocrx_word' id='word_1_147' title='bbox 249 2343 325 2396; x_wconf 85' lang='lat' dir='ltr'><strong>sicut</strong></span> <span class='ocrx_word' id='word_1_148' title='bbox 343 2358 437 2396; x_wconf 88' lang='lat' dir='ltr'><strong>amare</strong></span> <span class='ocrx_word' id='word_1_149' title='bbox 455 2343 499 2397; x_wconf 88' lang='lat' dir='ltr'><strong>lta</strong></span> <span class='ocrx_word' id='word_1_150' title='bbox 517 2344 682 2396; x_wconf 78' lang='lat' dir='ltr'><strong>inhabitare</strong></span> <span class='ocrx_word' id='word_1_151' title='bbox 699 2345 809 2410; x_wconf 78' lang='lat' dir='ltr'><strong>Spiritu</strong></span> <span class='ocrx_word' id='word_1_152' title='bbox 824 2348 928 2398; x_wconf 82' lang='lat' dir='ltr'><strong>Sancto</strong></span> <span class='ocrx_word' id='word_1_153' title='bbox 949 2348 1092 2412; x_wconf 88' lang='lat' dir='ltr'><strong>tamquam</strong></span> <span class='ocrx_word' id='word_1_154' title='bbox 1106 2347 1228 2399; x_wconf 88' lang='lat' dir='ltr'><strong>termino</strong></span> 
     </span>
     <span class='ocr_line' id='line_1_22' title="bbox 58 2432 1231 2499; baseline 0.001 -16"><span class='ocrx_word' id='word_1_155' title='bbox 58 2456 71 2483; x_wconf 72' lang='grc' dir='ltr'>ι</span> <span class='ocrx_word' id='word_1_156' title='bbox 84 2434 246 2486; x_wconf 87' lang='lat' dir='ltr'><strong>intrinseco</strong></span> <span class='ocrx_word' id='word_1_157' title='bbox 266 2447 333 2485; x_wconf 84' lang='lat' dir='ltr'><strong>auae</strong></span> <span class='ocrx_word' id='word_1_158' title='bbox 352 2432 526 2499; x_wconf 87' lang='lat' dir='ltr'><strong>dilectionis,</strong></span> <span class='ocrx_word' id='word_1_159' title='bbox 549 2433 622 2499; x_wconf 87' lang='lat' dir='ltr'><strong>quod</strong></span> <span class='ocrx_word' id='word_1_160' title='bbox 642 2448 698 2486; x_wconf 92' lang='lat' dir='ltr'><strong>non</strong></span> <span class='ocrx_word' id='word_1_161' title='bbox 716 2433 860 2486; x_wconf 84' lang='lat' dir='ltr'><strong>diversam</strong></span> <span class='ocrx_word' id='word_1_162' title='bbox 879 2433 1048 2486; x_wconf 86' lang='lat' dir='ltr'><strong>relationem</strong></span> <span class='ocrx_word' id='word_1_163' title='bbox 1061 2434 1177 2486; x_wconf 85' lang='lat' dir='ltr'><strong>unionis</strong></span> <span class='ocrx_word' id='word_1_164' title='bbox 1193 2433 1231 2484; x_wconf 77' lang='lat' dir='ltr'><strong>ad</strong></span> 
     </span>
     <span class='ocr_line' id='line_1_23' title="bbox 57 2522 1231 2592; baseline 0.003 -18"><span class='ocrx_word' id='word_1_165' title='bbox 57 2547 70 2573; x_wconf 74' lang='lat' dir='ltr'><em>n</em></span> <span class='ocrx_word' id='word_1_166' title='bbox 84 2533 166 2576; x_wconf 72' lang='lat' dir='ltr'><strong>aetra</strong></span> <span class='ocrx_word' id='word_1_167' title='bbox 175 2524 224 2578; x_wconf 85' lang='lat' dir='ltr'><strong>aed</strong></span> <span class='ocrx_word' id='word_1_168' title='bbox 236 2525 363 2579; x_wconf 86' lang='lat' dir='ltr'><strong>ordinem</strong></span> <span class='ocrx_word' id='word_1_169' title='bbox 376 2538 559 2592; x_wconf 86' lang='lat' dir='ltr'><strong>personarum</strong></span> <span class='ocrx_word' id='word_1_170' title='bbox 573 2524 611 2574; x_wconf 79' lang='lat' dir='ltr'><strong>cd</strong></span> <span class='ocrx_word' id='word_1_171' title='bbox 621 2524 699 2574; x_wconf 80' lang='lat' dir='ltr'><strong>intro</strong></span> <span class='ocrx_word' id='word_1_172' title='bbox 712 2522 855 2590; x_wconf 73' lang='lat' dir='ltr'><strong>designat5</strong></span> <span class='ocrx_word' id='word_1_173' title='bbox 868 2525 903 2576; x_wconf 74' lang='grc' dir='ltr'><strong>θ’·</strong></span> <span class='ocrx_word' id='word_1_174' title='bbox 916 2525 985 2576; x_wconf 90' lang='lat' dir='ltr'><strong>licet</strong></span> <span class='ocrx_word' id='word_1_175' title='bbox 1002 2539 1088 2576; x_wconf 87' lang='lat' dir='ltr'><strong>causa</strong></span> <span class='ocrx_word' id='word_1_176' title='bbox 1103 2525 1231 2591; x_wconf 74' lang='lat' dir='ltr'><strong>efficiens</strong></span> 
     </span>
     <span class='ocr_line' id='line_1_24' title="bbox 58 2606 1230 2681; baseline 0.004 -19"><span class='ocrx_word' id='word_1_177' title='bbox 58 2636 70 2662; x_wconf 72' lang='grc' dir='ltr'>ι</span> <span class='ocrx_word' id='word_1_178' title='bbox 85 2620 115 2668; x_wconf 89' lang='lat' dir='ltr'><strong>et</strong></span> <span class='ocrx_word' id='word_1_179' title='bbox 134 2616 299 2681; x_wconf 74' lang='lat' dir='ltr'><strong>exemplaria</strong></span> <span class='ocrx_word' id='word_1_180' title='bbox 317 2608 552 2668; x_wconf 76' lang='lat' dir='ltr'><strong>sanctificationis</strong></span> <span class='ocrx_word' id='word_1_181' title='bbox 565 2613 606 2666; x_wconf 91' lang='lat' dir='ltr'><strong>sit</strong></span> <span class='ocrx_word' id='word_1_182' title='bbox 618 2615 693 2667; x_wconf 88' lang='lat' dir='ltr'><strong>Dens</strong></span> <span class='ocrx_word' id='word_1_183' title='bbox 706 2613 836 2666; x_wconf 80' lang='lat' dir='ltr'><strong>Trinitas</strong></span> <span class='ocrx_word' id='word_1_184' title='bbox 851 2614 1002 2668; x_wconf 86' lang='lat' dir='ltr'><strong>secundum</strong></span> <span class='ocrx_word' id='word_1_185' title='bbox 1023 2615 1168 2669; x_wconf 85' lang='lat' dir='ltr'><strong>attributa</strong></span> <span class='ocrx_word' id='word_1_186' title='bbox 1182 2606 1230 2667; x_wconf 67' lang='lat' dir='ltr'><strong>abss</strong></span> 
     </span>
     <span class='ocr_line' id='line_1_25' title="bbox 58 2700 1231 2772; baseline 0 -18"><span class='ocrx_word' id='word_1_187' title='bbox 58 2727 70 2754; x_wconf 73' lang='grc' dir='ltr'><strong>ι</strong></span> <span class='ocrx_word' id='word_1_188' title='bbox 87 2706 195 2771; x_wconf 86' lang='lat' dir='ltr'><strong>solnta,</strong></span> <span class='ocrx_word' id='word_1_189' title='bbox 207 2704 396 2756; x_wconf 81' lang='lat' dir='ltr'><strong>nihilominus</strong></span> <span class='ocrx_word' id='word_1_190' title='bbox 410 2705 548 2772; x_wconf 85' lang='lat' dir='ltr'><strong>spectatis</strong></span> <span class='ocrx_word' id='word_1_191' title='bbox 561 2705 692 2770; x_wconf 86' lang='lat' dir='ltr'><strong>personis</strong></span> <span class='ocrx_word' id='word_1_192' title='bbox 706 2703 855 2756; x_wconf 83' lang='lat' dir='ltr'><strong>distinctis</strong></span> <span class='ocrx_word' id='word_1_193' title='bbox 867 2704 899 2755; x_wconf 90' lang='lat' dir='ltr'><strong>in</strong></span> <span class='ocrx_word' id='word_1_194' title='bbox 912 2705 1075 2757; x_wconf 84' lang='lat' dir='ltr'><strong>charactere</strong></span> <span class='ocrx_word' id='word_1_195' title='bbox 1085 2700 1231 2771; x_wconf 85' lang='lat' dir='ltr'><strong>personali</strong></span> 
     </span>
     <span class='ocr_line' id='line_1_26' title="bbox 57 2791 1229 2860; baseline -0.001 -18"><span class='ocrx_word' id='word_1_196' title='bbox 57 2792 215 2860; x_wconf 71' lang='lat' dir='ltr'><strong>»Spiritus</strong></span> <span class='ocrx_word' id='word_1_197' title='bbox 234 2791 331 2845; x_wconf 84' lang='lat' dir='ltr'><strong>Sancti</strong></span> <span class='ocrx_word' id='word_1_198' title='bbox 351 2794 396 2844; x_wconf 89' lang='lat' dir='ltr'><strong>est</strong></span> <span class='ocrx_word' id='word_1_199' title='bbox 413 2793 550 2858; x_wconf 75' lang='lat' dir='ltr'><strong>exemplar</strong></span> <span class='ocrx_word' id='word_1_200' title='bbox 569 2793 733 2858; x_wconf 85' lang='lat' dir='ltr'><strong>expressius</strong></span> <span class='ocrx_word' id='word_1_201' title='bbox 753 2793 918 2845; x_wconf 84' lang='lat' dir='ltr'><strong>sanctitatis</strong></span> <span class='ocrx_word' id='word_1_202' title='bbox 937 2793 1129 2860; x_wconf 88' lang='lat' dir='ltr'><strong>participatae</strong></span> <span class='ocrx_word' id='word_1_203' title='bbox 1144 2805 1229 2858; x_wconf 86' lang='lat' dir='ltr'><strong>quam</strong></span> 
     </span>
     <span class='ocr_line' id='line_1_27' title="bbox 56 2875 1241 2950; baseline 0.001 -19"><span class='ocrx_word' id='word_1_204' title='bbox 56 2905 69 2931; x_wconf 72' lang='lat' dir='ltr'><em>n</em></span> <span class='ocrx_word' id='word_1_205' title='bbox 85 2884 118 2935; x_wconf 94' lang='lat' dir='ltr'><strong>in</strong></span> <span class='ocrx_word' id='word_1_206' title='bbox 137 2882 316 2950; x_wconf 86' lang='lat' dir='ltr'><strong>proprietate</strong></span> <span class='ocrx_word' id='word_1_207' title='bbox 335 2881 456 2934; x_wconf 86' lang='lat' dir='ltr'><strong>aliarum</strong></span> <span class='ocrx_word' id='word_1_208' title='bbox 479 2895 683 2948; x_wconf 86' lang='lat' dir='ltr'><strong>personarum,</strong></span> <span class='ocrx_word' id='word_1_209' title='bbox 704 2886 790 2948; x_wconf 84' lang='lat' dir='ltr'><strong>atque</strong></span> <span class='ocrx_word' id='word_1_210' title='bbox 818 2882 849 2933; x_wconf 92' lang='lat' dir='ltr'><strong>in</strong></span> <span class='ocrx_word' id='word_1_211' title='bbox 878 2883 931 2934; x_wconf 91' lang='lat' dir='ltr'><strong>hoc</strong></span> <span class='ocrx_word' id='word_1_212' title='bbox 958 2882 1021 2949; x_wconf 89' lang='lat' dir='ltr'><strong>ipso</strong></span> <span class='ocrx_word' id='word_1_213' title='bbox 1041 2875 1241 2935; x_wconf 83' lang='lat' dir='ltr'><strong>constituitur</strong></span> 
     </span>
     <span class='ocr_line' id='line_1_28' title="bbox 57 2971 1231 3040; baseline 0 -18"><span class='ocrx_word' id='word_1_214' title='bbox 57 2972 162 3025; x_wconf 68' lang='lat' dir='ltr'><strong>»ratio</strong></span> <span class='ocrx_word' id='word_1_215' title='bbox 180 2972 212 3024; x_wconf 91' lang='lat' dir='ltr'><strong>in</strong></span> <span class='ocrx_word' id='word_1_216' title='bbox 231 2971 331 3025; x_wconf 87' lang='lat' dir='ltr'><strong>ordine</strong></span> <span class='ocrx_word' id='word_1_217' title='bbox 349 2988 450 3023; x_wconf 77' lang='lat' dir='ltr'><strong>caueae</strong></span> <span class='ocrx_word' id='word_1_218' title='bbox 465 2972 617 3039; x_wconf 77' lang='lat' dir='ltr'><strong>efficientia</strong></span> <span class='ocrx_word' id='word_1_219' title='bbox 635 2972 841 3040; x_wconf 88' lang='lat' dir='ltr'><strong>appropriandi</strong></span> <span class='ocrx_word' id='word_1_220' title='bbox 853 2973 977 3040; x_wconf 88' lang='lat' dir='ltr'><strong>Spiritui</strong></span> <span class='ocrx_word' id='word_1_221' title='bbox 989 2974 1092 3028; x_wconf 85' lang='lat' dir='ltr'><strong>Sancto</strong></span> <span class='ocrx_word' id='word_1_222' title='bbox 1113 2974 1231 3026; x_wconf 78' lang='lat' dir='ltr'><strong>effectus</strong></span> 
     </span>
     <span class='ocr_line' id='line_1_29' title="bbox 57 3061 534 3126; baseline -0.002 -16"><span class='ocrx_word' id='word_1_223' title='bbox 57 3083 70 3110; x_wconf 68' lang='lat' dir='ltr'><strong>a</strong></span> <span class='ocrx_word' id='word_1_224' title='bbox 87 3061 201 3126; x_wconf 71' lang='lat' dir='ltr'><strong>gratiae</strong></span> <span class='ocrx_word' id='word_1_225' title='bbox 221 3065 251 3114; x_wconf 92' lang='lat' dir='ltr'><strong>et</strong></span> <span class='ocrx_word' id='word_1_226' title='bbox 269 3061 534 3115; x_wconf 67' lang='lat' dir='ltr'><strong>sanctificationis.»</strong></span> 
     </span>
    </p>
   </div>
   <div class='ocr_carea' id='block_1_7' title="bbox 54 3196 1238 4278">
    <p class='ocr_par' dir='ltr' id='par_1_8' title="bbox 54 3196 1232 3729">
     <span class='ocr_line' id='line_1_30' title="bbox 126 3196 1232 3304; baseline -0.003 -23"><span class='ocrx_word' id='word_1_227' title='bbox 126 3213 297 3295; x_wconf 78' lang='lat' dir='ltr'><strong>Quamvis</strong></span> <span class='ocrx_word' id='word_1_228' title='bbox 320 3211 533 3281; x_wconf 86' lang='lat' dir='ltr'><strong>inhabitatio</strong></span> <span class='ocrx_word' id='word_1_229' title='bbox 556 3212 633 3302; x_wconf 88' lang='lat' dir='ltr'><strong>ipsa</strong></span> <span class='ocrx_word' id='word_1_230' title='bbox 657 3218 762 3304; x_wconf 88' lang='lat' dir='ltr'><strong>atque</strong></span> <span class='ocrx_word' id='word_1_231' title='bbox 785 3213 906 3281; x_wconf 86' lang='lat' dir='ltr'><strong>modus</strong></span> <span class='ocrx_word' id='word_1_232' title='bbox 924 3196 1066 3280; x_wconf 82' lang='lat' dir='ltr'><strong>unionis</strong></span> <span class='ocrx_word' id='word_1_233' title='bbox 1082 3210 1232 3279; x_wconf 88' lang='lat' dir='ltr'><strong>sitcom·</strong></span> 
     </span>
     <span class='ocr_line' id='line_1_31' title="bbox 55 3317 1228 3408; baseline 0.001 -23"><span class='ocrx_word' id='word_1_234' title='bbox 55 3319 173 3386; x_wconf 89' lang='lat' dir='ltr'><strong>munis</strong></span> <span class='ocrx_word' id='word_1_235' title='bbox 195 3319 311 3387; x_wconf 88' lang='lat' dir='ltr'><strong>tribus</strong></span> <span class='ocrx_word' id='word_1_236' title='bbox 333 3317 509 3408; x_wconf 85' lang='lat' dir='ltr'><strong>personis,</strong></span> <span class='ocrx_word' id='word_1_237' title='bbox 534 3323 649 3407; x_wconf 89' lang='lat' dir='ltr'><strong>potest</strong></span> <span class='ocrx_word' id='word_1_238' title='bbox 671 3323 788 3385; x_wconf 89' lang='lat' dir='ltr'><strong>tamen</strong></span> <span class='ocrx_word' id='word_1_239' title='bbox 811 3318 848 3385; x_wconf 91' lang='lat' dir='ltr'><strong>in</strong></span> <span class='ocrx_word' id='word_1_240' title='bbox 880 3319 1082 3386; x_wconf 85' lang='lat' dir='ltr'><strong>charactere</strong></span> <span class='ocrx_word' id='word_1_241' title='bbox 1113 3340 1228 3408; x_wconf 89' lang='lat' dir='ltr'><strong>perso·</strong></span> 
     </span>
     <span class='ocr_line' id='line_1_32' title="bbox 54 3422 1229 3513; baseline 0.001 -23"><span class='ocrx_word' id='word_1_242' title='bbox 54 3424 133 3491; x_wconf 86' lang='lat' dir='ltr'><strong>nali</strong></span> <span class='ocrx_word' id='word_1_243' title='bbox 147 3423 252 3493; x_wconf 88' lang='lat' dir='ltr'><strong>nnius</strong></span> <span class='ocrx_word' id='word_1_244' title='bbox 278 3444 444 3513; x_wconf 87' lang='lat' dir='ltr'><strong>personae</strong></span> <span class='ocrx_word' id='word_1_245' title='bbox 467 3445 541 3491; x_wconf 88' lang='lat' dir='ltr'><strong>esse</strong></span> <span class='ocrx_word' id='word_1_246' title='bbox 558 3422 720 3512; x_wconf 86' lang='lat' dir='ltr'><strong>specialis</strong></span> <span class='ocrx_word' id='word_1_247' title='bbox 736 3423 829 3492; x_wconf 85' lang='lat' dir='ltr'><strong>ratio</strong></span> <span class='ocrx_word' id='word_1_248' title='bbox 851 3424 995 3512; x_wconf 83' lang='lat' dir='ltr'><strong>exigens</strong></span> <span class='ocrx_word' id='word_1_249' title='bbox 1011 3423 1118 3505; x_wconf 82' lang='lat' dir='ltr'><strong>talem</strong></span> <span class='ocrx_word' id='word_1_250' title='bbox 1133 3423 1229 3491; x_wconf 93' lang='lat' dir='ltr'><strong>unio·</strong></span> 
     </span>
     <span class='ocr_line' id='line_1_33' title="bbox 54 3530 1231 3623; baseline -0.003 -23"><span class='ocrx_word' id='word_1_251' title='bbox 54 3555 158 3615; x_wconf 89' lang='lat' dir='ltr'><strong>nem,</strong></span> <span class='ocrx_word' id='word_1_252' title='bbox 187 3553 275 3623; x_wconf 89' lang='lat' dir='ltr'><strong>quae</strong></span> <span class='ocrx_word' id='word_1_253' title='bbox 294 3531 385 3600; x_wconf 89' lang='lat' dir='ltr'><strong>ratio</strong></span> <span class='ocrx_word' id='word_1_254' title='bbox 408 3553 477 3599; x_wconf 92' lang='lat' dir='ltr'><strong>non</strong></span> <span class='ocrx_word' id='word_1_255' title='bbox 505 3531 554 3598; x_wconf 89' lang='lat' dir='ltr'><strong>sit</strong></span> <span class='ocrx_word' id='word_1_256' title='bbox 580 3530 617 3599; x_wconf 92' lang='lat' dir='ltr'><strong>in</strong></span> <span class='ocrx_word' id='word_1_257' title='bbox 646 3530 847 3599; x_wconf 87' lang='lat' dir='ltr'><strong>charactere</strong></span> <span class='ocrx_word' id='word_1_258' title='bbox 870 3531 1046 3620; x_wconf 88' lang='lat' dir='ltr'><strong>personali</strong></span> <span class='ocrx_word' id='word_1_259' title='bbox 1077 3530 1231 3598; x_wconf 88' lang='lat' dir='ltr'><strong>aliarum</strong></span> 
     </span>
     <span class='ocr_line' id='line_1_34' title="bbox 55 3638 826 3729; baseline -0.004 -22"><span class='ocrx_word' id='word_1_260' title='bbox 55 3660 295 3729; x_wconf 84' lang='lat' dir='ltr'><strong>personarum,</strong></span> <span class='ocrx_word' id='word_1_261' title='bbox 311 3644 352 3706; x_wconf 91' lang='lat' dir='ltr'><strong>nt</strong></span> <span class='ocrx_word' id='word_1_262' title='bbox 372 3638 477 3728; x_wconf 88' lang='lat' dir='ltr'><strong>paulo</strong></span> <span class='ocrx_word' id='word_1_263' title='bbox 500 3642 581 3706; x_wconf 89' lang='lat' dir='ltr'><strong>ante</strong></span> <span class='ocrx_word' id='word_1_264' title='bbox 605 3638 737 3707; x_wconf 90' lang='lat' dir='ltr'><strong>dictum</strong></span> <span class='ocrx_word' id='word_1_265' title='bbox 760 3643 826 3705; x_wconf 90' lang='lat' dir='ltr'><strong>est.</strong></span> 
     </span>
    </p>

    <p class='ocr_par' dir='ltr' id='par_1_9' title="bbox 56 3741 1237 4278">
     <span class='ocr_line' id='line_1_35' title="bbox 126 3741 1234 3832; baseline -0.005 -19"><span class='ocrx_word' id='word_1_266' title='bbox 126 3744 216 3813; x_wconf 86' lang='lat' dir='ltr'><strong>Sane</strong></span> <span class='ocrx_word' id='word_1_267' title='bbox 246 3744 291 3812; x_wconf 87' lang='lat' dir='ltr'><strong>ed</strong></span> <span class='ocrx_word' id='word_1_268' title='bbox 322 3745 583 3814; x_wconf 88' lang='lat' dir='ltr'><strong>distinctionem</strong></span> <span class='ocrx_word' id='word_1_269' title='bbox 616 3744 857 3812; x_wconf 89' lang='lat' dir='ltr'><strong>characterum</strong></span> <span class='ocrx_word' id='word_1_270' title='bbox 889 3741 1124 3832; x_wconf 87' lang='lat' dir='ltr'><strong>personalium</strong></span> <span class='ocrx_word' id='word_1_271' title='bbox 1158 3745 1234 3810; x_wconf 90' lang='lat' dir='ltr'><strong>tum</strong></span> 
     </span>
     <span class='ocr_line' id='line_1_36' title="bbox 57 3848 1236 3953; baseline -0.006 -33"><span class='ocrx_word' id='word_1_272' title='bbox 57 3850 263 3940; x_wconf 85' lang='lat' dir='ltr'><strong>Scripturas</strong></span> <span class='ocrx_word' id='word_1_273' title='bbox 279 3850 439 3919; x_wconf 90' lang='lat' dir='ltr'><strong>indicant</strong></span> <span class='ocrx_word' id='word_1_274' title='bbox 468 3855 543 3919; x_wconf 91' lang='lat' dir='ltr'><strong>tum</strong></span> <span class='ocrx_word' id='word_1_275' title='bbox 559 3851 681 3918; x_wconf 87' lang='lat' dir='ltr'><strong>Patres</strong></span> <span class='ocrx_word' id='word_1_276' title='bbox 708 3851 909 3940; x_wconf 82' lang='lat' dir='ltr'><strong>frequenter</strong></span> <span class='ocrx_word' id='word_1_277' title='bbox 933 3848 1068 3932; x_wconf 91' lang='lat' dir='ltr'><strong>dicunt,</strong></span> <span class='ocrx_word' id='word_1_278' title='bbox 1094 3848 1236 3953; x_wconf 80' lang='lat' dir='ltr'><strong>Patrem</strong></span> 
     </span>
     <span class='ocr_line' id='line_1_37' title="bbox 57 3953 1237 4090; baseline -0.001 -63"><span class='ocrx_word' id='word_1_279' title='bbox 57 3965 94 4027; x_wconf 93' lang='lat' dir='ltr'><strong>et</strong></span> <span class='ocrx_word' id='word_1_280' title='bbox 120 3957 287 4026; x_wconf 83' lang='lat' dir='ltr'><strong>Filium</strong></span> <span class='ocrx_word' id='word_1_281' title='bbox 277 3981 314 4024; x_wconf 83' lang='grc' dir='ltr'><strong>ιιι</strong></span> <span class='ocrx_word' id='word_1_282' title='bbox 337 3957 435 4025; x_wconf 91' lang='lat' dir='ltr'><strong>nobis</strong></span> <span class='ocrx_word' id='word_1_283' title='bbox 454 3955 614 4025; x_wconf 90' lang='lat' dir='ltr'><strong>habitare</strong></span> <span class='ocrx_word' id='word_1_284' title='bbox 639 3956 777 4046; x_wconf 90' lang='lat' dir='ltr'><strong>Spiritu</strong></span> <span class='ocrx_word' id='word_1_285' title='bbox 807 3955 957 4090; x_wconf 83' lang='lat' dir='ltr'><strong>Sancto,</strong></span> <span class='ocrx_word' id='word_1_286' title='bbox 975 3955 1044 4028; x_wconf 87' lang='lat' dir='ltr'><strong>et</strong></span> <span class='ocrx_word' id='word_1_287' title='bbox 1034 3978 1069 4010; x_wconf 81' lang='lat'>¹</span> <span class='ocrx_word' id='word_1_288' title='bbox 1053 3953 1237 4064; x_wconf 47' lang='lat' dir='ltr'><strong>§piritu</strong></span> 
     </span>
     <span class='ocr_line' id='line_1_38' title="bbox 56 4050 1238 4177; baseline 0.001 -44"><span class='ocrx_word' id='word_1_289' title='bbox 56 4050 186 4133; x_wconf 88' lang='lat' dir='ltr'><strong>Sancto</strong></span> <span class='ocrx_word' id='word_1_290' title='bbox 220 4086 283 4132; x_wconf 90' lang='lat' dir='ltr'><strong>nos</strong></span> <span class='ocrx_word' id='word_1_291' title='bbox 321 4063 509 4153; x_wconf 89' lang='lat' dir='ltr'><strong>participes</strong></span> <span class='ocrx_word' id='word_1_292' title='bbox 547 4063 625 4131; x_wconf 91' lang='lat' dir='ltr'><strong>fieri</strong></span> <span class='ocrx_word' id='word_1_293' title='bbox 656 4061 775 4132; x_wconf 87' lang='lat' dir='ltr'><strong>Patris</strong></span> <span class='ocrx_word' id='word_1_294' title='bbox 806 4083 847 4130; x_wconf 81' lang='lat' dir='ltr'><strong>ac</strong></span> <span class='ocrx_word' id='word_1_295' title='bbox 885 4060 1005 4175; x_wconf 49' lang='grc' dir='ltr'><strong>Ἠῶ</strong></span> <span class='ocrx_word' id='word_1_296' title='bbox 1035 4108 1097 4177; x_wconf 62' lang='lat' dir='ltr'><strong>per</strong></span> <span class='ocrx_word' id='word_1_297' title='bbox 1127 4076 1238 4168; x_wconf 74' lang='lat' dir='ltr'><strong>spiri</strong></span> 
     </span>
     <span class='ocr_line' id='line_1_39' title="bbox 56 4168 1064 4278; baseline -0.005 -38"><span class='ocrx_word' id='word_1_298' title='bbox 56 4177 133 4240; x_wconf 89' lang='lat' dir='ltr'><strong>tum</strong></span> <span class='ocrx_word' id='word_1_299' title='bbox 170 4168 271 4239; x_wconf 87' lang='lat' dir='ltr'><strong>Patri</strong></span> <span class='ocrx_word' id='word_1_300' title='bbox 309 4177 345 4239; x_wconf 92' lang='lat' dir='ltr'><strong>et</strong></span> <span class='ocrx_word' id='word_1_301' title='bbox 381 4170 475 4238; x_wconf 82' lang='lat' dir='ltr'><strong>Filio</strong></span> <span class='ocrx_word' id='word_1_302' title='bbox 500 4169 665 4243; x_wconf 77' lang='lat' dir='ltr'><strong>coniunri</strong></span> <span class='ocrx_word' id='word_1_303' title='bbox 715 4211 927 4278; x_wconf 55' lang='lat' dir='ltr'>“creatura</span> <span class='ocrx_word' id='word_1_304' title='bbox 959 4217 1064 4276; x_wconf 57' lang='lat' dir='ltr'><strong>qu„-</strong></span> 
     </span>
    </p>
   </div>
   <div class='ocr_carea' id='block_1_8' title="bbox 56 4256 1258 4365">
    <p class='ocr_par' dir='ltr' id='par_1_10' title="bbox 56 4256 1258 4365">
     <span class='ocr_line' id='line_1_40' title="bbox 56 4256 1258 4365; baseline -0.005 -21"><span class='ocrx_word' id='word_1_305' title='bbox 56 4276 196 4344; x_wconf 87' lang='lat' dir='ltr'><strong>tificata</strong></span> <span class='ocrx_word' id='word_1_306' title='bbox 226 4276 438 4353; x_wconf 66' lang='lat' dir='ltr'><strong>rationalis}</strong></span> <span class='ocrx_word' id='word_1_307' title='bbox 473 4275 548 4318; x_wconf 79' lang='lat'><strong>¹⁷</strong></span> <span class='ocrx_word' id='word_1_308' title='bbox 636 4267 685 4304; x_wconf 83' lang='lat'><strong>⁰</strong></span> <span class='ocrx_word' id='word_1_309' title='bbox 1006 4290 1123 4344; x_wconf 56' lang='lat' dir='ltr'><strong>..vus</strong></span> <span class='ocrx_word' id='word_1_310' title='bbox 1139 4256 1258 4365; x_wconf 67' lang='lat' dir='ltr'><strong>(sano.⁸</strong></span> 
     </span>
    </p>
   </div>
   <div class='ocr_carea' id='block_1_9' title="bbox 57 4315 1247 4523">
    <p class='ocr_par' dir='ltr' id='par_1_11' title="bbox 57 4315 1247 4523">
     <span class='ocr_line' id='line_1_41' title="bbox 57 4315 1247 4523; baseline -0.003 -73"><span class='ocrx_word' id='word_1_311' title='bbox 57 4406 120 4452; x_wconf 83' lang='lat' dir='ltr'><strong>nes</strong></span> <span class='ocrx_word' id='word_1_312' title='bbox 149 4383 293 4458; x_wconf 64' lang='lat' dir='ltr'><strong>similite</strong></span> <span class='ocrx_word' id='word_1_313' title='bbox 294 4405 313 4438; x_wconf 66' lang='grc' dir='ltr'>ι·</span> <span class='ocrx_word' id='word_1_314' title='bbox 302 4455 407 4521; x_wconf 58' lang='lat' dir='ltr'><strong>per</strong></span> <span class='ocrx_word' id='word_1_315' title='bbox 433 4326 676 4523; x_wconf 44' lang='lat' dir='ltr'><strong>hpzjizzinpw</strong></span> <span class='ocrx_word' id='word_1_316' title='bbox 637 4322 784 4407; x_wconf 49' lang='lat' dir='ltr'><strong>amm„</strong></span> <span class='ocrx_word' id='word_1_317' title='bbox 817 4315 863 4446; x_wconf 51' lang='lat' dir='ltr'><strong>si</strong></span> <span class='ocrx_word' id='word_1_318' title='bbox 905 4371 943 4432; x_wconf 82' lang='lat' dir='ltr'><strong>in</strong></span> <span class='ocrx_word' id='word_1_319' title='bbox 974 4342 1128 4464; x_wconf 80' lang='lat' dir='ltr'><strong>Spiritu.</strong></span> <span class='ocrx_word' id='word_1_320' title='bbox 1170 4386 1247 4456; x_wconf 84' lang='lat' dir='ltr'><strong>Om-</strong></span> 
     </span>
    </p>
   </div>
   <div class='ocr_carea' id='block_1_10' title="bbox 629 4453 1246 4568">
    <p class='ocr_par' dir='ltr' id='par_1_12' title="bbox 629 4453 1246 4568">
     <span class='ocr_line' id='line_1_42' title="bbox 629 4453 1246 4568; baseline 0.091 -55"><span class='ocrx_word' id='word_1_321' title='bbox 629 4453 915 4549; x_wconf 66' lang='lat' dir='ltr'><strong>participalia</strong></span> <span class='ocrx_word' id='word_1_322' title='bbox 937 4476 1109 4556; x_wconf 73' lang='lat' dir='ltr'><strong>dicimur..</strong></span> <span class='ocrx_word' id='word_1_323' title='bbox 1118 4493 1246 4568; x_wconf 75' lang='lat' dir='ltr'><strong>,Nunc</strong></span> 
     </span>
    </p>
   </div>
   <div class='ocr_carea' id='block_1_11' title="bbox 0 0 1591 4950">
    <p class='ocr_par' dir='ltr' id='par_1_13' title="bbox 0 0 1591 4950">
     <span class='ocr_line' id='line_1_43' title="bbox 0 0 1591 4950; baseline 0 0"><span class='ocrx_word' id='word_1_324' title='bbox 0 0 1591 4950; x_wconf 95' lang='lat' dir='ltr'><strong> </strong></span> 
     </span>
    </p>
   </div>
  </div>
 </body>
</html>
