3172 4950
689 348 728 365 -
749 320 809 381 let
830 350 868 365 -

196 430 245 498 sit
267 427 458 518 generatio.
475 425 526 494 At
549 425 586 493 in
608 423 885 515 processionibus
908 423 1150 514 spiritalibus,
1176 434 1332 515 quaesunt

196 536 234 603 in
256 534 354 618 Deo,
380 533 551 602 revelatio
574 555 637 600 nos
668 532 790 615 docet,
824 532 1077 622 processionem
1104 552 1264 623 personae
1283 538 1329 601 ter·

198 642 293 727 tiae,
319 642 403 711 licet
434 642 482 711 sit
512 640 694 730 productio
726 640 883 709 viventis
905 662 927 707 a
952 641 1096 710 vivente
1123 662 1167 710 ex
1197 639 1330 731 principio

198 750 387 818 intrinseco
411 750 641 817 fecunditatis
664 772 725 837 per
749 749 1092 817 communicationem
1119 746 1266 817 eiusdem
1279 752 1331 833 (ru-

199 863 306 943 mero)
329 863 495 941 naturae,
522 879 590 924 non
614 864 729 925 tamen
752 877 825 925 esse
849 856 1107 946 generationem
1131 854 1194 941 (1);
1213 854 1267 923 sed
1283 877 1331 923 esse

200 988 280 1035 vere
303 988 344 1034 ac
367 965 506 1055 proprie
530 964 787 1054 generationem
814 964 922 1031 solam
939 962 1038 1031 illam
1060 984 1228 1053 personae
1248 984 1332 1033 secor

199 1074 274 1141 dae.
288 1072 435 1139 Necesse
458 1077 513 1139 est
535 1093 618 1158 ergo
642 1077 683 1138 ut
707 1070 925 1159 generationi
948 1070 1110 1159 propriae
1138 1078 1270 1159 praeter
1285 1076 1333 1137 tre

199 1186 299 1247 notas
323 1184 602 1245 commemoratas
625 1176 825 1245 essentialis
851 1176 900 1245 sit
929 1175 1050 1268 aliqua
1073 1176 1147 1245 alia
1169 1184 1334 1267 nota,an

198 1284 367 1354 secundae
390 1304 555 1371 personae
578 1284 752 1372 processio
775 1290 953 1375 tamquam
975 1282 1159 1371 generatio
1174 1282 1333 1373 distingne·

198 1398 259 1461 tur
282 1413 303 1457 a
325 1389 542 1480 processione
564 1390 692 1476 attera,
711 1413 799 1482 quae
816 1391 996 1481 generatio
1018 1391 1168 1459 nonsit.

264 1499 423 1568 Dicimus
446 1497 583 1587 igitur:
610 1500 758 1569 ulterior
781 1505 864 1569 nota
893 1498 1092 1569 essentialis
1122 1500 1168 1569 ad
1195 1498 1333 1591 proprian

198 1608 366 1676 rationem
391 1606 628 1696 generationis
651 1609 766 1675 estin
792 1609 869 1699 ipsa
899 1607 1094 1677 intrinseca
1124 1607 1238 1677 indole
1264 1610 1334 1674 ectu

198 1714 443 1805 producentis,
470 1721 511 1782 ut
533 1721 635 1783 actus
658 1738 700 1783 ex
724 1721 853 1785 natura
876 1736 939 1784 sua
969 1714 1129 1784 directus
1160 1716 1208 1783 sit
1235 1714 1274 1782 cd
1296 1734 1333 1781 sx-
1373 1770 1375 1777 ,

198 1821 412 1912 primendam
444 1821 710 1891 similitudinem
742 1823 1006 1892 substantialem
1036 1821 1275 1913 producentis,
1293 1842 1334 1889 sor
1373 1832 1375 1837 '

199 1930 281 1998 aliis
304 1931 445 2016 verbis,
470 1933 666 2023 requiritur
689 1931 734 2000 ad
759 1954 876 2001 veram
906 1931 1077 2000 rationem
1108 1928 1332 2021 generationis,

200 2044 241 2106 ut
264 2061 305 2103 es
330 2041 402 2128 ipso
419 2038 514 2104 modo
526 2043 754 2127 processionis
769 2040 986 2130 producatur
1000 2040 1242 2106 substantialis
1254 2042 1333 2127 imago
1373 2110 1375 2115 ,

198 2145 435 2235 producentis.
451 2146 489 2214 Si
512 2147 598 2216 haec
620 2154 707 2215 nota·
725 2147 925 2217 essentialis
947 2153 1023 2233 cst,
1050 2146 1285 2240 debet'ntique
1299 2146 1333 2213 ir
1368 2178 1375 2215 .·

200 2252 316 2323 veniri
337 2253 375 2322 in
399 2254 491 2322 omni
515 2254 740 2344 generatione
763 2255 868 2323 stiam
892 2254 928 2321 in
960 2254 1114 2341 creatis3
1140 2254 1257 2323 sedin
1273 2273 1334 2343 prt-

199 2360 412 2429 cessionibus
435 2362 564 2431 creatis
587 2362 769 2453 productio
793 2361 949 2432 viventis
971 2383 992 2429 a
1018 2362 1160 2431 vivente
1184 2386 1244 2453 per
1268 2384 1331 2431 cen·

198 2467 466 2536 manicationem
489 2475 639 2538 naturae
663 2492 704 2537 ex
727 2468 902 2559 principio
925 2468 1116 2538 intrinseco
1141 2454 1334 2540 fecunditatis

198 2596 331 2664 semper
355 2573 462 2643 habet
485 2582 601 2643 sotum
625 2598 667 2643 ex
691 2582 819 2644 natura
843 2597 908 2645 sua
938 2576 1138 2645 ordinatum
1169 2578 1215 2647 ad
1242 2574 1334 2667 produ·

198 2682 340 2752 cendam
364 2682 631 2751 substantialem
655 2683 842 2772 imaginem
864 2683 1102 2773 producentis;
1120 2692 1156 2755 et
1179 2685 1252 2755 ideo
1266 2702 1335 2751 nun·

199 2811 302 2881 qnam
325 2790 453 2859 fuisset
476 2790 777 2875 animadversum,
804 2793 893 2860 hanc
916 2791 1076 2860 nltimam
1094 2799 1213 2862 notem
1228 2813 1293 2861 esse
1302 2784 1336 2855 di·
1373 2774 1375 2803 ⁵

198 2900 363 2968 stinctam
386 2906 422 2966 ct
445 2899 674 2987 separabilem
690 2920 712 2966 a
727 2900 917 2989 prioribus,
944 2905 1048 2992 atque
1065 2894 1151 2969 tdeo
1175 2924 1269 2991 posse
1286 2914 1337 2995 css¹

198 3004 458 3096 productionem
482 3000 667 3073 secund-um
693 3029 809 3076 omnes
831 3013 904 3075 tres
926 3013 1027 3076 notas
1050 3007 1203 3097 priores,
1222 3007 1296 3100 quin
1307 3000 1339 3073 sit

199 3115 374 3203 expressio
390 3112 556 3203 imaginis
572 3122 608 3183 et
624 3114 817 3202 generatio:
832 3114 896 3184 hoc
920 3115 1062 3206 inquam
1077 3138 1265 3209 numquam
1277 3112 1338 3183 fris

200 3226 253 3287 set
275 3220 581 3304 animadversum,
607 3220 678 3288 nisi
701 3221 871 3290 revelatio
893 3244 956 3291 nos
979 3222 1176 3309 docuisset,
1194 3220 1340 3293 reversis

198 3326 366 3393 Decesse
390 3326 495 3395 talem
520 3328 782 3417 processionem,
809 3328 865 3396 cui
889 3334 962 3398 tres
985 3328 1068 3398 illae
1092 3336 1197 3400 notae
1220 3327 1340 3399 suntin·

196 3432 388 3517 trinsecae,
415 3440 451 3501 et
474 3456 560 3525 quae
585 3442 700 3504 tamen
731 3437 910 3526 generatio
938 3443 1108 3523 nonest,
1141 3462 1204 3509 nec
1226 3434 1342 3531 proinde

196 3541 369 3610 terminus
391 3544 578 3632 procedens
593 3552 649 3611 est
659 3543 787 3612 Filius.
803 3544 932 3613 Eodem
948 3545 1047 3613 modo
1063 3545 1220 3615 vidimus
1232 3547 1341 3635 (urso

198 3649 240 3717 de
262 3648 532 3737 Incarnatione),
559 3652 596 3719 in
620 3657 787 3743 conceptu
811 3652 1062 3743 hypostaseos,
1089 3676 1181 3746 quas
1203 3660 1257 3724 cst
1283 3653 1341 3722 snb

251 3810 293 3883 (1)
310 3816 466 3880 Propterea
483 3816 556 3882 qnod
577 3817 731 3869 increatis
754 3817 837 3869 nulla
859 3816 1021 3870 huiusmodi
1044 3821 1190 3886 procssslo
1209 3820 1343 3889 reperitur.

198 3908 231 3954 nt
249 3908 344 3956 monet
362 3904 390 3956 S.
405 3907 535 3961 Thomas.
558 3923 608 3974 pro
627 3908 678 3960 lrac
692 3907 795 3960 tertiae
809 3922 946 3974 personae
965 3908 1152 3975 productione
1165 3925 1223 3964 non
1235 3912 1346 3965 hamne!

197 4007 298 4045 nomeu
317 3997 449 4061 speciale.
483 3999 594 4050 »Deum
616 4000 761 4051 nominare
783 4014 840 4050 uon
861 4013 1011 4066 possumus
1030 4000 1089 4053 nisi
1108 4015 1144 4054 ex
1162 4002 1311 4065 aethris,
1326 3996 1347 4049 tl

197 4083 266 4149 qnia
285 4083 314 4133 in
334 4087 474 4137 creaturis
493 4088 707 4141 communicatio
731 4090 852 4141 naturae
871 4103 927 4141 non
947 4093 992 4142 cst
1009 4088 1069 4141 nisi
1081 4103 1134 4156 per
1149 4091 1345 4155 generationes.

197 4173 338 4238 processio
357 4175 387 4225 ln
407 4174 518 4227 divinis
536 4192 592 4229 non
614 4176 701 4230 habet
722 4177 867 4244 proprium
888 4178 935 4229 vel
954 4176 1078 4244 speciale
1098 4193 1200 4231 nomen
1218 4180 1272 4233 nlsi
1284 4188 1346 4244 gent

195 4264 328 4315 rationis.
349 4265 429 4317 Unde
450 4268 591 4331 processio
611 4282 683 4334 quae
704 4283 760 4320 uon
781 4271 825 4320 est
844 4268 1000 4333 generatio,
1022 4262 1345 4335 romnsitsmesporlrli

196 4354 327 4417 nomino;
350 4352 397 4406 sed
418 4359 514 4420 potest
543 4356 684 4409 nominari
715 4358 854 4421 spiratio,
878 4357 947 4423 quie
970 4360 1016 4410 est
1042 4358 1186 4425 processio
1207 4357 1343 4426 spiritur·

198 4446 223 4495 1.
238 4460 267 4511 q.
282 4444 326 4497 at.
341 4460 367 4498 a.
382 4446 409 4498 4.
425 4445 461 4498 ad
474 4448 502 4498 e.
