<?xml version="1.0" encoding="UTF-8"?>
<!DOCTYPE html PUBLIC "-//W3C//DTD XHTML 1.0 Transitional//EN"
    "http://www.w3.org/TR/xhtml1/DTD/xhtml1-transitional.dtd">
<html xmlns="http://www.w3.org/1999/xhtml" xml:lang="en" lang="en">
 <head>
  <title>
</title>
<meta http-equiv="Content-Type" content="text/html;charset=utf-8" />
  <meta name='ocr-system' content='tesseract 3.04.00' />
  <meta name='ocr-capabilities' content='ocr_page ocr_carea ocr_par ocr_line ocrx_word'/>
</head>
<body>
  <div class='ocr_page' id='page_1' title='image "./tractatusdedeot00frangoog/tractatusdedeot00frangoog_0380.png"; bbox 0 0 3172 4950; ppageno 0'>
   <div class='ocr_carea' id='block_1_1' title="bbox 191 303 1343 3931">
    <p class='ocr_par' dir='ltr' id='par_1_1' title="bbox 665 303 843 366">
     <span class='ocr_line' id='line_1_1' title="bbox 665 303 843 366; baseline 0 -1"><span class='ocrx_word' id='word_1_1' title='bbox 665 308 702 351; x_wconf 86' lang='lat'>&#39;-</span> <span class='ocrx_word' id='word_1_2' title='bbox 724 303 785 366; x_wconf 82' lang='grc'>369</span> <span class='ocrx_word' id='word_1_3' title='bbox 805 332 843 347; x_wconf 87' lang='grc'>-·</span> 
     </span>
    </p>

    <p class='ocr_par' dir='ltr' id='par_1_2' title="bbox 193 409 1342 1560">
     <span class='ocr_line' id='line_1_2' title="bbox 202 409 1342 495; baseline -0.001 -12"><span class='ocrx_word' id='word_1_4' title='bbox 202 409 485 483; x_wconf 75' lang='lat' dir='ltr'>rdsubsistentiue</span> <span class='ocrx_word' id='word_1_5' title='bbox 497 409 624 495; x_wconf 85' lang='lat' dir='ltr'>trinae,</span> <span class='ocrx_word' id='word_1_6' title='bbox 644 409 702 480; x_wconf 89' lang='lat' dir='ltr'>vel</span> <span class='ocrx_word' id='word_1_7' title='bbox 717 409 945 479; x_wconf 89' lang='lat' dir='ltr'>determinate</span> <span class='ocrx_word' id='word_1_8' title='bbox 966 409 1214 479; x_wconf 76' lang='lat' dir='ltr'>subsistentiae</span> <span class='ocrx_word' id='word_1_9' title='bbox 1237 413 1342 482; x_wconf 89' lang='lat' dir='ltr'>unius</span> 
     </span>
     <span class='ocr_line' id='line_1_3' title="bbox 199 517 1341 608; baseline -0.003 -17"><span class='ocrx_word' id='word_1_10' title='bbox 199 542 225 591; x_wconf 82' lang='lat' dir='ltr'>n</span> <span class='ocrx_word' id='word_1_11' title='bbox 240 520 358 589; x_wconf 89' lang='lat' dir='ltr'>tribus.</span> <span class='ocrx_word' id='word_1_12' title='bbox 370 519 506 602; x_wconf 76' lang='lat' dir='ltr'>Quovis</span> <span class='ocrx_word' id='word_1_13' title='bbox 529 541 612 588; x_wconf 84' lang='lat' dir='ltr'>vero</span> <span class='ocrx_word' id='word_1_14' title='bbox 637 519 734 587; x_wconf 91' lang='lat' dir='ltr'>modo</span> <span class='ocrx_word' id='word_1_15' title='bbox 759 518 1027 608; x_wconf 83' lang='lat' dir='ltr'>adsignificetur</span> <span class='ocrx_word' id='word_1_16' title='bbox 1044 517 1284 604; x_wconf 78' lang='lat' dir='ltr'>subsistentia,</span> <span class='ocrx_word' id='word_1_17' title='bbox 1301 543 1341 591; x_wconf 88' lang='lat' dir='ltr'>ea</span> 
     </span>
     <span class='ocr_line' id='line_1_4' title="bbox 197 625 1340 719; baseline -0.003 -20"><span class='ocrx_word' id='word_1_18' title='bbox 197 651 299 719; x_wconf 75' lang='lat' dir='ltr'>nuper</span> <span class='ocrx_word' id='word_1_19' title='bbox 321 626 429 697; x_wconf 88' lang='lat' dir='ltr'>habet</span> <span class='ocrx_word' id='word_1_20' title='bbox 452 626 632 696; x_wconf 87' lang='lat' dir='ltr'>formalem</span> <span class='ocrx_word' id='word_1_21' title='bbox 655 627 825 695; x_wconf 87' lang='lat' dir='ltr'>rationem</span> <span class='ocrx_word' id='word_1_22' title='bbox 841 625 1206 713; x_wconf 79' lang='lat' dir='ltr'>relativi3&#39;discrimen</span> <span class='ocrx_word' id='word_1_23' title='bbox 1231 628 1340 695; x_wconf 90' lang='lat' dir='ltr'>solum</span> 
     </span>
     <span class='ocr_line' id='line_1_5' title="bbox 195 734 1339 829; baseline -0.003 -23"><span class='ocrx_word' id='word_1_24' title='bbox 195 744 231 807; x_wconf 81' lang='lat' dir='ltr'>cet</span> <span class='ocrx_word' id='word_1_25' title='bbox 245 736 385 829; x_wconf 76' lang='lat' dir='ltr'><strong>aliquod</strong></span> <span class='ocrx_word' id='word_1_26' title='bbox 407 737 445 804; x_wconf 94' lang='lat' dir='ltr'>in</span> <span class='ocrx_word' id='word_1_27' title='bbox 468 740 588 804; x_wconf 89' lang='lat' dir='ltr'>nostro</span> <span class='ocrx_word' id='word_1_28' title='bbox 612 736 710 804; x_wconf 90' lang='lat' dir='ltr'>modo</span> <span class='ocrx_word' id='word_1_29' title='bbox 735 734 970 824; x_wconf 88' lang='lat' dir='ltr'>concipiendi,</span> <span class='ocrx_word' id='word_1_30' title='bbox 997 735 1089 825; x_wconf 92' lang='lat' dir='ltr'>quod</span> <span class='ocrx_word' id='word_1_31' title='bbox 1120 734 1157 801; x_wconf 92' lang='lat' dir='ltr'>in</span> <span class='ocrx_word' id='word_1_32' title='bbox 1190 736 1339 805; x_wconf 87' lang='lat' dir='ltr'>secundo</span> 
     </span>
     <span class='ocr_line' id='line_1_6' title="bbox 193 842 1340 934; baseline -0.005 -19"><span class='ocrx_word' id='word_1_33' title='bbox 193 844 330 915; x_wconf 83' lang='lat' dir='ltr'>ettertio</span> <span class='ocrx_word' id='word_1_34' title='bbox 352 844 451 913; x_wconf 92' lang='lat' dir='ltr'>modo</span> <span class='ocrx_word' id='word_1_35' title='bbox 474 866 636 934; x_wconf 83' lang='lat' dir='ltr'>expresse</span> <span class='ocrx_word' id='word_1_36' title='bbox 659 842 873 932; x_wconf 82' lang='lat' dir='ltr'><strong>concipimus</strong></span> <span class='ocrx_word' id='word_1_37' title='bbox 902 842 1164 911; x_wconf 79' lang='lat' dir='ltr'>subsistentiam</span> <span class='ocrx_word' id='word_1_38' title='bbox 1189 848 1229 910; x_wconf 94' lang='lat' dir='ltr'>ut</span> <span class='ocrx_word' id='word_1_39' title='bbox 1251 842 1340 911; x_wconf 90' lang='lat' dir='ltr'>rela-</span> 
     </span>
     <span class='ocr_line' id='line_1_7' title="bbox 193 950 1341 1042; baseline -0.004 -19"><span class='ocrx_word' id='word_1_40' title='bbox 193 952 297 1039; x_wconf 63' lang='lat' dir='ltr'>tiua,</span> <span class='ocrx_word' id='word_1_41' title='bbox 322 952 361 1021; x_wconf 89' lang='lat' dir='ltr'>in</span> <span class='ocrx_word' id='word_1_42' title='bbox 392 951 504 1042; x_wconf 91' lang='lat' dir='ltr'>primo</span> <span class='ocrx_word' id='word_1_43' title='bbox 535 951 634 1019; x_wconf 92' lang='lat' dir='ltr'>modo</span> <span class='ocrx_word' id='word_1_44' title='bbox 665 972 848 1040; x_wconf 86' lang='lat' dir='ltr'>possumus</span> <span class='ocrx_word' id='word_1_45' title='bbox 880 951 1058 1039; x_wconf 80' lang='lat' dir='ltr'>concipere</span> <span class='ocrx_word' id='word_1_46' title='bbox 1089 951 1232 1018; x_wconf 87' lang='lat' dir='ltr'>confuse</span> <span class='ocrx_word' id='word_1_47' title='bbox 1266 950 1341 1018; x_wconf 91' lang='lat' dir='ltr'>sine</span> 
     </span>
     <span class='ocr_line' id='line_1_8' title="bbox 193 1056 1339 1151; baseline -0.003 -23"><span class='ocrx_word' id='word_1_48' title='bbox 193 1084 323 1151; x_wconf 73' lang='lat' dir='ltr'>cupresso</span> <span class='ocrx_word' id='word_1_49' title='bbox 347 1059 488 1128; x_wconf 89' lang='lat' dir='ltr'>notione</span> <span class='ocrx_word' id='word_1_50' title='bbox 511 1057 685 1144; x_wconf 89' lang='lat' dir='ltr'>relativi;</span> <span class='ocrx_word' id='word_1_51' title='bbox 712 1063 867 1127; x_wconf 90' lang='lat' dir='ltr'>attamen</span> <span class='ocrx_word' id='word_1_52' title='bbox 890 1056 996 1125; x_wconf 90' lang='lat' dir='ltr'>etiam</span> <span class='ocrx_word' id='word_1_53' title='bbox 1026 1057 1064 1124; x_wconf 94' lang='lat' dir='ltr'>in</span> <span class='ocrx_word' id='word_1_54' title='bbox 1096 1056 1240 1124; x_wconf 84' lang='lat' dir='ltr'>confuso</span> <span class='ocrx_word' id='word_1_55' title='bbox 1270 1079 1339 1124; x_wconf 91' lang='lat' dir='ltr'>non</span> 
     </span>
     <span class='ocr_line' id='line_1_9' title="bbox 193 1163 1342 1259; baseline -0.005 -22"><span class='ocrx_word' id='word_1_56' title='bbox 193 1174 281 1259; x_wconf 77' lang='lat' dir='ltr'>potest</span> <span class='ocrx_word' id='word_1_57' title='bbox 301 1166 491 1237; x_wconf 90' lang='lat' dir='ltr'>secundum</span> <span class='ocrx_word' id='word_1_58' title='bbox 513 1166 566 1235; x_wconf 87' lang='lat' dir='ltr'>rei</span> <span class='ocrx_word' id='word_1_59' title='bbox 590 1166 776 1234; x_wconf 87' lang='lat' dir='ltr'>veritatem</span> <span class='ocrx_word' id='word_1_60' title='bbox 800 1165 935 1253; x_wconf 81' lang='lat' dir='ltr'>concipi</span> <span class='ocrx_word' id='word_1_61' title='bbox 966 1164 1195 1232; x_wconf 89' lang='lat' dir='ltr'>subsistentia</span> <span class='ocrx_word' id='word_1_62' title='bbox 1219 1163 1342 1231; x_wconf 89' lang='lat' dir='ltr'>divina</span> 
     </span>
     <span class='ocr_line' id='line_1_10' title="bbox 193 1270 1338 1362; baseline -0.007 -16"><span class='ocrx_word' id='word_1_63' title='bbox 193 1298 249 1346; x_wconf 81' lang='lat' dir='ltr'>sau</span> <span class='ocrx_word' id='word_1_64' title='bbox 268 1274 466 1344; x_wconf 84' lang='lat' dir='ltr'>exclusione</span> <span class='ocrx_word' id='word_1_65' title='bbox 489 1273 635 1343; x_wconf 78' lang='lat' dir='ltr'>relativi</span> <span class='ocrx_word' id='word_1_66' title='bbox 657 1279 694 1341; x_wconf 90' lang='lat' dir='ltr'>et</span> <span class='ocrx_word' id='word_1_67' title='bbox 717 1273 781 1340; x_wconf 93' lang='lat' dir='ltr'>sub</span> <span class='ocrx_word' id='word_1_68' title='bbox 803 1294 969 1362; x_wconf 87' lang='lat' dir='ltr'>expressa</span> <span class='ocrx_word' id='word_1_69' title='bbox 999 1270 1134 1339; x_wconf 89' lang='lat' dir='ltr'>ratione</span> <span class='ocrx_word' id='word_1_70' title='bbox 1162 1271 1338 1354; x_wconf 87' lang='lat' dir='ltr'>absoluti,</span> 
     </span>
     <span class='ocr_line' id='line_1_11' title="bbox 193 1378 1339 1472; baseline -0.009 -17"><span class='ocrx_word' id='word_1_71' title='bbox 193 1406 250 1455; x_wconf 80' lang='lat' dir='ltr'>oum</span> <span class='ocrx_word' id='word_1_72' title='bbox 268 1382 438 1452; x_wconf 88' lang='lat' dir='ltr'>obiective</span> <span class='ocrx_word' id='word_1_73' title='bbox 461 1388 497 1451; x_wconf 88' lang='lat' dir='ltr'>et</span> <span class='ocrx_word' id='word_1_74' title='bbox 519 1403 540 1448; x_wconf 92' lang='lat' dir='ltr'>a</span> <span class='ocrx_word' id='word_1_75' title='bbox 564 1387 664 1472; x_wconf 89' lang='lat' dir='ltr'>parte</span> <span class='ocrx_word' id='word_1_76' title='bbox 687 1381 739 1450; x_wconf 94' lang='lat' dir='ltr'>rei</span> <span class='ocrx_word' id='word_1_77' title='bbox 762 1403 832 1448; x_wconf 92' lang='lat' dir='ltr'>non</span> <span class='ocrx_word' id='word_1_78' title='bbox 855 1380 905 1447; x_wconf 90' lang='lat' dir='ltr'>sit</span> <span class='ocrx_word' id='word_1_79' title='bbox 928 1379 997 1448; x_wconf 91' lang='lat' dir='ltr'>nisi</span> <span class='ocrx_word' id='word_1_80' title='bbox 1021 1381 1086 1447; x_wconf 93' lang='lat' dir='ltr'>sub</span> <span class='ocrx_word' id='word_1_81' title='bbox 1109 1378 1246 1447; x_wconf 88' lang='lat' dir='ltr'>ratione</span> <span class='ocrx_word' id='word_1_82' title='bbox 1270 1379 1339 1445; x_wconf 87' lang='lat' dir='ltr'>for-</span> 
     </span>
     <span class='ocr_line' id='line_1_12' title="bbox 194 1490 432 1560; baseline -0.008 0"><span class='ocrx_word' id='word_1_83' title='bbox 194 1490 256 1560; x_wconf 75' lang='lat' dir='ltr'>unli</span> <span class='ocrx_word' id='word_1_84' title='bbox 273 1490 432 1560; x_wconf 84' lang='lat' dir='ltr'>relativi.</span> 
     </span>
    </p>

    <p class='ocr_par' dir='ltr' id='par_1_3' title="bbox 191 1593 1343 3931">
     <span class='ocr_line' id='line_1_13' title="bbox 242 1593 1338 1682; baseline -0.006 -15"><span class='ocrx_word' id='word_1_85' title='bbox 242 1599 336 1682; x_wconf 74' lang='lat' dir='ltr'>Quod</span> <span class='ocrx_word' id='word_1_86' title='bbox 359 1596 549 1666; x_wconf 89' lang='lat' dir='ltr'>Durandus</span> <span class='ocrx_word' id='word_1_87' title='bbox 565 1596 717 1664; x_wconf 88' lang='lat' dir='ltr'>affirmat</span> <span class='ocrx_word' id='word_1_88' title='bbox 733 1595 996 1671; x_wconf 80' lang='lat' dir='ltr'>subsistentiam</span> <span class='ocrx_word' id='word_1_89' title='bbox 1009 1593 1204 1662; x_wconf 80' lang='lat' dir='ltr'>absolutam</span> <span class='ocrx_word' id='word_1_90' title='bbox 1220 1616 1338 1677; x_wconf 89' lang='lat' dir='ltr'>unam,</span> 
     </span>
     <span class='ocr_line' id='line_1_14' title="bbox 195 1703 1336 1798; baseline -0.005 -20"><span class='ocrx_word' id='word_1_91' title='bbox 195 1712 327 1798; x_wconf 78' lang='lat' dir='ltr'>stregai</span> <span class='ocrx_word' id='word_1_92' title='bbox 348 1706 598 1776; x_wconf 87' lang='lat' dir='ltr'>subsistentias</span> <span class='ocrx_word' id='word_1_93' title='bbox 620 1705 804 1789; x_wconf 87' lang='lat' dir='ltr'>relativas,</span> <span class='ocrx_word' id='word_1_94' title='bbox 832 1705 867 1773; x_wconf 94' lang='lat' dir='ltr'>id</span> <span class='ocrx_word' id='word_1_95' title='bbox 896 1710 1012 1772; x_wconf 90' lang='lat' dir='ltr'>ortum</span> <span class='ocrx_word' id='word_1_96' title='bbox 1041 1703 1224 1790; x_wconf 77' lang='lat' dir='ltr'>habuitex</span> <span class='ocrx_word' id='word_1_97' title='bbox 1238 1724 1336 1792; x_wconf 89' lang='lat' dir='ltr'>prae·</span> 
     </span>
     <span class='ocr_line' id='line_1_15' title="bbox 195 1810 1338 1905; baseline -0.007 -21"><span class='ocrx_word' id='word_1_98' title='bbox 195 1820 305 1905; x_wconf 73' lang='lat' dir='ltr'>postera</span> <span class='ocrx_word' id='word_1_99' title='bbox 327 1813 617 1903; x_wconf 85' lang='lat' dir='ltr'>interpretatione</span> <span class='ocrx_word' id='word_1_100' title='bbox 641 1811 820 1881; x_wconf 89' lang='lat' dir='ltr'>doctrinae</span> <span class='ocrx_word' id='word_1_101' title='bbox 848 1810 885 1879; x_wconf 83' lang='lat' dir='ltr'>S.</span> <span class='ocrx_word' id='word_1_102' title='bbox 905 1810 1074 1894; x_wconf 77' lang='lat' dir='ltr'>Thomas,</span> <span class='ocrx_word' id='word_1_103' title='bbox 1108 1830 1211 1901; x_wconf 88' lang='lat' dir='ltr'>quam</span> <span class='ocrx_word' id='word_1_104' title='bbox 1241 1832 1338 1899; x_wconf 91' lang='lat' dir='ltr'>supe·</span> 
     </span>
     <span class='ocr_line' id='line_1_16' title="bbox 196 1918 1339 2010; baseline -0.004 -21"><span class='ocrx_word' id='word_1_105' title='bbox 196 1919 251 1990; x_wconf 79' lang='lat' dir='ltr'>dus</span> <span class='ocrx_word' id='word_1_106' title='bbox 269 1921 527 2010; x_wconf 86' lang='lat' dir='ltr'>descripsimus,</span> <span class='ocrx_word' id='word_1_107' title='bbox 549 1919 592 1987; x_wconf 91' lang='lat' dir='ltr'>de</span> <span class='ocrx_word' id='word_1_108' title='bbox 615 1919 813 1987; x_wconf 90' lang='lat' dir='ltr'>substantia</span> <span class='ocrx_word' id='word_1_109' title='bbox 837 1925 878 1985; x_wconf 91' lang='lat' dir='ltr'>ut</span> <span class='ocrx_word' id='word_1_110' title='bbox 901 1918 1127 1987; x_wconf 88' lang='lat' dir='ltr'>fundamento</span> <span class='ocrx_word' id='word_1_111' title='bbox 1150 1918 1339 1986; x_wconf 87' lang='lat' dir='ltr'>subsisten-</span> 
     </span>
     <span class='ocr_line' id='line_1_17' title="bbox 196 2025 1342 2115; baseline -0.002 -18"><span class='ocrx_word' id='word_1_112' title='bbox 196 2027 255 2097; x_wconf 85' lang='lat' dir='ltr'>tiae.</span> <span class='ocrx_word' id='word_1_113' title='bbox 270 2028 502 2098; x_wconf 72' lang='lat' dir='ltr'>«Relationes</span> <span class='ocrx_word' id='word_1_114' title='bbox 524 2027 561 2095; x_wconf 93' lang='lat' dir='ltr'>in</span> <span class='ocrx_word' id='word_1_115' title='bbox 585 2026 731 2111; x_wconf 89' lang='lat' dir='ltr'>divinis,</span> <span class='ocrx_word' id='word_1_116' title='bbox 750 2027 803 2094; x_wconf 91' lang='lat' dir='ltr'>ait</span> <span class='ocrx_word' id='word_1_117' title='bbox 818 2025 1024 2115; x_wconf 83' lang='lat' dir='ltr'>Angelicus,</span> <span class='ocrx_word' id='word_1_118' title='bbox 1039 2025 1106 2094; x_wconf 89' lang='lat' dir='ltr'>etsi</span> <span class='ocrx_word' id='word_1_119' title='bbox 1125 2025 1342 2095; x_wconf 88' lang='lat' dir='ltr'>constituant</span> 
     </span>
     <span class='ocr_line' id='line_1_18' title="bbox 197 2132 1340 2228; baseline 0 -25"><span class='ocrx_word' id='word_1_120' title='bbox 197 2132 377 2228; x_wconf 76' lang='lat' dir='ltr'>iypcstases</span> <span class='ocrx_word' id='word_1_121' title='bbox 399 2144 435 2206; x_wconf 88' lang='lat' dir='ltr'>et</span> <span class='ocrx_word' id='word_1_122' title='bbox 458 2135 508 2206; x_wconf 88' lang='lat' dir='ltr'>sic</span> <span class='ocrx_word' id='word_1_123' title='bbox 532 2135 668 2204; x_wconf 85' lang='lat' dir='ltr'>faciant</span> <span class='ocrx_word' id='word_1_124' title='bbox 689 2156 747 2203; x_wconf 90' lang='lat' dir='ltr'>eas</span> <span class='ocrx_word' id='word_1_125' title='bbox 771 2134 1025 2219; x_wconf 87' lang='lat' dir='ltr'>subsistentes,</span> <span class='ocrx_word' id='word_1_126' title='bbox 1060 2134 1125 2203; x_wconf 90' lang='lat' dir='ltr'>hoc</span> <span class='ocrx_word' id='word_1_127' title='bbox 1148 2141 1264 2204; x_wconf 88' lang='lat' dir='ltr'>tamen</span> <span class='ocrx_word' id='word_1_128' title='bbox 1289 2137 1340 2203; x_wconf 87' lang='lat' dir='ltr'>fa-</span> 
     </span>
     <span class='ocr_line' id='line_1_19' title="bbox 197 2237 1341 2337; baseline 0.001 -26"><span class='ocrx_word' id='word_1_129' title='bbox 197 2242 288 2331; x_wconf 80' lang='lat' dir='ltr'>out,</span> <span class='ocrx_word' id='word_1_130' title='bbox 314 2237 546 2337; x_wconf 76' lang='lat' dir='ltr'>in‘quantnm</span> <span class='ocrx_word' id='word_1_131' title='bbox 574 2252 657 2314; x_wconf 89' lang='lat' dir='ltr'>sunt</span> <span class='ocrx_word' id='word_1_132' title='bbox 679 2243 832 2312; x_wconf 90' lang='lat' dir='ltr'>essentia</span> <span class='ocrx_word' id='word_1_133' title='bbox 863 2243 1007 2328; x_wconf 89' lang='lat' dir='ltr'>divina;</span> <span class='ocrx_word' id='word_1_134' title='bbox 1034 2242 1158 2312; x_wconf 87' lang='lat' dir='ltr'>relatio</span> <span class='ocrx_word' id='word_1_135' title='bbox 1190 2243 1341 2312; x_wconf 91' lang='lat' dir='ltr'>enimin</span> 
     </span>
     <span class='ocr_line' id='line_1_20' title="bbox 197 2350 1340 2443; baseline -0.003 -20"><span class='ocrx_word' id='word_1_136' title='bbox 197 2360 338 2443; x_wconf 71' lang='lat' dir='ltr'>quntum</span> <span class='ocrx_word' id='word_1_137' title='bbox 362 2358 417 2422; x_wconf 90' lang='lat' dir='ltr'>est</span> <span class='ocrx_word' id='word_1_138' title='bbox 438 2351 586 2437; x_wconf 89' lang='lat' dir='ltr'>relatio,</span> <span class='ocrx_word' id='word_1_139' title='bbox 612 2375 680 2420; x_wconf 91' lang='lat' dir='ltr'>non</span> <span class='ocrx_word' id='word_1_140' title='bbox 704 2351 809 2419; x_wconf 91' lang='lat' dir='ltr'>habet</span> <span class='ocrx_word' id='word_1_141' title='bbox 841 2350 931 2443; x_wconf 91' lang='lat' dir='ltr'>quod</span> <span class='ocrx_word' id='word_1_142' title='bbox 954 2351 1125 2419; x_wconf 88' lang='lat' dir='ltr'>subsistat</span> <span class='ocrx_word' id='word_1_143' title='bbox 1148 2351 1206 2420; x_wconf 90' lang='lat' dir='ltr'>vel</span> <span class='ocrx_word' id='word_1_144' title='bbox 1229 2351 1340 2420; x_wconf 90' lang='lat' dir='ltr'>subsi-</span> 
     </span>
     <span class='ocr_line' id='line_1_21' title="bbox 195 2458 1338 2550; baseline -0.005 -19"><span class='ocrx_word' id='word_1_145' title='bbox 195 2464 263 2531; x_wconf 70' lang='lat' dir='ltr'>dere</span> <span class='ocrx_word' id='word_1_146' title='bbox 284 2461 407 2546; x_wconf 85' lang='lat' dir='ltr'>faciat,</span> <span class='ocrx_word' id='word_1_147' title='bbox 437 2458 502 2529; x_wconf 88' lang='lat' dir='ltr'>hoc</span> <span class='ocrx_word' id='word_1_148' title='bbox 524 2459 616 2529; x_wconf 89' lang='lat' dir='ltr'>euim</span> <span class='ocrx_word' id='word_1_149' title='bbox 640 2459 749 2528; x_wconf 90' lang='lat' dir='ltr'>solius</span> <span class='ocrx_word' id='word_1_150' title='bbox 772 2459 989 2528; x_wconf 85' lang='lat' dir='ltr'>substantiae</span> <span class='ocrx_word' id='word_1_151' title='bbox 1004 2464 1059 2528; x_wconf 88' lang='lat' dir='ltr'>est</span> <span class='ocrx_word' id='word_1_152' title='bbox 1073 2487 1088 2521; x_wconf 82' lang='lat' dir='ltr'>n</span> <span class='ocrx_word' id='word_1_153' title='bbox 1104 2459 1239 2527; x_wconf 89' lang='lat' dir='ltr'>Potent.</span> <span class='ocrx_word' id='word_1_154' title='bbox 1256 2485 1289 2550; x_wconf 93' lang='lat' dir='ltr'>q.</span> <span class='ocrx_word' id='word_1_155' title='bbox 1304 2460 1338 2526; x_wconf 82' lang='lat'>8.</span> 
     </span>
     <span class='ocr_line' id='line_1_22' title="bbox 193 2566 1338 2638; baseline -0.001 -5"><span class='ocrx_word' id='word_1_156' title='bbox 193 2568 345 2638; x_wconf 72' lang='lat' dir='ltr'>abad&#39;i.</span> <span class='ocrx_word' id='word_1_157' title='bbox 359 2569 459 2637; x_wconf 91' lang='lat' dir='ltr'>Unde</span> <span class='ocrx_word' id='word_1_158' title='bbox 479 2568 672 2638; x_wconf 89' lang='lat' dir='ltr'>Durandus</span> <span class='ocrx_word' id='word_1_159' title='bbox 689 2566 806 2635; x_wconf 90' lang='lat' dir='ltr'>etalii</span> <span class='ocrx_word' id='word_1_160' title='bbox 821 2567 982 2635; x_wconf 90' lang='lat' dir='ltr'>nonnulli</span> <span class='ocrx_word' id='word_1_161' title='bbox 999 2567 1051 2635; x_wconf 92' lang='lat' dir='ltr'>ita</span> <span class='ocrx_word' id='word_1_162' title='bbox 1076 2567 1338 2636; x_wconf 88' lang='lat' dir='ltr'>concludebant:</span> 
     </span>
     <span class='ocr_line' id='line_1_23' title="bbox 193 2675 1340 2757; baseline -0.003 -12"><span class='ocrx_word' id='word_1_163' title='bbox 193 2679 319 2747; x_wconf 63' lang='lat' dir='ltr'>mutia</span> <span class='ocrx_word' id='word_1_164' title='bbox 341 2676 503 2746; x_wconf 90' lang='lat' dir='ltr'>absoluta</span> <span class='ocrx_word' id='word_1_165' title='bbox 532 2677 661 2746; x_wconf 87' lang='lat' dir='ltr'>tribuit</span> <span class='ocrx_word' id='word_1_166' title='bbox 691 2675 922 2745; x_wconf 88' lang='lat' dir='ltr'>relationibus</span> <span class='ocrx_word' id='word_1_167' title='bbox 952 2675 1238 2757; x_wconf 88' lang='lat' dir='ltr'>subsistentiam,</span> <span class='ocrx_word' id='word_1_168' title='bbox 1272 2697 1340 2742; x_wconf 90' lang='lat' dir='ltr'>non</span> 
     </span>
     <span class='ocr_line' id='line_1_24' title="bbox 192 2780 1339 2865; baseline -0.002 -13"><span class='ocrx_word' id='word_1_169' title='bbox 192 2789 285 2852; x_wconf 76' lang='lat' dir='ltr'>autem</span> <span class='ocrx_word' id='word_1_170' title='bbox 308 2784 496 2853; x_wconf 89' lang='lat' dir='ltr'>relationes</span> <span class='ocrx_word' id='word_1_171' title='bbox 519 2783 782 2852; x_wconf 87' lang='lat' dir='ltr'>subsistentiam</span> <span class='ocrx_word' id='word_1_172' title='bbox 806 2782 971 2850; x_wconf 90' lang='lat' dir='ltr'>tribuunt</span> <span class='ocrx_word' id='word_1_173' title='bbox 994 2782 1176 2865; x_wconf 87' lang='lat' dir='ltr'>essentiae,</span> <span class='ocrx_word' id='word_1_174' title='bbox 1202 2787 1238 2849; x_wconf 88' lang='lat' dir='ltr'>et</span> <span class='ocrx_word' id='word_1_175' title='bbox 1262 2780 1339 2850; x_wconf 88' lang='lat' dir='ltr'>ideo</span> 
     </span>
     <span class='ocr_line' id='line_1_25' title="bbox 194 2884 1341 2974; baseline 0 -17"><span class='ocrx_word' id='word_1_176' title='bbox 194 2884 314 2961; x_wconf 78' lang='lat' dir='ltr'>dicenda</span> <span class='ocrx_word' id='word_1_177' title='bbox 329 2898 384 2962; x_wconf 89' lang='lat' dir='ltr'>est</span> <span class='ocrx_word' id='word_1_178' title='bbox 400 2913 471 2961; x_wconf 89' lang='lat' dir='ltr'>nna</span> <span class='ocrx_word' id='word_1_179' title='bbox 482 2891 712 2960; x_wconf 88' lang='lat' dir='ltr'>subsistentia</span> <span class='ocrx_word' id='word_1_180' title='bbox 725 2889 885 2958; x_wconf 85' lang='lat' dir='ltr'>absoluta</span> <span class='ocrx_word' id='word_1_181' title='bbox 897 2889 1013 2959; x_wconf 91' lang='lat' dir='ltr'>tribus</span> <span class='ocrx_word' id='word_1_182' title='bbox 1025 2890 1225 2974; x_wconf 86' lang='lat' dir='ltr'>eommunis,</span> <span class='ocrx_word' id='word_1_183' title='bbox 1240 2889 1341 2957; x_wconf 90' lang='lat' dir='ltr'>nulla</span> 
     </span>
     <span class='ocr_line' id='line_1_26' title="bbox 196 2995 1341 3082; baseline 0.003 -19"><span class='ocrx_word' id='word_1_184' title='bbox 196 3002 286 3066; x_wconf 78' lang='lat' dir='ltr'>utem</span> <span class='ocrx_word' id='word_1_185' title='bbox 306 3004 362 3067; x_wconf 88' lang='lat' dir='ltr'>est</span> <span class='ocrx_word' id='word_1_186' title='bbox 383 2996 613 3065; x_wconf 86' lang='lat' dir='ltr'>subsistentia</span> <span class='ocrx_word' id='word_1_187' title='bbox 636 2997 799 3067; x_wconf 84' lang='lat' dir='ltr'>relativa.</span> <span class='ocrx_word' id='word_1_188' title='bbox 814 2995 866 3065; x_wconf 86' lang='lat' dir='ltr'>At</span> <span class='ocrx_word' id='word_1_189' title='bbox 888 3020 930 3065; x_wconf 84' lang='lat' dir='ltr'>ex</span> <span class='ocrx_word' id='word_1_190' title='bbox 954 2996 1060 3066; x_wconf 91' lang='lat' dir='ltr'>dictis</span> <span class='ocrx_word' id='word_1_191' title='bbox 1085 3003 1233 3082; x_wconf 91' lang='lat' dir='ltr'>constat,</span> <span class='ocrx_word' id='word_1_192' title='bbox 1251 2997 1341 3066; x_wconf 90' lang='lat' dir='ltr'>hauc</span> 
     </span>
     <span class='ocr_line' id='line_1_27' title="bbox 196 3096 1340 3197; baseline 0 -25"><span class='ocrx_word' id='word_1_193' title='bbox 196 3096 362 3176; x_wconf 82' lang='lat' dir='ltr'>illationem</span> <span class='ocrx_word' id='word_1_194' title='bbox 385 3105 424 3173; x_wconf 89' lang='lat' dir='ltr'>in</span> <span class='ocrx_word' id='word_1_195' title='bbox 446 3128 482 3174; x_wconf 87' lang='lat' dir='ltr'>se</span> <span class='ocrx_word' id='word_1_196' title='bbox 506 3127 580 3175; x_wconf 88' lang='lat' dir='ltr'>esse</span> <span class='ocrx_word' id='word_1_197' title='bbox 595 3106 792 3190; x_wconf 88' lang='lat' dir='ltr'>absurdam,</span> <span class='ocrx_word' id='word_1_198' title='bbox 808 3105 839 3173; x_wconf 91' lang='lat' dir='ltr'>si</span> <span class='ocrx_word' id='word_1_199' title='bbox 857 3105 1139 3173; x_wconf 69' lang='lat' dir='ltr'>subsistentialia</span> <span class='ocrx_word' id='word_1_200' title='bbox 1157 3129 1259 3174; x_wconf 89' lang='lat' dir='ltr'>sensu</span> <span class='ocrx_word' id='word_1_201' title='bbox 1271 3106 1340 3197; x_wconf 91' lang='lat' dir='ltr'>ple-</span> 
     </span>
     <span class='ocr_line' id='line_1_28' title="bbox 198 3210 1343 3284; baseline 0.003 -6"><span class='ocrx_word' id='word_1_202' title='bbox 198 3210 265 3282; x_wconf 80' lang='lat' dir='ltr'>niori</span> <span class='ocrx_word' id='word_1_203' title='bbox 284 3213 691 3284; x_wconf 87' lang='lat' dir='ltr'>incommunicabilitatis</span> <span class='ocrx_word' id='word_1_204' title='bbox 714 3214 902 3282; x_wconf 88' lang='lat' dir='ltr'>secundnm</span> <span class='ocrx_word' id='word_1_205' title='bbox 926 3236 1026 3281; x_wconf 90' lang='lat' dir='ltr'>usum</span> <span class='ocrx_word' id='word_1_206' title='bbox 1049 3213 1283 3282; x_wconf 70' lang='lat' dir='ltr'>conciliorum</span> <span class='ocrx_word' id='word_1_207' title='bbox 1306 3220 1343 3282; x_wconf 89' lang='lat' dir='ltr'>et</span> 
     </span>
     <span class='ocr_line' id='line_1_29' title="bbox 191 3311 1338 3413; baseline -0.007 -15"><span class='ocrx_word' id='word_1_208' title='bbox 191 3311 313 3397; x_wconf 71' lang='lat' dir='ltr'>,buum</span> <span class='ocrx_word' id='word_1_209' title='bbox 336 3321 544 3411; x_wconf 89' lang='lat' dir='ltr'>accipiatur.</span> <span class='ocrx_word' id='word_1_210' title='bbox 560 3320 617 3389; x_wconf 87' lang='lat' dir='ltr'>Ad</span> <span class='ocrx_word' id='word_1_211' title='bbox 640 3321 833 3389; x_wconf 89' lang='lat' dir='ltr'>doctrinam</span> <span class='ocrx_word' id='word_1_212' title='bbox 857 3321 894 3389; x_wconf 90' lang='lat' dir='ltr'>S.</span> <span class='ocrx_word' id='word_1_213' title='bbox 914 3321 1065 3389; x_wconf 79' lang='lat' dir='ltr'>Thomas</span> <span class='ocrx_word' id='word_1_214' title='bbox 1079 3321 1168 3413; x_wconf 92' lang='lat' dir='ltr'>quod</span> <span class='ocrx_word' id='word_1_215' title='bbox 1193 3328 1338 3411; x_wconf 77' lang='lat' dir='ltr'>spectat,</span> 
     </span>
     <span class='ocr_line' id='line_1_30' title="bbox 199 3418 1342 3518; baseline 0.003 -24"><span class='ocrx_word' id='word_1_216' title='bbox 199 3418 335 3499; x_wconf 66' lang='lat' dir='ltr'>dunum</span> <span class='ocrx_word' id='word_1_217' title='bbox 358 3429 492 3499; x_wconf 90' lang='lat' dir='ltr'>dicitur</span> <span class='ocrx_word' id='word_1_218' title='bbox 508 3451 590 3498; x_wconf 89' lang='lat' dir='ltr'>saue</span> <span class='ocrx_word' id='word_1_219' title='bbox 609 3428 843 3513; x_wconf 89' lang='lat' dir='ltr'>verissimum,</span> <span class='ocrx_word' id='word_1_220' title='bbox 860 3427 1048 3497; x_wconf 90' lang='lat' dir='ltr'>relationes</span> <span class='ocrx_word' id='word_1_221' title='bbox 1071 3452 1139 3497; x_wconf 92' lang='lat' dir='ltr'>non</span> <span class='ocrx_word' id='word_1_222' title='bbox 1151 3451 1250 3518; x_wconf 91' lang='lat' dir='ltr'>posse</span> <span class='ocrx_word' id='word_1_223' title='bbox 1266 3451 1342 3498; x_wconf 89' lang='lat' dir='ltr'>esse</span> 
     </span>
     <span class='ocr_line' id='line_1_31' title="bbox 198 3534 1341 3630; baseline 0.003 -29"><span class='ocrx_word' id='word_1_224' title='bbox 198 3534 413 3621; x_wconf 70' lang='lat' dir='ltr'>abutentes,</span> <span class='ocrx_word' id='word_1_225' title='bbox 434 3537 506 3605; x_wconf 90' lang='lat' dir='ltr'>nisi</span> <span class='ocrx_word' id='word_1_226' title='bbox 528 3542 700 3630; x_wconf 83' lang='lat' dir='ltr'>quatenus</span> <span class='ocrx_word' id='word_1_227' title='bbox 724 3537 797 3604; x_wconf 90' lang='lat' dir='ltr'>sint</span> <span class='ocrx_word' id='word_1_228' title='bbox 820 3535 1084 3622; x_wconf 89' lang='lat' dir='ltr'>substantiales;</span> <span class='ocrx_word' id='word_1_229' title='bbox 1111 3536 1262 3627; x_wconf 89' lang='lat' dir='ltr'>adeoque</span> <span class='ocrx_word' id='word_1_230' title='bbox 1288 3542 1341 3604; x_wconf 77' lang='lat' dir='ltr'>te·</span> 
     </span>
     <span class='ocr_line' id='line_1_32' title="bbox 195 3628 1337 3732; baseline -0.002 -22"><span class='ocrx_word' id='word_1_231' title='bbox 195 3628 318 3714; x_wconf 75' lang='lat' dir='ltr'>lttioues</span> <span class='ocrx_word' id='word_1_232' title='bbox 341 3643 572 3713; x_wconf 87' lang='lat' dir='ltr'>subsistentes</span> <span class='ocrx_word' id='word_1_233' title='bbox 595 3649 691 3726; x_wconf 90' lang='lat' dir='ltr'>sunt,</span> <span class='ocrx_word' id='word_1_234' title='bbox 706 3665 774 3710; x_wconf 92' lang='lat' dir='ltr'>non</span> <span class='ocrx_word' id='word_1_235' title='bbox 791 3642 875 3732; x_wconf 90' lang='lat' dir='ltr'>quia</span> <span class='ocrx_word' id='word_1_236' title='bbox 886 3641 1077 3709; x_wconf 89' lang='lat' dir='ltr'>relationes</span> <span class='ocrx_word' id='word_1_237' title='bbox 1101 3641 1232 3709; x_wconf 88' lang='lat' dir='ltr'>suntin</span> <span class='ocrx_word' id='word_1_238' title='bbox 1251 3663 1337 3708; x_wconf 90' lang='lat' dir='ltr'>com-</span> 
     </span>
     <span class='ocr_line' id='line_1_33' title="bbox 194 3740 1339 3842; baseline 0.003 -29"><span class='ocrx_word' id='word_1_239' title='bbox 194 3752 266 3820; x_wconf 74' lang='lat' dir='ltr'>uni</span> <span class='ocrx_word' id='word_1_240' title='bbox 287 3740 567 3842; x_wconf 85' lang='lat' dir='ltr'>significatione,</span> <span class='ocrx_word' id='word_1_241' title='bbox 586 3751 645 3819; x_wconf 90' lang='lat' dir='ltr'>sed</span> <span class='ocrx_word' id='word_1_242' title='bbox 669 3749 753 3841; x_wconf 89' lang='lat' dir='ltr'>quia</span> <span class='ocrx_word' id='word_1_243' title='bbox 776 3755 860 3818; x_wconf 90' lang='lat' dir='ltr'>sunt</span> <span class='ocrx_word' id='word_1_244' title='bbox 884 3749 970 3815; x_wconf 82' lang='lat' dir='ltr'>tales</span> <span class='ocrx_word' id='word_1_245' title='bbox 986 3748 1187 3832; x_wconf 86' lang='lat' dir='ltr'>relationes,</span> <span class='ocrx_word' id='word_1_246' title='bbox 1215 3747 1339 3818; x_wconf 86' lang='lat' dir='ltr'>identi-</span> 
     </span>
     <span class='ocr_line' id='line_1_34' title="bbox 192 3850 1180 3931; baseline 0.001 -6"><span class='ocrx_word' id='word_1_247' title='bbox 192 3850 296 3931; x_wconf 77' lang='lat' dir='ltr'>tatae</span> <span class='ocrx_word' id='word_1_248' title='bbox 318 3859 457 3929; x_wconf 88' lang='lat' dir='ltr'>scilicet</span> <span class='ocrx_word' id='word_1_249' title='bbox 480 3882 558 3928; x_wconf 88' lang='lat' dir='ltr'>cum</span> <span class='ocrx_word' id='word_1_250' title='bbox 581 3858 735 3926; x_wconf 88' lang='lat' dir='ltr'>essentia</span> <span class='ocrx_word' id='word_1_251' title='bbox 759 3863 794 3925; x_wconf 89' lang='lat' dir='ltr'>et</span> <span class='ocrx_word' id='word_1_252' title='bbox 817 3857 894 3925; x_wconf 92' lang='lat' dir='ltr'>ideo</span> <span class='ocrx_word' id='word_1_253' title='bbox 918 3857 1180 3926; x_wconf 84' lang='lat' dir='ltr'>substantiales.</span> 
     </span>
    </p>
   </div>
   <div class='ocr_carea' id='block_1_2' title="bbox 235 3950 1464 4055">
    <p class='ocr_par' dir='ltr' id='par_1_4' title="bbox 235 3950 1464 4055">
     <span class='ocr_line' id='line_1_35' title="bbox 235 3950 1464 4055; baseline -0.004 -18"><span class='ocrx_word' id='word_1_254' title='bbox 235 3966 334 4037; x_wconf 73' lang='lat' dir='ltr'>Modo</span> <span class='ocrx_word' id='word_1_255' title='bbox 359 3964 578 4054; x_wconf 85' lang='lat' dir='ltr'>concipiendi</span> <span class='ocrx_word' id='word_1_256' title='bbox 601 3970 637 4034; x_wconf 92' lang='lat' dir='ltr'>et</span> <span class='ocrx_word' id='word_1_257' title='bbox 658 3963 823 4055; x_wconf 89' lang='lat' dir='ltr'>loquendi</span> <span class='ocrx_word' id='word_1_258' title='bbox 854 3963 967 4051; x_wconf 84' lang='lat' dir='ltr'>magis</span> <span class='ocrx_word' id='word_1_259' title='bbox 998 3964 1165 4053; x_wconf 92' lang='lat' dir='ltr'>proprio,</span> <span class='ocrx_word' id='word_1_260' title='bbox 1197 3988 1260 4033; x_wconf 90' lang='lat' dir='ltr'>nec</span> <span class='ocrx_word' id='word_1_261' title='bbox 1290 3988 1340 4035; x_wconf 92' lang='lat' dir='ltr'>es·</span> <span class='ocrx_word' id='word_1_262' title='bbox 1462 3950 1464 3955; x_wconf 39' lang='lat'><em>&#39;</em></span> 
     </span>
    </p>
   </div>
   <div class='ocr_carea' id='block_1_3' title="bbox 188 4071 1341 4496">
    <p class='ocr_par' dir='ltr' id='par_1_5' title="bbox 188 4071 1341 4496">
     <span class='ocr_line' id='line_1_36' title="bbox 188 4071 1341 4146; baseline -0.002 -3"><span class='ocrx_word' id='word_1_263' title='bbox 188 4073 535 4146; x_wconf 61' lang='lat' dir='ltr'>mutuationibus</span> <span class='ocrx_word' id='word_1_264' title='bbox 564 4094 627 4141; x_wconf 87' lang='lat' dir='ltr'>uec</span> <span class='ocrx_word' id='word_1_265' title='bbox 657 4071 847 4139; x_wconf 90' lang='lat' dir='ltr'>relationes</span> <span class='ocrx_word' id='word_1_266' title='bbox 877 4072 1048 4141; x_wconf 90' lang='lat' dir='ltr'>essentiae</span> <span class='ocrx_word' id='word_1_267' title='bbox 1078 4072 1341 4143; x_wconf 86' lang='lat' dir='ltr'>subsistentiam</span> 
     </span>
     <span class='ocr_line' id='line_1_37' title="bbox 188 4180 1341 4271; baseline -0.006 -16"><span class='ocrx_word' id='word_1_268' title='bbox 188 4184 321 4255; x_wconf 74' lang='lat' dir='ltr'>librare</span> <span class='ocrx_word' id='word_1_269' title='bbox 354 4181 520 4251; x_wconf 85' lang='lat' dir='ltr'>dicendae</span> <span class='ocrx_word' id='word_1_270' title='bbox 551 4186 691 4266; x_wconf 86' lang='lat' dir='ltr'>essent;</span> <span class='ocrx_word' id='word_1_271' title='bbox 723 4202 834 4271; x_wconf 90' lang='lat' dir='ltr'>neque</span> <span class='ocrx_word' id='word_1_272' title='bbox 864 4180 955 4249; x_wconf 90' lang='lat' dir='ltr'>enim</span> <span class='ocrx_word' id='word_1_273' title='bbox 986 4187 1051 4250; x_wconf 91' lang='lat' dir='ltr'>aut</span> <span class='ocrx_word' id='word_1_274' title='bbox 1080 4180 1268 4250; x_wconf 91' lang='lat' dir='ltr'>relationes</span> <span class='ocrx_word' id='word_1_275' title='bbox 1298 4183 1341 4248; x_wconf 90' lang='lat' dir='ltr'>ab</span> 
     </span>
     <span class='ocr_line' id='line_1_38' title="bbox 188 4288 1341 4379; baseline -0.007 -15"><span class='ocrx_word' id='word_1_276' title='bbox 188 4292 319 4379; x_wconf 56' lang='lat' dir='ltr'>santia</span> <span class='ocrx_word' id='word_1_277' title='bbox 341 4289 486 4360; x_wconf 89' lang='lat' dir='ltr'>realiter</span> <span class='ocrx_word' id='word_1_278' title='bbox 509 4289 780 4378; x_wconf 83' lang='lat' dir='ltr'>distinguuntur</span> <span class='ocrx_word' id='word_1_279' title='bbox 803 4295 866 4357; x_wconf 91' lang='lat' dir='ltr'>aut</span> <span class='ocrx_word' id='word_1_280' title='bbox 882 4288 1112 4358; x_wconf 89' lang='lat' dir='ltr'>subsistentia</span> <span class='ocrx_word' id='word_1_281' title='bbox 1127 4296 1181 4358; x_wconf 92' lang='lat' dir='ltr'>est</span> <span class='ocrx_word' id='word_1_282' title='bbox 1195 4288 1341 4358; x_wconf 88' lang='lat' dir='ltr'>realitas</span> 
     </span>
     <span class='ocr_line' id='line_1_39' title="bbox 188 4395 1340 4496; baseline -0.005 -28"><span class='ocrx_word' id='word_1_283' title='bbox 188 4398 395 4493; x_wconf 77' lang='lat' dir='ltr'>eperaddito</span> <span class='ocrx_word' id='word_1_284' title='bbox 417 4397 494 4466; x_wconf 83' lang='lat' dir='ltr'>sive</span> <span class='ocrx_word' id='word_1_285' title='bbox 517 4396 688 4466; x_wconf 87' lang='lat' dir='ltr'>essentiae</span> <span class='ocrx_word' id='word_1_286' title='bbox 713 4396 787 4467; x_wconf 82' lang='lat' dir='ltr'>sive</span> <span class='ocrx_word' id='word_1_287' title='bbox 812 4396 1067 4496; x_wconf 80' lang='lat' dir='ltr'>relationibus,</span> <span class='ocrx_word' id='word_1_288' title='bbox 1101 4397 1160 4465; x_wconf 89' lang='lat' dir='ltr'>sed</span> <span class='ocrx_word' id='word_1_289' title='bbox 1190 4395 1340 4464; x_wconf 90' lang='lat' dir='ltr'>essentia</span> 
     </span>
    </p>
   </div>
   <div class='ocr_carea' id='block_1_4' title="bbox 0 0 1590 4950">
    <p class='ocr_par' dir='ltr' id='par_1_6' title="bbox 0 0 1590 4950">
     <span class='ocr_line' id='line_1_40' title="bbox 0 0 1590 4950; baseline 0 0"><span class='ocrx_word' id='word_1_290' title='bbox 0 0 1590 4950; x_wconf 95' lang='lat' dir='ltr'> </span> 
     </span>
    </p>
   </div>
  </div>
 </body>
</html>
