3172 4950
715 360 753 373 -
774 329 816 389 02
837 360 874 374 .-

207 435 259 503 sio
280 440 353 501 tam
377 439 458 501 ante
482 453 588 523 quarn
608 440 687 523 post
711 433 748 502 S.
772 434 1043 523 Hieronymnm3
1070 442 1106 506 et
1129 436 1241 505 multo
1274 434 1389 527 magis

208 547 250 610 nt
271 549 352 609 ante
375 547 411 610 et
433 546 514 630 post
535 540 680 610 Alcuini
703 540 1091 633 recensionem'recepta
1107 548 1198 611 erat.

275 649 446 734 Quoniam
477 650 571 716 Deus
603 657 708 738 caput
731 648 871 717 visibile
894 651 1005 719 totins
1027 650 1205 719 Ecclesiae
1233 654 1330 719 suae'
1351 650 1389 719 in

209 757 367 825 Ecclesia
388 756 502 824 latina
524 754 719 838 constituit,
738 756 775 822 in
791 754 857 825 hac
880 763 915 824 et
932 779 993 846 per
1016 750 1105 825 lianc
1129 757 1222 825 sicut
1238 757 1388 847 integri·

208 870 316 932 tatem
348 862 429 931 fidei
457 860 648 930 universim
672 860 725 928 ita
747 860 851 929 etiam
875 861 1116 951 integritatem
1141 863 1239 931 verbi
1262 862 1389 954 scripti

211 969 352 1061 speciali
381 968 602 1059 providentia
626 990 831 1037 conservare
864 969 999 1053 voluit,
1035 976 1077 1038 ut
1099 976 1217 1062 aperte
1248 978 1390 1040 constat

210 1103 252 1149 ex
276 1079 425 1147 historia
447 1077 615 1144 librorum
638 1076 1041 1163 deuterocanonicorum,
1071 1101 1218 1169 quorum
1240 1080 1390 1148 aut-ben·

210 1188 263 1255 tia
286 1186 407 1254 multis
430 1184 718 1253 fluctuationibus
740 1186 833 1253 inter
855 1186 1021 1254 Doctores
1046 1186 1234 1255 orientales
1257 1186 1391 1254 obortis

211 1294 357 1361 maxime
388 1292 563 1361 constanti
594 1292 808 1376 traditione,
842 1316 932 1377 usu,
966 1293 1180 1383 vigilantia,
1214 1293 1390 1363 delinitio'·

209 1402 313 1470 nibus
335 1400 512 1469 Ecclesiae
536 1399 668 1468 latinae
690 1400 734 1467 ab
755 1398 949 1468 imminenti
964 1400 1204 1469 obscuratione
1228 1400 1265 1469 in
1291 1422 1391 1490 aper·

211 1516 281 1578 tam
304 1509 416 1577 lucem
439 1501 620 1577 'vindicata
643 1514 707 1575 est.
736 1508 827 1575 Hinc
852 1508 1016 1575 Patribus
1041 1507 1260 1577 Tridentinis
1285 1508 1390 1577 mira·

212 1616 276 1685 bili
300 1616 456 1705 Spiritus
480 1615 602 1683 Sancti
631 1615 854 1705 providentia
877 1636 962 1682 usus
988 1613 1165 1683 Ecclesiae
1192 1614 1331 1684 lut-inae
1352 1616 1390 1683 in

212 1746 276 1794 sua
299 1723 449 1792 editione
475 1722 622 1811 vulgata
643 1729 784 1812 praesto
799 1727 877 1790 erat
897 1723 1012 1791 instar·
1027 1744 1167 1791 normae
1188 1722 1390 1794 tutissimae

213 1833 249 1900 in
273 1838 419 1921 utroque
443 1828 580 1899 decreto
603 1836 678 1898 tum
700 1829 742 1898 de
765 1828 867 1897 libris
890 1829 1066 1899 canonicis
1088 1834 1162 1899 tum
1179 1830 1221 1899 de
1240 1830 1390 1899 anthen-

134 1974 143 1991 ·
213 1939 267 2007 tia
289 1937 479 2028 vulgatae.

278 2046 408 2115 Contra
429 2045 467 2113 in
491 2044 623 2113 oriente
658 2044 751 2113 sicut
773 2044 882 2113 maior
905 2049 982 2111 erat
1015 2042 1185 2112 dissensio
1208 2044 1324 2136 quoad
1347 2043 1390 2113 li·

212 2155 291 2223 bros
314 2152 640 2243 deuter-ocanonicos
663 2152 867 2242 generat-im,
894 2152 946 2219 ita
970 2172 1095 2241 magna
1118 2152 1272 2220 occurrit
1296 2152 1391 2221 circs

213 2262 305 2330 hunc
328 2268 464 2330 textum
487 2261 629 2328 Ioannis
653 2260 861 2329 obscuritas.
888 2258 927 2327 Si
950 2259 1104 2349 placeret
1141 2258 1322 2349 appellare
1345 2260 1389 2329 ad

214 2371 289 2439 loca
300 2371 445 2438 Petrum
458 2390 674 2459 graecorum,
693 2368 753 2436 ubi
765 2367 957 2459 loquuntur
969 2368 1010 2435 de
1025 2368 1210 2449 Trinitatc,
1222 2368 1265 2435 de
1279 2368 1391 2434 tribua

213 2477 462 2568 hypostasibus
484 2484 520 2544 et
544 2477 678 2541 vanitate
701 2475 871 2544 essentiae
895 2482 965 2562 (nt
989 2476 1119 2543 factum
1143 2497 1217 2544 esse
1241 2476 1344 2545 video
1368 2496 1389 2541 s

213 2607 344 2675 nupero
369 2585 505 2654 vindice
529 2582 762 2674 genuinitatis
785 2582 922 2651 homine
937 2582 1136 2672 Anglicano
1159 2581 1284 2651 Carolo
1301 2582 1387 2651 For·

214 2697 314 2779 ster),
329 2691 530 2761 testimonia
554 2690 674 2783 utique
698 2695 922 2782 suppeterent
943 2690 1136 2760 innumera.
1149 2690 1216 2760 Sed
1232 2692 1391 2782 prolecto

213 2806 420 2891 argumenta
442 2800 487 2868 ad
510 2822 650 2890 scopum
675 2821 742 2866 non
765 2799 982 2889 pertingunt.
997 2798 1069 2867 Nec
1093 2798 1206 2887 magis
1221 2796 1390 2868 videntur

215 2909 431 2993 convincere,
446 2930 534 2998 quae
545 2907 697 2997 proferri
709 2906 822 2974 solent
837 2929 878 2973 en
892 2906 1031 2995 dialogo
1050 2936 1067 2969 u
1077 2904 1293 2997 Philopatris
1305 2934 1336 2989 r,
1349 2907 1391 2975 dc

214 3039 282 3109 quo
304 3024 420 3084 tamen
443 3016 535 3099 vide,
554 3019 584 3081 si
601 3020 715 3097 vacat,
732 3012 823 3082 Cave
840 3014 933 3081 Hist.
947 3013 1074 3081 Litter.
1091 3014 1133 3081 Τ.
1151 3012 1181 3081 Ι.
1201 3036 1236 3103 p.
1252 3012 1309 3080 17.
1328 3014 1391 3082 Ρο-

215 3124 323 3193 sitive
346 3124 551 3192 documenta
575 3123 695 3192 valida
717 3123 789 3190 fere
812 3122 856 3190 ad
882 3121 966 3190 haec
979 3127 1202 3190 revocantur.
1220 3120 1392 3211 Origenes

214 3241 390 3325 tamquam
412 3231 456 3299 ad
481 3230 725 3299 anctoritatem
748 3228 1028 3319 irrefragabilem
1057 3228 1212 3319 appellat
1243 3228 1289 3299 ad
1314 3252 1391 3299 ver-

216 3342 259 3408 ba
284 3370 300 3403 c
318 3346 391 3407 ths
413 3362 519 3407 unum
543 3344 626 3406 snut
640 3366 671 3422 a,
696 3343 737 3405 ut
759 3337 971 3405 demonstret
993 3337 1164 3405 unitatem
1187 3341 1337 3405 naturae
1354 3337 1390 3404 in

214 3447 329 3516 tribus
353 3446 531 3515 distinctis
555 3446 711 3536 personis
734 3447 794 3532 (in
808 3444 1389 3535 Ps.122v.2.0pp.T.11.p.821).

215 3554 353 3623 Pariter
361 3555 404 3623 ad
414 3555 714 3623 demonstrandam
730 3554 900 3622 unitatem
909 3558 1057 3621 naturae
1069 3552 1210 3622 divinae
1225 3553 1261 3620 in
1273 3554 1392 3622 tribus

215 3661 369 3755 personis
393 3660 550 3731 citantur
577 3660 706 3729 diserto
730 3666 772 3729 ut
793 3658 936 3729 Ioannis
961 3661 1067 3728 verba
1095 3659 1164 3727 abi
1186 3666 1259 3728 tres
1283 3683 1393 3729 unum

216 3775 317 3837 sunto
332 3770 370 3838 in
386 3768 624 3858 disputatione
637 3768 820 3859 supposita
829 3767 1018 3837 Athanasii
1027 3774 1149 3837 contra
1161 3768 1288 3838 Arium
1297 3792 1333 3835 n.
1344 3768 1393 3837 44

216 3880 328 3970 (Opp.
346 3878 479 3947 Athen.
499 3878 541 3945 Τ.
560 3879 610 3945 Π.
624 3902 658 3969 p.
678 3878 771 3963 229).
796 3876 1014 3966 Euthymios
1036 3876 1235 3964 Zigabenns
1258 3877 1392 3962 (Pano-

217 3986 290 4076 plia
312 3986 351 4054 P.
371 3986 400 4053 Ι.
417 3987 474 4053 tit.
493 3984 576 4053 VII.
596 3984 689 4053 Bibl.
703 3984 797 4052 Max.
813 3984 881 4050 ΡΡ.
900 3982 941 4050 Τ.
961 3984 1061 4050 XIX.
1080 3984 1197 4072 12:47)
1221 3983 1312 4051 citat
1326 3984 1393 4051 hoc

216 4172 308 4221 aetate
329 4166 435 4221 rectius
449 4167 565 4219 videtur
584 4168 708 4221 sensisse
723 4168 823 4220 Carolo
843 4166 1035 4219 Lachmanuo.
1056 4166 1101 4218 eui
1112 4180 1162 4232 per
1173 4152 1282 4219 addicas
1293 4164 1391 4219 claro·

216 4262 379 4311 montanum
393 4261 423 4309 et
432 4256 653 4311 Boerneriannm
665 4252 798 4327 (latinos)
809 4256 878 4307 offici
891 4255 1054 4309 videbatur.
1068 4257 1100 4306 nt
1109 4254 1297 4320 epistularum
1306 4254 1392 4309 Pauli

216 4349 317 4403 multis
339 4347 471 4415 pertibus
484 4349 589 4399 certior
607 4348 691 4401 lectio
711 4348 752 4399 sit
773 4362 856 4413 quam
880 4346 1054 4410 reliquorum
1075 4344 1143 4397 novi
1160 4344 1338 4399 Testamenti
1357 4346 1392 4399 li-

216 4439 353 4509 broruupr
373 4436 563 4491 'lischcndorl
574 4436 604 4490 in
620 4437 655 4489 N.
668 4435 848 4489 a.e‹1.1865.
864 4436 1065 4498 Prolegomens
1075 4448 1103 4501 p.
1114 4432 1218 4485 LXIX.
