3180 4944
897 344 935 360 -
956 311 1017 375 50ss
1036 342 1074 360 ..

398 421 505 506 bant,
531 406 701 511 Spiritum
725 417 808 509 quia
829 424 883 487 est
904 441 946 488 ex
968 418 1082 503 Filio,
1101 437 1176 486 esse
1198 412 1305 485 etiam
1327 436 1372 484 ex
1386 414 1544 490 Patredt

406 551 549 613 sensns,
576 549 641 619 quo
665 525 829 596 catholici
851 526 1016 595 Doctores
1039 531 1074 595 et
1100 510 1173 615 quo'
1195 523 1366 593 baeretici
1387 524 1543 615 intelligo-

406 636 491 704 bant
514 631 763 724 processionem
786 654 807 699 a
828 631 945 718 Filio,
971 631 1233 702 diversissimus
1255 635 1322 698 est.
1338 628 1542 700 Catholioiir

406 742 474 811 fide
497 740 699 811 divinitatis
723 739 879 829 Spiritus
902 739 1024 809 Sancti
1053 738 1243 822 videbant,
1276 736 1543 828 processionem

405 846 499 915 Filio
522 868 595 914 esse
617 868 686 915 non
707 868 769 935 per
793 845 999 914 creationem
1022 844 1082 913 sed
1105 867 1148 913 ex
1178 843 1380 912 substantia
1401 841 1502 927 Filii,
1518 848 1543 912 et

406 951 496 1021 hanc
519 951 768 1042 processionem
798 950 1048 1041 intelligebant
1077 973 1151 1020 erae
1180 972 1289 1042 aeque
1310 972 1355 1017 ex
1385 948 1496 1017 Patris
1514 971 1543 1018 ιι

405 1058 492 1127 Filii
515 1058 734 1143 substantia,
760 1079 847 1149 quae
870 1079 940 1126 una
962 1064 1038 1144 est,
1064 1056 1231 1126 haeretici
1254 1060 1379 1125 contra
1408 1055 1446 1123 in
1466 1077 1542 1145 nega

405 1166 498 1234 tione
513 1165 742 1256 processionis
757 1186 778 1232 a
793 1165 897 1233 Patre
912 1164 1142 1234 excludebant
1162 1163 1416 1254 processionem
1430 1185 1473 1232 ex
1486 1163 1543 1231 sub

405 1271 537 1339 stantis
557 1269 671 1355 Filii,
696 1274 733 1338 et
754 1269 980 1340 includebant
997 1268 1248 1361 processionem
1259 1268 1388 1338 aFilio
1399 1290 1461 1360 per
1475 1289 1544 1338 orae

404 1375 546 1447 tionem.

469 1484 572 1553 Hunc
589 1482 702 1573 igitur
725 1483 895 1570 dicimus,
920 1484 964 1553 ad
986 1505 1149 1575 praesens
1172 1485 1263 1577 quod
1286 1482 1435 1569 adtinet,
1460 1482 1544 1551 fnisse

404 1596 535 1660 statum
557 1591 770 1683 quaestionis
792 1595 828 1660 et
849 1591 986 1660 modum
1000 1590 1203 1681 disputandi
1221 1597 1345 1660 contra
1367 1591 1544 1659 Pneumcto

403 1698 553 1766 machos.
573 1697 637 1767 SS.
654 1698 777 1766 Patres
807 1698 1057 1787 processionem
1087 1697 1242 1788 Spiritus
1273 1697 1398 1766 Sancti
1426 1718 1448 1764 a
1473 1694 1545 1764 Filio

403 1804 455 1891 (in
479 1803 734 1893 significatione
757 1804 931 1894 generice,
949 1805 1040 1898 quod
1057 1804 1212 1894 Spiritus
1235 1810 1289 1874 est
1310 1826 1333 1872 a
1354 1803 1462 1889 Filio)
1480 1824 1544 1870 sen·

402 1933 465 2000 per
482 1917 644 1980 asserunt
659 1917 701 1980 ut
711 1911 836 2001 dogma
850 1917 886 1980 et
895 1911 1106 2002 principium
1118 1933 1294 1980 commune
1309 1911 1450 2002 utrique
1459 1907 1542 2001 parti

403 2016 482 2103 (cf.
494 2016 914 2108 Bessarion.orat.dogm.
931 2009 1183 2086 Hardconcil.
1194 2016 1309 2085 T.IX.
1320 2041 1354 2108 p.
1374 2016 1466 2102 343).
1478 2013 1542 2083 Inde

402 2146 487 2193 vero
510 2125 555 2192 ad
578 2125 826 2213 expositionem
847 2126 930 2194 fidei
952 2124 1145 2194 catholicae
1166 2129 1203 2194 et
1217 2123 1484 2193 confutationem
1497 2122 1541 2189 du·

401 2228 507 2319 plicis
529 2229 670 2313 erroris,
696 2253 763 2322 quo
786 2230 954 2299 haeretici
976 2230 1143 2299 docebant
1165 2228 1336 2319 Spiritum
1350 2252 1420 2298 non
1433 2248 1540 2298 essem

403 2335 532 2421 Patre,
557 2342 594 2406 et
615 2360 688 2406 esse
711 2359 733 2404 a
754 2336 848 2405 Filio
870 2361 931 2429 per
955 2336 1185 2423 creationem,
1210 2336 1274 2406 SS.
1299 2337 1465 2406 Doctores
1483 2354 1539 2425 pro

402 2443 614 2532 grediuntur
636 2443 752 2512 tribus
774 2443 896 2513 modis.

469 2549 511 2617 Γ.
535 2549 590 2618 Ex
614 2551 784 2620 eommuni
812 2551 1010 2642 principio,
1045 2551 1135 2643 quod
1166 2551 1324 2641 Spiritus
1352 2547 1538 2640 procedit·

399 2655 492 2724 Filio
510 2705 517 2740 ,
543 2655 701 2725 inferunt
715 2663 751 2727 et
765 2658 1020 2744 demonstrant,
1038 2657 1231 2727 necessario
1254 2658 1360 2727 etiam
1383 2653 1537 2748 procedere

400 2782 422 2829 a
443 2761 572 2846 Patre,
598 2769 673 2831 tum
695 2785 737 2831 ex
761 2764 950 2833 intrinseco
974 2764 1093 2832 ordine
1108 2763 1329 2848 relationum,
1345 2764 1428 2855 quia
1448 2759 1537 2830 Filin

399 2868 474 2956 ipse
497 2876 551 2938 est
573 2891 594 2936 a
616 2872 733 2954 Patre,
752 2877 827 2939 tum
850 2894 892 2939 ex
916 2871 1049 2939 diserta
1071 2870 1230 2939 doctrina
1253 2863 1538 2959 Scripturae,qria

400 2975 494 3044 sicut
516 2975 647 3044 dicitur
671 2976 827 3065 Spiritus
849 2976 936 3045 Filii
960 2977 1011 3045 ita
1034 2976 1166 3044 dicitur
1195 2976 1352 3065 Spiritus
1382 2971 1492 3043 Patris
1513 2971 1537 3037 ct

400 3081 554 3169 Spiritus
577 3081 653 3150 Dei.
672 3083 766 3151 Haec
789 3083 1046 3172 argumentatio
1070 3082 1187 3153 ubivis
1209 3082 1313 3152 obvia
1330 3088 1385 3150 est
1399 3079 1483 3171 apud
1492 3077 1537 3146 Pc-

398 3191 471 3253 tres
494 3187 531 3252 in
555 3186 619 3254 illa
635 3189 872 3259 controversia
886 3188 1089 3279 praecipuos
1106 3189 1301 3258 defensores
1317 3186 1488 3256 doctrinae
1500 3202 1536 3250 ιι·

398 3290 570 3375 thelicae,
595 3293 768 3364 Athenas.
782 3295 894 3364 Basil.
911 3295 1020 3383 Nyss.
1039 3294 1166 3384 Cyrill.
1192 3294 1244 3362 Ne
1266 3293 1464 3362 testimonia
1483 3309 1537 3360 coa·

399 3419 590 3484 cernemus,
615 3408 821 3471 revocentur
843 3403 882 3470 in
903 3401 1101 3471 memoriam
1125 3400 1236 3470 solum
1251 3423 1304 3486 ea,
1323 3422 1412 3491 qnae
1435 3394 1539 3468 citari·

398 3527 475 3573 mus
494 3504 530 3572 in
547 3507 784 3595 superioribus
804 3508 978 3578 thesibus.
993 3508 1138 3577 «Patris
1159 3514 1212 3577 est
1227 3507 1398 3597 Spiritus,
1418 3507 1475 3600 qui
1487 3504 1538 3573 dio

397 3617 457 3680 tus
478 3617 532 3681 est
553 3612 663 3699 Filii,
690 3616 859 3706 siquidem
882 3617 956 3707 ipse
979 3616 1094 3685 Filius
1125 3615 1196 3683 ait:
1222 3614 1379 3705 Spiritus
1401 3608 1538 3684 verina

398 3719 438 3805 (i.
452 3743 481 3788 e.
499 3720 587 3789 Filii
610 3722 713 3791 iuxta
735 3723 971 3791 Athanasium
987 3729 1023 3792 et
1044 3722 1172 3791 multos
1195 3721 1283 3789 alios
1305 3722 1454 3807 Patres),
1468 3715 1538 3811 quio

397 3826 503 3894 Patre
523 3830 679 3917 procedit
701 3856 717 3892 r
742 3829 878 3898 Athen.
901 3831 945 3898 ad
961 3830 1081 3918 Serap.
1099 3851 1151 3919 ep.
1178 3828 1211 3895 3.
1233 3852 1268 3896 ιι.
1288 3827 1321 3896 1.
1351 3857 1368 3892 a
1381 3828 1435 3896 Ex
1456 3827 1536 3896 Patre

396 3933 580 4021 procedere
603 3935 745 4020 dicitur,
773 3936 855 4026 quia
878 3957 899 4003 a
922 3937 1037 4006 Verbo
1061 3936 1152 4028 quod
1168 3958 1210 4005 ex
1225 3935 1332 4004 Patre
1348 3958 1423 4005 esse
1445 3949 1534 4003 conor

397 4038 507 4123 ditur,
526 4041 674 4131 effulget
687 4069 703 4105 n
720 4042 769 4111 id.
784 4042 829 4111 ad
846 4043 966 4132 Serap.
981 4066 1035 4132 ep.
1051 4042 1128 4113 1.ιι.
1142 4042 1197 4112 20.
1215 4072 1232 4107 u
1244 4042 1310 4110 Dei
1322 4043 1457 4134 quidem
1470 4039 1533 4108 ve·

396 4144 477 4212 bum
499 4146 614 4215 Filius
637 4153 720 4232 est,
750 4150 903 4219 Verbum
934 4155 1050 4218 autern
1081 4150 1169 4218 Filii
1199 4149 1397 4239 Spiritus...
1423 4155 1458 4217 et
1476 4162 1531 4214 cun

396 4250 549 4321 Verbum
562 4254 611 4321 sit
624 4254 724 4338 Filii,
742 4256 885 4344 proinde
901 4256 965 4324 Dei
981 4263 1035 4325 eet
1051 4284 1067 4320 a
1083 4255 1194 4326 Basil.
1207 4263 1329 4326 contra
1344 4257 1481 4325 Eunom.
1497 4246 1527 4316 V·

395 4382 430 4449 p.
444 4360 522 4430 304.
542 4391 559 4425 a
580 4361 734 4451 Spiritus
758 4362 906 4434 Sanctus
929 4369 966 4434 et
988 4388 1030 4433 ex
1052 4365 1158 4436 Patre
1180 4365 1323 4452 dicitur,
1341 4371 1377 4435 et
1397 4387 1438 4434 ex
1456 4352 1527 4430 Filio
