3172 4950
606 369 642 387 ..
664 336 723 401 403
744 368 782 385 .-

210 468 280 517 non
301 452 376 517 tres
394 444 478 531 Dii,
505 446 588 537 quia
611 464 681 512 una
702 464 844 511 numero
869 448 922 512 est
938 440 1089 511 essentia
1105 442 1277 529 absoluta,

190 538 306 624 tamen
332 553 427 623 alius
455 559 632 646 quatenus·
651 548 889 620 intellectione
912 547 1076 639 producit
1108 549 1281 619 sandicis

191 659 473 730 aucns'Verbum
497 659 564 743 sui,
583 658 676 726 alius
692 657 844 725 Verbum
862 665 1034 749 quatenus
1051 659 1282 726 intellectione

188 767 320 849 luctum,
336 773 373 837 et
387 767 481 835 alius
504 788 600 835 amor
622 772 794 856 quatenus
812 763 1000 854 productus
1023 789 1094 833 una
1117 770 1282 833 communi

188 879 289 945 uicus
310 876 462 945 dicentis
484 874 638 943 Verbum
662 881 697 942 ct
720 872 840 942 Verbi.
857 871 944 941 Tres
967 873 1081 963 igitur
1105 881 1189 943 suut
1206 896 1278 941 reu·

188 986 353 1051 ·s’nterse
368 981 549 1062 distincti,
568 986 739 1073 quatenus
770 1003 861 1049 unus
887 979 1045 1071 procedit
1071 981 1115 1048 ab
1145 981 1217 1049 alio
1241 984 1283 1051 ut

188 1090 323 1183 incipio
346 1090 563 1181 processione
586 1090 673 1159 reali
696 1089 781 1159 licet
804 1089 1025 1176 immanente,
1044 1090 1282 1182 adeoquetres

188 1206 279 1268 tenus
304 1196 451 1267 relativi
471 1196 516 1265 ad
542 1196 704 1284 invicem;
724 1204 759 1266 et
785 1203 859 1264 tres
888 1202 971 1265 sunt
998 1196 1272 1282 substantiales,

188 1332 195 1373 ι
214 1305 251 1374 hi
266 1306 360 1374 inter
376 1327 412 1373 se
431 1303 591 1376 distincti
615 1304 749 1395 singuli
762 1312 877 1373 tumen
890 1310 927 1373 et
941 1327 1056 1374 omnes
1080 1303 1185 1372 simul
1198 1313 1282 1374 suut

188 1410 358 1482 llectualis
386 1412 537 1479 essentia
561 1410 706 1496 divina,
734 1432 923 1504 quassans
947 1416 1002 1479 est
1024 1411 1172 1480 maxime
1202 1412 1280 1480 sub·

188 1518 252 1587 tia.
272 1516 340 1586 Sed
364 1516 556 1586 distinctus
579 1518 623 1584 ab
646 1516 728 1585 aliis
745 1517 806 1610 qui
830 1525 884 1588 est
907 1518 1107 1587 substantia
1124 1517 1280 1589 intellec·

188 1624 239 1711 is,
263 1648 325 1694 seu
342 1625 448 1718 (quod
472 1624 615 1715 perinde
641 1629 710 1712 est)
735 1625 928 1694 subsistens
953 1626 1144 1695 distinctus
1167 1626 1203 1694 in
1220 1647 1279 1696 na·

188 1756 195 1801 ι
216 1732 450 1802 intellectuali
470 1740 525 1802 est
547 1754 712 1822 persona3
739 1739 823 1802 suut
845 1757 928 1823 ergo
951 1739 1023 1803 tres
1046 1733 1187 1803 divinae
1203 1756 1278 1825 per·

188 1864 211 1911 re
234 1842 340 1910 unius
363 1842 546 1911 essentiae.
562 1843 648 1911 Tres
672 1841 833 1911 distincti
849 1864 916 1910 non
934 1849 1060 1927 essent,
1076 1842 1145 1911 nisi
1163 1848 1280 1914 essent

188 1947 275 2036 tivi3
301 1948 435 2038 singuli
454 1970 603 2040 persona
629 1972 697 2018 non
720 1957 859 2035 essent,
888 1949 958 2018 nisi
980 1955 1096 2018 essent
1119 1950 1277 2018 substan·

188 2078 242 2125 seu
266 2057 417 2127 essentia
441 2055 574 2126 divina.
590 2056 868 2126 Fundamentum
884 2058 999 2145 igitur
1014 2056 1279 2148 personalitatis

188 2160 430 2234 intellectualis
458 2164 766 2249 substantialitas,
796 2164 955 2233 formalis
985 2164 1076 2233 ratio
1101 2169 1280 2256 quaeunt

188 2268 293 2339 luctae
321 2292 508 2361 personae,
534 2275 589 2338 est
610 2270 737 2340 relatio
760 2275 881 2362 (supra
904 2294 938 2360 p.
954 2271 1032 2340 352.
1047 2270 1144 2358 353.)

188 2376 372 2447 Declaratio
389 2378 474 2448 haec
488 2384 565 2448 tota
580 2379 762 2468 desumpta
778 2385 831 2448 est
846 2401 888 2447 ex
912 2377 949 2446 S.
969 2378 1112 2448 Thomu.
1141 2406 1159 2443 a
1177 2376 1279 2450 Sicut

188 2484 325 2557 lleotum
348 2486 460 2556 cst-in
484 2486 706 2576 intelligente
729 2486 767 2554 in
791 2492 959 2579 quantum
982 2486 1278 2576 intelligitur,ita

188 2600 316 2663 ,uatum
332 2615 405 2663 esse
422 2594 523 2662 debet
537 2585 574 2661 in
592 2601 731 2663 amante
748 2593 785 2662 in
801 2600 968 2687 quantum
984 2600 1165 2663 amatur...
1183 2594 1279 2664 Deus

188 2722 222 2770 un
245 2702 338 2771 sicut
361 2701 535 2792 intelligit
558 2725 593 2770 se
617 2703 757 2793 ipsum,
784 2703 837 2772 ita
863 2725 1002 2772 necesse
1032 2708 1086 2772 est
1120 2702 1211 2795 quod
1242 2725 1279 2772 se

188 2831 219 2875 m
239 2816 343 2896 amet;
362 2810 487 2877 bouum
510 2809 602 2878 enim
626 2808 843 2879 intellectum
860 2809 1045 2881 secundum
1070 2832 1106 2879 se
1128 2808 1278 2879 amabile

189 2914 251 2986 Est
272 2915 387 3007 igitur
410 2915 503 2983 Deus
519 2916 557 2982 in
581 2939 617 2984 se
632 2916 707 3007 ipso
732 2925 907 3009 tamquam
931 2923 1084 2987 amatum
1107 2918 1144 2986 in
1161 2939 1277 2989 aman·

208 3022 309 3093 Sicut
330 3028 447 3091 autem
470 3022 673 3113 intelligere
695 3024 761 3093 Dei
784 3031 838 3093 est
861 3048 962 3093 suum
977 3025 1077 3107 Esse,
1089 3024 1141 3094 ita
1153 3033 1189 3094 et
1200 3024 1278 3096 eius

188 3130 325 3200 ration
347 3130 461 3220 igitur
485 3131 580 3199 Deua
611 3138 707 3200 amat
737 3132 887 3222 seipsum
920 3133 1108 3202 secundum
1140 3132 1276 3225 aliquid

188 3240 380 3310 ressentiae
403 3239 671 3329 superveniens,
691 3240 749 3309 sed
766 3239 953 3309 secundum
969 3263 1067 3310 suam
1090 3241 1277 3311 essentiam

188 3346 387 3415 robiectum
409 3352 562 3414 amatum
586 3368 688 3438 quam
718 3354 820 3417 actus
851 3369 970 3416 amans
998 3355 1033 3418 et
1063 3348 1141 3419 ideo
1170 3347 1277 3419 etiam

188 3452 275 3523 unna
297 3453 485 3546 procedens
504 3477 566 3545 per
589 3455 682 3524 hunc
699 3462 814 3525 actum
835 3455 985 3526 identice
1008 3463 1064 3526 cst
1087 3455 1209 3525 divina
1225 3479 1275 3524 es·

188 3560 309 3631 isnou
333 3568 450 3631 autem
475 3563 662 3649 accidens).
679 3563 764 3632 Cum
782 3563 897 3654 igitur
928 3569 1020 3632 amet
1050 3563 1200 3653 seipsum
1224 3586 1274 3633 ss·

188 3667 253 3738 lum
275 3670 352 3754 hoc,
376 3668 467 3761 quod
483 3668 557 3759 ipse
576 3670 613 3737 in
634 3671 746 3761 seipso
765 3679 820 3740 est
838 3677 879 3740 ut
894 3678 1048 3739 amatum
1070 3670 1108 3738 in
1124 3675 1272 3755 amante,
1393 3752 1397 3759 Ι

195 3784 250 3847 est
262 3776 358 3846 Deus
381 3783 518 3846 amatus
537 3777 576 3844 in
596 3777 668 3846 Deo
690 3784 829 3847 amante
846 3801 907 3867 per
923 3777 1060 3845 modum
1080 3776 1275 3846 accidenta-

188 3934 195 3969 ,
218 3885 311 3955 sicut
330 3906 386 3952 res
409 3891 545 3954 amatae
569 3886 712 3954 suntin
740 3886 839 3954 nobis
859 3884 1057 3953 amantibus
1080 3884 1274 3954 accidenta-

188 4014 210 4081 ’ς
232 3990 296 4062 'sed
312 3992 408 4062 Deus
431 3992 545 4061 estin
568 3995 683 4084 seipso
713 3999 755 4062 ut
777 4000 931 4062 amatum
959 3994 996 4061 in
1022 4001 1159 4063 amante
1187 3993 1275 4062 sub-

188 4096 328 4168 lisliter.
342 4098 421 4189 Ipse
445 4120 528 4187 ergo
551 4099 709 4190 Spiritus
733 4100 897 4184 Sanctus,
916 4123 984 4193 qno
1002 4100 1102 4168 nobis
1118 4099 1274 4171 insinua-

188 4204 319 4275 liviuus
341 4227 460 4291 amor,
488 4228 556 4274 nou
576 4213 630 4276 est
655 4207 791 4299 aliquid
815 4207 1032 4277 accidentale
1055 4207 1092 4276 in
1115 4206 1199 4292 Deo,
1216 4206 1275 4277 sed

188 4336 233 4384 rsa
260 4314 453 4383 subsistens
480 4314 517 4381 in
548 4315 699 4384 essentia
730 4316 875 4401 divina,
906 4315 999 4385 sicut
1025 4316 1130 4383 Pater
1156 4320 1192 4383 et
1214 4312 1274 4382 Fi·

191 4420 297 4491 ..Est
313 4444 489 4493 commune
505 4423 544 4492 iu
560 4423 652 4491 omni
662 4424 856 4509 intellectu,
874 4424 965 4516 quod
978 4428 1114 4514 oportet
1129 4422 1166 4493 id
1182 4420 1273 4514 quod

1147 4552 1165 4591 'l
