3172 4950
1373 106 1389 291 q

708 323 746 338 -
766 290 828 353 232
848 323 886 338 -

207 420 274 492 quo
298 396 510 468 conscientia
533 397 590 466 sui
612 397 821 467 absolvitur.
848 397 940 467 Hinc
970 396 1075 466 etiarn
1105 396 1144 464 in
1174 397 1350 465 omotario

208 509 275 590 sai,
299 512 341 575 ut
362 512 417 574 est
439 503 591 573 absoluti
615 505 764 596 spiritus
787 527 847 574 sen
864 504 941 591 Dei,
959 504 1004 573 ad
1027 504 1178 595 primum
1204 526 1353 574 emouer-

207 623 295 701 tum,
315 642 331 677 n
358 637 424 706 quo
448 613 642 682 subiectum
665 613 734 682 sibi
756 615 900 704 opponit
922 613 1093 682 obiectum
1124 636 1186 705 per
1212 632 1353 683 remane

207 723 369 793 tionem»
396 730 433 792 st
458 721 758 813 «duplicationem
781 722 1042 808 substantiae»
1066 722 1215 792 accedat
1246 727 1359 812 oportet
1385 706 1389 795 1

208 832 395 902 seeundum
417 861 437 918 ¹a
456 838 662 902 momentum
678 859 709 916 n,
744 853 810 923 qno
834 829 1029 900 subiectum
1051 836 1087 900 et
1123 829 1293 899 obiectum
1319 829 1359 898 ai·
1387 834 1389 901 ζ

208 941 347 1010 hument
369 947 405 1009 et
420 939 608 1021 exhibeant
624 961 722 1009 suam
738 938 997 1031 aequalitatem.
1013 938 1109 1008 Haeo
1124 938 1307 1007 affirmatio
1317 958 1361 1007 se·
1387 926 1389 980 ἕ

208 1046 393 1139 qualitatis
415 1047 512 1135 (dum
535 1047 729 1116 subiectum
752 1046 897 1132 obiecto,
915 1053 952 1115 et
973 1045 1147 1115 obiectum
1170 1046 1319 1114 subiecto
1333 1065 1362 1114 ss

207 1155 351 1247 aequale
367 1155 544 1242 affirmat),
573 1185 589 1218 a
606 1156 705 1245 ponit
719 1161 858 1246 praeter
873 1154 1066 1224 subiectum
1080 1161 1119 1224 et
1133 1153 1303 1223 obiectum
1316 1151 1362 1223 ad·

208 1265 276 1333 hnc
300 1266 438 1332 tetiam
462 1265 657 1330 elementum
680 1263 718 1331 iu
742 1263 903 1332 absoluta
933 1262 1148 1332 conscientia
1181 1263 1260 1348 sni,
1286 1258 1362 1354 quoi

208 1394 315 1465 aeque
338 1393 379 1441 ac
403 1371 470 1440 duo
492 1371 613 1461 priora
634 1377 690 1440 est
712 1370 873 1440 absoluta
896 1371 1109 1455 substantia,
1135 1377 1173 1439 et
1195 1369 1362 1468 procedens

208 1502 230 1548 a
252 1480 407 1550 subiecto
430 1484 466 1549 et
488 1479 620 1549 obiecto
647 1478 790 1548 exhibet
823 1477 1070 1571 aequalitatem
1099 1477 1250 1547 dnornm
1278 1499 1389 1544 nen·¹

210 1591 348 1659 brorum
372 1588 609 1680 oppositionis.
636 1587 695 1656 Sic
719 1610 802 1677 ergo
827 1586 1037 1657 conscientia
1059 1586 1116 1655 sui
1139 1586 1178 1655 in
1201 1583 1362 1654 Deoutir
1386 1606 1389 1681 f

210 1707 373 1767 creatura
395 1703 449 1763 est
472 1694 584 1763 forma
607 1695 820 1780 essentialis,
846 1695 897 1763 ibi
920 1693 1073 1762 absoluti
1095 1692 1155 1763 hic
1171 1692 1266 1761 finiti
1280 1692 1361 1773 Em.
1387 1724 1389 1733 ·

210 1826 249 1873 eo
271 1802 382 1872 solum
407 1802 607 1871 discrimine
625 1826 688 1893 pro
705 1802 846 1871 diversa
863 1801 1036 1894 qualitate
1052 1801 1166 1893 ipsios
1178 1801 1277 1883 Eue,
1289 1797 1362 1892 qnod
1387 1798 1389 1841 ⁵

210 1913 247 1981 in
269 1911 482 1982 couscientia
504 1911 658 1979 absoluti
682 1895 852 1980 elementa
878 1913 1008 1979 formae
1031 1931 1093 1978 sen
1124 1918 1296 1977 momenta
1320 1928 1361 1976 ao
1387 1920 1389 1967 ἱ

210 2028 309 2088 tunm
332 2020 499 2110 principii
522 2018 675 2088 absoluti
698 2043 767 2088 non
792 2025 876 2088 sunt
891 2040 986 2087 mera
1001 2019 1238 2110 phaenomena
1253 2021 1307 2104 (ut
1322 2008 1362 2083 ia·
1386 2038 1389 2049 ·

211 2128 427 2198 tellectiones
451 2133 668 2215 creaturae),
694 2128 755 2197 sed
784 2134 958 2204 momenta
984 2127 1096 2197 realia
1124 2126 1159 2195 h.
1187 2148 1218 2222 e.
1243 2124 1389 2209 occupem

211 2260 272 2306 seu
295 2237 553 2307 substantioe.»
578 2237 854 2329 Propaedeutioa
875 2237 906 2306 Ι.
922 2261 956 2327 p.
983 2237 1060 2305 104.
1086 2260 1162 2329 sqq.
1185 2235 1299 2304 Habes
1322 2239 1361 2300 to
1386 2222 1389 2235 ’

210 2353 282 2415 tam
309 2346 664 2416 «demonstrationem
689 2353 899 2437 cogentem»
925 2345 989 2416 SS.
1013 2344 1207 2415 Trinitatis
1236 2366 1277 2412 ex
1305 2339 1362 2411 solo

210 2454 340 2523 lumine
364 2455 531 2541 rationis,
566 2478 654 2547 qnae
683 2477 706 2523 a
734 2453 917 2523 Gunthero
944 2454 982 2523 in
1012 2453 1171 2523 omnibns
1204 2455 1277 2522 fero
1304 2448 1361 2518 sair

211 2564 372 2654 operibns
395 2560 508 2655 quoad
530 2563 583 2630 rei
607 2584 773 2632 summam
798 2563 925 2655 ubique
951 2561 1069 2631 eadem
1091 2560 1256 2651 repetita,
1279 2554 1361 2628 stol

147 2733 150 2740 .
211 2671 287 2740 eius
309 2669 493 2760 discipulis
515 2670 707 2761 approbata
737 2675 792 2740 est
821 2693 862 2739 ac
890 2669 990 2738 miris
1020 2668 1188 2738 laudibus
1218 2686 1360 2737 commer-

211 2780 304 2848 data.
332 2777 509 2865 (Giinther
532 2777 701 2868 Propaed.
716 2778 747 2847 Ι.
761 2803 795 2870 p.
808 2778 884 2847 119.
897 2801 987 2870 sqq.;
1013 2776 1242 2868 Propaed.II.
1257 2772 1358 2866 pall.

211 2912 286 2980 sqq.
304 2886 557 2955 5655119556.
578 2910 645 2978 sq.;
663 2886 871 2977 Symposion
883 2886 1066 2976 Peregrini
1078 2910 1113 2976 p.
1125 2885 1203 2954 149.
1215 2885 1292 2971 565;
1306 2882 1360 2951 En·

210 3000 301 3085 ryst.
316 2992 970 3087 51Η55551555.449.5550855512.
983 3017 1073 3085 sqq.;
1088 2991 1241 3060 Thomas
1255 3009 1361 3059 asom·

212 3103 304 3195 pulis
330 3127 364 3194 p.
392 3104 552 3190 177-181;
578 3103 667 3173 Viae
699 3103 831 3172 mediae
861 3103 899 3171 in
930 3100 1151 3192 philosophia
1184 3099 1363 3190 germanice

210 3237 244 3302 p.
256 3211 334 3280 658.
354 3236 445 3304 sqq.;
457 3212 575 3303 Lydia
592 3212 692 3281 1849.
710 3236 745 3302 p.
756 3212 835 3281 246.
846 3234 913 3304 sq.;
927 3209 1021 3300 Lyd.
1034 3210 1134 3278 1851.
1149 3233 1185 3300 p.
1199 3208 1277 3277 166.
1289 3227 1361 3300 sqq.;

211 3318 302 3408 Lyd.
319 3318 419 3388 1859.
434 3344 469 3409 p.
484 3318 563 3389 260.
578 3344 629 3411 sq.
642 3325 709 3389 eto.
730 3323 827 3405 eto).

276 3429 328 3498 At
351 3452 433 3500 vero
455 3452 524 3497 non
548 3429 658 3497 solnm
682 3428 826 3498 evidens
849 3426 1099 3497 demonstratio
1126 3449 1197 3495 non
1220 3432 1297 3513 est;
1320 3418 1365 3493 sel

211 3544 264 3607 est
286 3538 513 3630 undequaque
529 3537 673 3606 evidens
688 3588 696 3622 ‚
714 3537 1042 3606 demonstrationem
1057 3558 1132 3604 esse
1148 3535 1295 3604 nnllam.
1306 3532 1366 3601 Ian

210 3648 247 3714 in
270 3646 475 3715 deductione
498 3644 736 3714 distinotionis
759 3645 853 3714 inter
875 3644 1022 3735 primam
1044 3648 1081 3712 et
1101 3643 1288 3712 secundam
1308 3662 1368 3732 per

211 3777 329 3823 sonam
352 3760 579 3822 assumuntur
611 3752 711 3822 velut
740 3758 856 3838 certa,
882 3775 970 3844 quae
993 3751 1051 3821 vel
1080 3751 1219 3821 ratione
1241 3774 1309 3820 non
1328 3749 1370 3818 in·

211 3861 426 3950 telliguntnr
450 3861 507 3931 vel
526 3866 616 3929 sunt
638 3860 827 3929 manifesto
850 3859 954 3929 falsa.
981 3859 1025 3928 1·.
1039 3859 1094 3928 Ex
1117 3882 1176 3944 eo,
1204 3859 1296 3952 quod
1316 3879 1371 3925 nos

211 3969 406 4036 excluditur
430 3969 602 4059 oppositio
625 3968 662 4036 in
679 3969 770 4038 Ente
785 3969 960 4054 absoluto,
986 3967 1023 4036 h.
1038 3990 1069 4036 e.
1088 3967 1179 4060 quod
1197 3991 1267 4038 non
1282 3963 1373 4036 intel·

200 4075 581 4166 ligiturrepuguantia
596 4076 825 4167 oppositionis
836 4076 965 4161 (dicere
981 4072 1159 4143 debuisset
1169 4075 1372 4158 relationis),

71 4232 75 4237 -
211 4183 360 4252 absurde
382 4182 550 4252 infertur:
574 4206 658 4274 ergo
674 4191 793 4253 exstat
807 4183 892 4252 talis
908 4183 1092 4273 oppositio.
1111 4182 1156 4250 2¹.
1173 4181 1245 4252 Est
1259 4179 1375 4273 oppido

212 4290 360 4375 falsum,
387 4291 607 4360 intuitionem
632 4314 701 4384 qus
723 4292 819 4360 Deus
850 4289 1111 4380 comprehendit
1141 4311 1242 4358 snam
1273 4311 1377 4359 essen

209 4399 324 4484 tiam,
350 4421 371 4466 a
394 4399 493 4468 nohis
508 4399 639 4469 lumine
669 4399 819 4470 rationis
842 4397 999 4489 intelligi
1032 4397 1131 4469 velut
1160 4399 1293 4468 realem
1320 4394 1377 4465 ali·
