<?xml version="1.0" encoding="UTF-8"?>
<!DOCTYPE html PUBLIC "-//W3C//DTD XHTML 1.0 Transitional//EN"
    "http://www.w3.org/TR/xhtml1/DTD/xhtml1-transitional.dtd">
<html xmlns="http://www.w3.org/1999/xhtml" xml:lang="en" lang="en">
 <head>
  <title>
</title>
<meta http-equiv="Content-Type" content="text/html;charset=utf-8" />
  <meta name='ocr-system' content='tesseract 3.04.00' />
  <meta name='ocr-capabilities' content='ocr_page ocr_carea ocr_par ocr_line ocrx_word'/>
</head>
<body>
  <div class='ocr_page' id='page_1' title='image "./tractatusdedeot00frangoog/tractatusdedeot00frangoog_0117.png"; bbox 0 0 3172 4950; ppageno 0'>
   <div class='ocr_carea' id='block_1_1' title="bbox 360 293 1540 2657">
    <p class='ocr_par' dir='ltr' id='par_1_1' title="bbox 363 293 1535 609">
     <span class='ocr_line' id='line_1_1' title="bbox 866 293 1044 360; baseline 0 -17"><span class='ocrx_word' id='word_1_1' title='bbox 866 327 904 343; x_wconf 93' lang='lat'><strong>..</strong></span> <span class='ocrx_word' id='word_1_2' title='bbox 927 293 985 360; x_wconf 80' lang='lat'><strong>104</strong></span> <span class='ocrx_word' id='word_1_3' title='bbox 1006 327 1044 343; x_wconf 93' lang='lat'><strong>..</strong></span> 
     </span>
     <span class='ocr_line' id='line_1_2' title="bbox 365 393 1535 492; baseline -0.009 -11"><span class='ocrx_word' id='word_1_4' title='bbox 365 409 406 481; x_wconf 79' lang='lat' dir='ltr'><strong>de</strong></span> <span class='ocrx_word' id='word_1_5' title='bbox 429 404 643 478; x_wconf 75' lang='lat' dir='ltr'><strong>altissimis»</strong></span> <span class='ocrx_word' id='word_1_6' title='bbox 667 397 712 488; x_wconf 82' lang='lat' dir='ltr'><strong>(ro</strong></span> <span class='ocrx_word' id='word_1_7' title='bbox 731 399 815 489; x_wconf 71' lang='grc' dir='ltr'><strong>ἄγων</strong></span> <span class='ocrx_word' id='word_1_8' title='bbox 831 425 886 468; x_wconf 81' lang='grc' dir='ltr'><strong>σου</strong></span> <span class='ocrx_word' id='word_1_9' title='bbox 898 425 1015 489; x_wconf 69' lang='lat' dir='ltr'><strong>escape</strong></span> <span class='ocrx_word' id='word_1_10' title='bbox 1026 397 1088 467; x_wconf 78' lang='lat' dir='ltr'><strong>eine</strong></span> <span class='ocrx_word' id='word_1_11' title='bbox 1105 393 1249 492; x_wconf 59' lang='grc' dir='ltr'><strong>ὑψιπων)</strong></span> <span class='ocrx_word' id='word_1_12' title='bbox 1268 399 1352 492; x_wconf 85' lang='lat' dir='ltr'><strong>Sap.</strong></span> <span class='ocrx_word' id='word_1_13' title='bbox 1366 398 1434 487; x_wconf 87' lang='lat' dir='ltr'><strong>IX,</strong></span> <span class='ocrx_word' id='word_1_14' title='bbox 1444 399 1535 470; x_wconf 85' lang='grc'><strong>1·17.</strong></span> 
     </span>
     <span class='ocr_line' id='line_1_3' title="bbox 363 508 814 609; baseline -0.029 -19"><span class='ocrx_word' id='word_1_15' title='bbox 363 519 425 609; x_wconf 83' lang='lat' dir='ltr'><strong>(ci.</strong></span> <span class='ocrx_word' id='word_1_16' title='bbox 445 516 477 585; x_wconf 89' lang='lat'><strong>1.</strong></span> <span class='ocrx_word' id='word_1_17' title='bbox 497 514 576 582; x_wconf 86' lang='lat' dir='ltr'><strong>Cor.</strong></span> <span class='ocrx_word' id='word_1_18' title='bbox 594 511 646 580; x_wconf 91' lang='grc' dir='ltr'><strong>Π.</strong></span> <span class='ocrx_word' id='word_1_19' title='bbox 667 508 723 580; x_wconf 89' lang='grc'><strong>10.</strong></span> <span class='ocrx_word' id='word_1_20' title='bbox 744 509 814 596; x_wconf 93' lang='grc'><strong>11).</strong></span> 
     </span>
    </p>

    <p class='ocr_par' dir='ltr' id='par_1_2' title="bbox 360 616 1540 2657">
     <span class='ocr_line' id='line_1_4' title="bbox 429 616 1539 710; baseline -0.008 -16"><span class='ocrx_word' id='word_1_21' title='bbox 429 623 513 694; x_wconf 84' lang='lat' dir='ltr'><strong>Sine</strong></span> <span class='ocrx_word' id='word_1_22' title='bbox 529 619 764 710; x_wconf 79' lang='lat' dir='ltr'><strong>dubioigitur</strong></span> <span class='ocrx_word' id='word_1_23' title='bbox 779 618 966 689; x_wconf 87' lang='lat' dir='ltr'><strong>Israelitae</strong></span> <span class='ocrx_word' id='word_1_24' title='bbox 981 619 1026 690; x_wconf 85' lang='lat' dir='ltr'><strong>V.</strong></span> <span class='ocrx_word' id='word_1_25' title='bbox 1042 620 1085 689; x_wconf 93' lang='lat' dir='ltr'><strong>T.</strong></span> <span class='ocrx_word' id='word_1_26' title='bbox 1100 619 1224 688; x_wconf 86' lang='lat' dir='ltr'><strong>maiori</strong></span> <span class='ocrx_word' id='word_1_27' title='bbox 1239 616 1372 687; x_wconf 87' lang='lat' dir='ltr'><strong>lumine</strong></span> <span class='ocrx_word' id='word_1_28' title='bbox 1388 616 1539 708; x_wconf 87' lang='lat' dir='ltr'><strong>praediti</strong></span> 
     </span>
     <span class='ocr_line' id='line_1_5' title="bbox 363 726 1540 818; baseline -0.01 -13"><span class='ocrx_word' id='word_1_29' title='bbox 363 735 408 805; x_wconf 85' lang='lat' dir='ltr'><strong>ad</strong></span> <span class='ocrx_word' id='word_1_30' title='bbox 424 731 586 802; x_wconf 90' lang='lat' dir='ltr'><strong>intimum</strong></span> <span class='ocrx_word' id='word_1_31' title='bbox 601 727 867 818; x_wconf 89' lang='lat' dir='ltr'><strong>Scripturarum</strong></span> <span class='ocrx_word' id='word_1_32' title='bbox 879 751 1017 797; x_wconf 88' lang='lat' dir='ltr'><strong>sensum</strong></span> <span class='ocrx_word' id='word_1_33' title='bbox 1033 726 1302 817; x_wconf 82' lang='lat' dir='ltr'><strong>intelligendum</strong></span> <span class='ocrx_word' id='word_1_34' title='bbox 1315 726 1540 795; x_wconf 89' lang='lat' dir='ltr'><strong>crediderunt</strong></span> 
     </span>
     <span class='ocr_line' id='line_1_6' title="bbox 362 834 1539 927; baseline -0.009 -13"><span class='ocrx_word' id='word_1_35' title='bbox 362 841 526 914; x_wconf 77' lang='lat' dir='ltr'><strong>llessiam</strong></span> <span class='ocrx_word' id='word_1_36' title='bbox 549 860 670 908; x_wconf 86' lang='lat' dir='ltr'><strong>verum</strong></span> <span class='ocrx_word' id='word_1_37' title='bbox 695 837 806 907; x_wconf 89' lang='lat' dir='ltr'><strong>Deum</strong></span> <span class='ocrx_word' id='word_1_38' title='bbox 827 858 850 904; x_wconf 95' lang='lat' dir='ltr'><strong>a</strong></span> <span class='ocrx_word' id='word_1_39' title='bbox 872 836 945 905; x_wconf 91' lang='lat' dir='ltr'><strong>Deo</strong></span> <span class='ocrx_word' id='word_1_40' title='bbox 960 836 1181 921; x_wconf 90' lang='lat' dir='ltr'><strong>mittendum,</strong></span> <span class='ocrx_word' id='word_1_41' title='bbox 1200 841 1306 927; x_wconf 91' lang='lat' dir='ltr'><strong>atque</strong></span> <span class='ocrx_word' id='word_1_42' title='bbox 1321 857 1385 925; x_wconf 91' lang='lat' dir='ltr'><strong>pro</strong></span> <span class='ocrx_word' id='word_1_43' title='bbox 1400 834 1539 904; x_wconf 83' lang='lat' dir='ltr'><strong>diverso</strong></span> 
     </span>
     <span class='ocr_line' id='line_1_7' title="bbox 363 941 1538 1041; baseline -0.003 -27"><span class='ocrx_word' id='word_1_44' title='bbox 363 946 478 1041; x_wconf 75' lang='lat' dir='ltr'><strong>gradu</strong></span> <span class='ocrx_word' id='word_1_45' title='bbox 500 943 754 1013; x_wconf 72' lang='lat' dir='ltr'><strong>illustrationis</strong></span> <span class='ocrx_word' id='word_1_46' title='bbox 777 943 890 1033; x_wconf 82' lang='lat' dir='ltr'><strong>magis</strong></span> <span class='ocrx_word' id='word_1_47' title='bbox 907 943 1066 1012; x_wconf 88' lang='lat' dir='ltr'><strong>minusve</strong></span> <span class='ocrx_word' id='word_1_48' title='bbox 1083 942 1213 1012; x_wconf 83' lang='lat' dir='ltr'><strong>clarum</strong></span> <span class='ocrx_word' id='word_1_49' title='bbox 1228 942 1396 1011; x_wconf 76' lang='lat' dir='ltr'><strong>notitiam</strong></span> <span class='ocrx_word' id='word_1_50' title='bbox 1412 941 1538 1010; x_wconf 89' lang='lat' dir='ltr'><strong>babue-</strong></span> 
     </span>
     <span class='ocr_line' id='line_1_8' title="bbox 361 1049 1536 1143; baseline -0.007 -17"><span class='ocrx_word' id='word_1_51' title='bbox 361 1052 709 1126; x_wconf 65' lang='lat' dir='ltr'><strong>mensurationis</strong></span> <span class='ocrx_word' id='word_1_52' title='bbox 731 1074 956 1143; x_wconf 87' lang='lat' dir='ltr'><strong>personarum</strong></span> <span class='ocrx_word' id='word_1_53' title='bbox 979 1060 1016 1121; x_wconf 93' lang='lat' dir='ltr'><strong>et</strong></span> <span class='ocrx_word' id='word_1_54' title='bbox 1037 1051 1200 1142; x_wconf 80' lang='lat' dir='ltr'><strong>mysterii</strong></span> <span class='ocrx_word' id='word_1_55' title='bbox 1230 1050 1295 1120; x_wconf 85' lang='lat' dir='ltr'><strong>SS.</strong></span> <span class='ocrx_word' id='word_1_56' title='bbox 1321 1049 1536 1134; x_wconf 76' lang='lat' dir='ltr'><strong>Trinitatis,</strong></span> 
     </span>
     <span class='ocr_line' id='line_1_9' title="bbox 362 1156 1538 1254; baseline -0.006 -22"><span class='ocrx_word' id='word_1_57' title='bbox 362 1161 401 1232; x_wconf 93' lang='lat' dir='ltr'><strong>id</strong></span> <span class='ocrx_word' id='word_1_58' title='bbox 423 1161 514 1254; x_wconf 89' lang='lat' dir='ltr'><strong>quod</strong></span> <span class='ocrx_word' id='word_1_59' title='bbox 544 1159 654 1229; x_wconf 85' lang='lat' dir='ltr'><strong>multo</strong></span> <span class='ocrx_word' id='word_1_60' title='bbox 686 1158 799 1248; x_wconf 80' lang='lat' dir='ltr'><strong>magis</strong></span> <span class='ocrx_word' id='word_1_61' title='bbox 829 1160 872 1229; x_wconf 91' lang='lat' dir='ltr'><strong>de</strong></span> <span class='ocrx_word' id='word_1_62' title='bbox 903 1158 966 1228; x_wconf 84' lang='lat' dir='ltr'><strong>SS.</strong></span> <span class='ocrx_word' id='word_1_63' title='bbox 997 1157 1212 1250; x_wconf 87' lang='lat' dir='ltr'><strong>patriarchis</strong></span> <span class='ocrx_word' id='word_1_64' title='bbox 1235 1164 1272 1227; x_wconf 87' lang='lat' dir='ltr'><strong>et</strong></span> <span class='ocrx_word' id='word_1_65' title='bbox 1293 1158 1336 1227; x_wconf 91' lang='lat' dir='ltr'><strong>de</strong></span> <span class='ocrx_word' id='word_1_66' title='bbox 1357 1156 1538 1250; x_wconf 88' lang='lat' dir='ltr'><strong>prophetis</strong></span> 
     </span>
     <span class='ocr_line' id='line_1_10' title="bbox 362 1265 1539 1355; baseline -0.007 -14"><span class='ocrx_word' id='word_1_67' title='bbox 362 1269 582 1341; x_wconf 88' lang='lat' dir='ltr'><strong>sentiendum</strong></span> <span class='ocrx_word' id='word_1_68' title='bbox 605 1275 660 1339; x_wconf 90' lang='lat' dir='ltr'><strong>est</strong></span> <span class='ocrx_word' id='word_1_69' title='bbox 675 1265 1539 1355; x_wconf 71' lang='lat' dir='ltr'><strong>(efnaei.xffl.17;10.V111.so;1.1&gt;0t.1.a12)</strong></span> 
     </span>
     <span class='ocr_line' id='line_1_11' title="bbox 363 1371 1538 1466; baseline -0.005 -19"><span class='ocrx_word' id='word_1_70' title='bbox 363 1383 400 1448; x_wconf 89' lang='lat' dir='ltr'><strong>et</strong></span> <span class='ocrx_word' id='word_1_71' title='bbox 421 1377 463 1447; x_wconf 91' lang='lat' dir='ltr'><strong>de</strong></span> <span class='ocrx_word' id='word_1_72' title='bbox 486 1375 568 1444; x_wconf 90' lang='lat' dir='ltr'><strong>aliis</strong></span> <span class='ocrx_word' id='word_1_73' title='bbox 592 1374 733 1446; x_wconf 86' lang='lat' dir='ltr'><strong>Sanctis</strong></span> <span class='ocrx_word' id='word_1_74' title='bbox 755 1375 799 1445; x_wconf 88' lang='lat' dir='ltr'><strong>V.</strong></span> <span class='ocrx_word' id='word_1_75' title='bbox 820 1376 862 1444; x_wconf 92' lang='lat' dir='ltr'><strong>T.</strong></span> <span class='ocrx_word' id='word_1_76' title='bbox 903 1375 1103 1466; x_wconf 88' lang='lat' dir='ltr'><strong>specialiter</strong></span> <span class='ocrx_word' id='word_1_77' title='bbox 1126 1396 1148 1442; x_wconf 90' lang='lat' dir='ltr'><strong>a</strong></span> <span class='ocrx_word' id='word_1_78' title='bbox 1170 1375 1242 1443; x_wconf 89' lang='lat' dir='ltr'><strong>Deo</strong></span> <span class='ocrx_word' id='word_1_79' title='bbox 1258 1373 1468 1443; x_wconf 89' lang='lat' dir='ltr'><strong>illustratis.</strong></span> <span class='ocrx_word' id='word_1_80' title='bbox 1486 1371 1538 1441; x_wconf 83' lang='lat' dir='ltr'><strong>Ex</strong></span> 
     </span>
     <span class='ocr_line' id='line_1_12' title="bbox 363 1482 1538 1576; baseline -0.005 -21"><span class='ocrx_word' id='word_1_81' title='bbox 363 1484 469 1555; x_wconf 88' lang='lat' dir='ltr'><strong>dictis</strong></span> <span class='ocrx_word' id='word_1_82' title='bbox 492 1490 659 1575; x_wconf 89' lang='lat' dir='ltr'><strong>apparet,</strong></span> <span class='ocrx_word' id='word_1_83' title='bbox 691 1483 858 1576; x_wconf 91' lang='lat' dir='ltr'><strong>quomodo</strong></span> <span class='ocrx_word' id='word_1_84' title='bbox 889 1491 1042 1576; x_wconf 88' lang='lat' dir='ltr'><strong>tempore</strong></span> <span class='ocrx_word' id='word_1_85' title='bbox 1073 1485 1248 1553; x_wconf 88' lang='lat' dir='ltr'><strong>adventus</strong></span> <span class='ocrx_word' id='word_1_86' title='bbox 1270 1482 1358 1551; x_wconf 84' lang='lat' dir='ltr'><strong>Filii</strong></span> <span class='ocrx_word' id='word_1_87' title='bbox 1381 1482 1449 1552; x_wconf 90' lang='lat' dir='ltr'><strong>Dei</strong></span> <span class='ocrx_word' id='word_1_88' title='bbox 1472 1482 1538 1550; x_wconf 89' lang='lat' dir='ltr'><strong>iam</strong></span> 
     </span>
     <span class='ocr_line' id='line_1_13' title="bbox 363 1589 1537 1685; baseline -0.002 -25"><span class='ocrx_word' id='word_1_89' title='bbox 363 1599 549 1685; x_wconf 89' lang='lat' dir='ltr'><strong>antequam</strong></span> <span class='ocrx_word' id='word_1_90' title='bbox 564 1591 639 1682; x_wconf 90' lang='lat' dir='ltr'><strong>ipse</strong></span> <span class='ocrx_word' id='word_1_91' title='bbox 655 1591 816 1661; x_wconf 90' lang='lat' dir='ltr'><strong>doctrina</strong></span> <span class='ocrx_word' id='word_1_92' title='bbox 831 1616 896 1661; x_wconf 89' lang='lat' dir='ltr'><strong>sua</strong></span> <span class='ocrx_word' id='word_1_93' title='bbox 907 1592 972 1662; x_wconf 91' lang='lat' dir='ltr'><strong>boc</strong></span> <span class='ocrx_word' id='word_1_94' title='bbox 986 1594 1189 1682; x_wconf 77' lang='lat' dir='ltr'><strong>mysterium</strong></span> <span class='ocrx_word' id='word_1_95' title='bbox 1207 1591 1413 1662; x_wconf 90' lang='lat' dir='ltr'><strong>distinctius</strong></span> <span class='ocrx_word' id='word_1_96' title='bbox 1428 1589 1537 1681; x_wconf 84' lang='lat' dir='ltr'><strong>expli-</strong></span> 
     </span>
     <span class='ocr_line' id='line_1_14' title="bbox 363 1697 1538 1789; baseline -0.003 -19"><span class='ocrx_word' id='word_1_97' title='bbox 363 1698 506 1783; x_wconf 87' lang='lat' dir='ltr'><strong>cuisset,</strong></span> <span class='ocrx_word' id='word_1_98' title='bbox 531 1699 636 1768; x_wconf 91' lang='lat' dir='ltr'><strong>etiam</strong></span> <span class='ocrx_word' id='word_1_99' title='bbox 659 1698 931 1789; x_wconf 82' lang='lat' dir='ltr'><strong>praescindendo</strong></span> <span class='ocrx_word' id='word_1_100' title='bbox 953 1699 998 1768; x_wconf 93' lang='lat' dir='ltr'><strong>ab</strong></span> <span class='ocrx_word' id='word_1_101' title='bbox 1020 1698 1321 1770; x_wconf 84' lang='lat' dir='ltr'><strong>illustrationibus</strong></span> <span class='ocrx_word' id='word_1_102' title='bbox 1343 1697 1538 1767; x_wconf 87' lang='lat' dir='ltr'><strong>extraordi-</strong></span> 
     </span>
     <span class='ocr_line' id='line_1_15' title="bbox 362 1806 1539 1898; baseline -0.002 -22"><span class='ocrx_word' id='word_1_103' title='bbox 362 1806 475 1876; x_wconf 87' lang='lat' dir='ltr'><strong>nariis</strong></span> <span class='ocrx_word' id='word_1_104' title='bbox 490 1813 527 1876; x_wconf 92' lang='lat' dir='ltr'><strong>et</strong></span> <span class='ocrx_word' id='word_1_105' title='bbox 541 1806 616 1876; x_wconf 90' lang='lat' dir='ltr'><strong>sola</strong></span> <span class='ocrx_word' id='word_1_106' title='bbox 639 1812 796 1898; x_wconf 85' lang='lat' dir='ltr'><strong>spectata</strong></span> <span class='ocrx_word' id='word_1_107' title='bbox 819 1806 1033 1877; x_wconf 85' lang='lat' dir='ltr'><strong>revelatione</strong></span> <span class='ocrx_word' id='word_1_108' title='bbox 1048 1807 1085 1875; x_wconf 89' lang='lat' dir='ltr'><strong>in</strong></span> <span class='ocrx_word' id='word_1_109' title='bbox 1103 1806 1298 1898; x_wconf 89' lang='lat' dir='ltr'><strong>Scripturis</strong></span> <span class='ocrx_word' id='word_1_110' title='bbox 1321 1806 1446 1891; x_wconf 86' lang='lat' dir='ltr'><strong>sacris,</strong></span> <span class='ocrx_word' id='word_1_111' title='bbox 1464 1806 1539 1896; x_wconf 87' lang='lat' dir='ltr'><strong>ipsa</strong></span> 
     </span>
     <span class='ocr_line' id='line_1_16' title="bbox 363 1914 1536 2007; baseline -0.002 -23"><span class='ocrx_word' id='word_1_112' title='bbox 363 1914 459 1985; x_wconf 86' lang='lat' dir='ltr'><strong>dicta</strong></span> <span class='ocrx_word' id='word_1_113' title='bbox 481 1921 518 1983; x_wconf 87' lang='lat' dir='ltr'><strong>et</strong></span> <span class='ocrx_word' id='word_1_114' title='bbox 539 1916 636 1984; x_wconf 86' lang='lat' dir='ltr'><strong>iacta</strong></span> <span class='ocrx_word' id='word_1_115' title='bbox 657 1914 741 1984; x_wconf 87' lang='lat' dir='ltr'><strong>novi</strong></span> <span class='ocrx_word' id='word_1_116' title='bbox 765 1914 983 1985; x_wconf 89' lang='lat' dir='ltr'><strong>Testamenti</strong></span> <span class='ocrx_word' id='word_1_117' title='bbox 1006 1923 1203 2007; x_wconf 89' lang='lat' dir='ltr'><strong>supponant</strong></span> <span class='ocrx_word' id='word_1_118' title='bbox 1218 1916 1256 1984; x_wconf 92' lang='lat' dir='ltr'><strong>in</strong></span> <span class='ocrx_word' id='word_1_119' title='bbox 1271 1914 1453 2007; x_wconf 84' lang='lat' dir='ltr'><strong>aliquibus</strong></span> <span class='ocrx_word' id='word_1_120' title='bbox 1468 1914 1536 1983; x_wconf 90' lang='lat' dir='ltr'><strong>cla·</strong></span> 
     </span>
     <span class='ocr_line' id='line_1_17' title="bbox 361 2021 1535 2113; baseline -0.002 -21"><span class='ocrx_word' id='word_1_121' title='bbox 361 2045 437 2093; x_wconf 88' lang='lat' dir='ltr'><strong>ram</strong></span> <span class='ocrx_word' id='word_1_122' title='bbox 467 2022 699 2113; x_wconf 83' lang='lat' dir='ltr'><strong>cognitionem</strong></span> <span class='ocrx_word' id='word_1_123' title='bbox 730 2021 768 2089; x_wconf 92' lang='lat' dir='ltr'><strong>in</strong></span> <span class='ocrx_word' id='word_1_124' title='bbox 797 2023 879 2091; x_wconf 87' lang='lat' dir='ltr'><strong>aliis</strong></span> <span class='ocrx_word' id='word_1_125' title='bbox 911 2023 1036 2092; x_wconf 87' lang='lat' dir='ltr'><strong>saltem</strong></span> <span class='ocrx_word' id='word_1_126' title='bbox 1068 2024 1249 2092; x_wconf 86' lang='lat' dir='ltr'><strong>obscuram</strong></span> <span class='ocrx_word' id='word_1_127' title='bbox 1276 2021 1535 2112; x_wconf 87' lang='lat' dir='ltr'><strong>praenotionem</strong></span> 
     </span>
     <span class='ocr_line' id='line_1_18' title="bbox 361 2130 1538 2222; baseline 0.001 -23"><span class='ocrx_word' id='word_1_128' title='bbox 361 2130 602 2200; x_wconf 88' lang='lat' dir='ltr'><strong>distinctionis</strong></span> <span class='ocrx_word' id='word_1_129' title='bbox 624 2152 850 2221; x_wconf 88' lang='lat' dir='ltr'><strong>personarum</strong></span> <span class='ocrx_word' id='word_1_130' title='bbox 873 2133 910 2200; x_wconf 89' lang='lat' dir='ltr'><strong>in</strong></span> <span class='ocrx_word' id='word_1_131' title='bbox 932 2132 1016 2200; x_wconf 89' lang='lat' dir='ltr'><strong>Deo.</strong></span> <span class='ocrx_word' id='word_1_132' title='bbox 1042 2132 1121 2200; x_wconf 89' lang='lat' dir='ltr'><strong>Huc</strong></span> <span class='ocrx_word' id='word_1_133' title='bbox 1143 2131 1270 2200; x_wconf 86' lang='lat' dir='ltr'><strong>referri</strong></span> <span class='ocrx_word' id='word_1_134' title='bbox 1292 2137 1441 2222; x_wconf 88' lang='lat' dir='ltr'><strong>possunt</strong></span> <span class='ocrx_word' id='word_1_135' title='bbox 1464 2137 1538 2200; x_wconf 88' lang='lat' dir='ltr'><strong>tum</strong></span> 
     </span>
     <span class='ocr_line' id='line_1_19' title="bbox 361 2237 1535 2329; baseline -0.003 -20"><span class='ocrx_word' id='word_1_136' title='bbox 361 2240 468 2309; x_wconf 81' lang='lat' dir='ltr'><strong>verba</strong></span> <span class='ocrx_word' id='word_1_137' title='bbox 491 2238 622 2329; x_wconf 83' lang='lat' dir='ltr'><strong>Angeli</strong></span> <span class='ocrx_word' id='word_1_138' title='bbox 645 2240 690 2308; x_wconf 87' lang='lat' dir='ltr'><strong>ad</strong></span> <span class='ocrx_word' id='word_1_139' title='bbox 713 2240 785 2308; x_wconf 93' lang='lat' dir='ltr'><strong>BB.</strong></span> <span class='ocrx_word' id='word_1_140' title='bbox 805 2240 989 2329; x_wconf 85' lang='lat' dir='ltr'><strong>Virginem</strong></span> <span class='ocrx_word' id='word_1_141' title='bbox 1005 2240 1091 2309; x_wconf 88' lang='lat' dir='ltr'><strong>Luc.</strong></span> <span class='ocrx_word' id='word_1_142' title='bbox 1106 2239 1137 2307; x_wconf 90' lang='grc' dir='ltr'><strong>Ι.</strong></span> <span class='ocrx_word' id='word_1_143' title='bbox 1152 2240 1209 2324; x_wconf 81' lang='lat'><strong>35;</strong></span> <span class='ocrx_word' id='word_1_144' title='bbox 1226 2246 1303 2308; x_wconf 91' lang='lat' dir='ltr'><strong>tum</strong></span> <span class='ocrx_word' id='word_1_145' title='bbox 1318 2237 1535 2329; x_wconf 88' lang='lat' dir='ltr'><strong>praedicatio</strong></span> 
     </span>
     <span class='ocr_line' id='line_1_20' title="bbox 360 2344 1536 2440; baseline -0.004 -22"><span class='ocrx_word' id='word_1_146' title='bbox 360 2347 545 2439; x_wconf 87' lang='lat' dir='ltr'><strong>Baptistae</strong></span> <span class='ocrx_word' id='word_1_147' title='bbox 567 2347 803 2436; x_wconf 81' lang='lat' dir='ltr'><strong>10.1.32-a4;</strong></span> <span class='ocrx_word' id='word_1_148' title='bbox 828 2354 905 2417; x_wconf 91' lang='lat' dir='ltr'><strong>tum</strong></span> <span class='ocrx_word' id='word_1_149' title='bbox 927 2349 1097 2440; x_wconf 81' lang='lat' dir='ltr'><strong>professio</strong></span> <span class='ocrx_word' id='word_1_150' title='bbox 1119 2346 1349 2417; x_wconf 78' lang='lat' dir='ltr'><strong>Natbauatlis</strong></span> <span class='ocrx_word' id='word_1_151' title='bbox 1370 2347 1424 2415; x_wconf 90' lang='lat' dir='ltr'><strong>Io.</strong></span> <span class='ocrx_word' id='word_1_152' title='bbox 1442 2347 1474 2415; x_wconf 87' lang='lat' dir='ltr'><strong>L</strong></span> <span class='ocrx_word' id='word_1_153' title='bbox 1492 2344 1536 2414; x_wconf 80' lang='lat'><strong>49</strong></span> 
     </span>
     <span class='ocr_line' id='line_1_21' title="bbox 361 2453 1535 2544; baseline -0.005 -20"><span class='ocrx_word' id='word_1_154' title='bbox 361 2455 423 2544; x_wconf 85' lang='lat' dir='ltr'><strong>(ci.</strong></span> <span class='ocrx_word' id='word_1_155' title='bbox 438 2455 558 2524; x_wconf 91' lang='lat' dir='ltr'><strong>Tract.</strong></span> <span class='ocrx_word' id='word_1_156' title='bbox 573 2453 834 2542; x_wconf 89' lang='lat' dir='ltr'><strong>deIncaruat.);</strong></span> <span class='ocrx_word' id='word_1_157' title='bbox 845 2462 921 2525; x_wconf 88' lang='lat' dir='ltr'><strong>tum</strong></span> <span class='ocrx_word' id='word_1_158' title='bbox 934 2455 1054 2525; x_wconf 89' lang='lat' dir='ltr'><strong>modus</strong></span> <span class='ocrx_word' id='word_1_159' title='bbox 1069 2453 1293 2544; x_wconf 81' lang='lat' dir='ltr'><strong>intelligendi</strong></span> <span class='ocrx_word' id='word_1_160' title='bbox 1303 2477 1429 2524; x_wconf 90' lang='lat' dir='ltr'><strong>nomen</strong></span> <span class='ocrx_word' id='word_1_161' title='bbox 1439 2454 1535 2523; x_wconf 85' lang='lat' dir='ltr'><strong>Filii</strong></span> 
     </span>
     <span class='ocr_line' id='line_1_22' title="bbox 360 2562 1273 2657; baseline 0.001 -25"><span class='ocrx_word' id='word_1_162' title='bbox 360 2563 441 2648; x_wconf 85' lang='lat' dir='ltr'><strong>Dei,</strong></span> <span class='ocrx_word' id='word_1_163' title='bbox 466 2563 721 2657; x_wconf 87' lang='lat' dir='ltr'><strong>quamprimum</strong></span> <span class='ocrx_word' id='word_1_164' title='bbox 744 2563 905 2633; x_wconf 90' lang='lat' dir='ltr'><strong>auditum</strong></span> <span class='ocrx_word' id='word_1_165' title='bbox 927 2571 983 2633; x_wconf 89' lang='lat' dir='ltr'><strong>est</strong></span> <span class='ocrx_word' id='word_1_166' title='bbox 1004 2563 1055 2633; x_wconf 89' lang='lat' dir='ltr'><strong>Io.</strong></span> <span class='ocrx_word' id='word_1_167' title='bbox 1070 2563 1136 2633; x_wconf 88' lang='lat' dir='ltr'><strong>IX.</strong></span> <span class='ocrx_word' id='word_1_168' title='bbox 1153 2562 1273 2633; x_wconf 60' lang='grc'><strong>3538.</strong></span> 
     </span>
    </p>
   </div>
   <div class='ocr_carea' id='block_1_2' title="bbox 832 2783 1067 2844">
    <p class='ocr_par' dir='ltr' id='par_1_3' title="bbox 832 2783 1067 2844">
     <span class='ocr_line' id='line_1_23' title="bbox 832 2783 1067 2844; baseline 0 -2"><span class='ocrx_word' id='word_1_169' title='bbox 832 2783 976 2844; x_wconf 81' lang='lat' dir='ltr'><strong>THESIS</strong></span> <span class='ocrx_word' id='word_1_170' title='bbox 999 2783 1067 2842; x_wconf 87' lang='lat' dir='ltr'><strong>VII.</strong></span> 
     </span>
    </p>
   </div>
   <div class='ocr_carea' id='block_1_3' title="bbox 461 2925 1438 3104">
    <p class='ocr_par' dir='ltr' id='par_1_4' title="bbox 461 2925 1438 3104">
     <span class='ocr_line' id='line_1_24' title="bbox 461 2925 1438 3006; baseline -0.001 -19"><span class='ocrx_word' id='word_1_171' title='bbox 461 2925 640 2989; x_wconf 78' lang='lat' dir='ltr'><strong>Distinctio</strong></span> <span class='ocrx_word' id='word_1_172' title='bbox 658 2945 873 3006; x_wconf 77' lang='lat' dir='ltr'><strong>personarum</strong></span> <span class='ocrx_word' id='word_1_173' title='bbox 895 2929 1088 2989; x_wconf 79' lang='lat' dir='ltr'><strong>divinarum</strong></span> <span class='ocrx_word' id='word_1_174' title='bbox 1109 2927 1259 2988; x_wconf 68' lang='lat' dir='ltr'><strong>exhibita</strong></span> <span class='ocrx_word' id='word_1_175' title='bbox 1281 2928 1317 2987; x_wconf 77' lang='lat' dir='ltr'><strong>in</strong></span> <span class='ocrx_word' id='word_1_176' title='bbox 1332 2930 1438 2989; x_wconf 81' lang='lat' dir='ltr'><strong>veteri</strong></span> 
     </span>
     <span class='ocr_line' id='line_1_25' title="bbox 525 3024 1374 3104; baseline 0 -19"><span class='ocrx_word' id='word_1_177' title='bbox 525 3024 727 3086; x_wconf 80' lang='lat' dir='ltr'><strong>Testamenta</strong></span> <span class='ocrx_word' id='word_1_178' title='bbox 741 3026 1012 3103; x_wconf 74' lang='lat' dir='ltr'><strong>descriptionibus</strong></span> <span class='ocrx_word' id='word_1_179' title='bbox 1023 3025 1218 3104; x_wconf 80' lang='lat' dir='ltr'><strong>Sapientiae</strong></span> <span class='ocrx_word' id='word_1_180' title='bbox 1231 3028 1374 3103; x_wconf 70' lang='lat' dir='ltr'><strong>penitae.</strong></span> 
     </span>
    </p>
   </div>
   <div class='ocr_carea' id='block_1_4' title="bbox 362 3204 1540 3545">
    <p class='ocr_par' dir='ltr' id='par_1_5' title="bbox 362 3204 1540 3545">
     <span class='ocr_line' id='line_1_26' title="bbox 434 3204 1540 3276; baseline 0.003 -18"><span class='ocrx_word' id='word_1_181' title='bbox 434 3224 447 3252; x_wconf 76' lang='lat' dir='ltr'><strong>s</strong></span> <span class='ocrx_word' id='word_1_182' title='bbox 462 3204 615 3274; x_wconf 75' lang='lat' dir='ltr'><strong>supposita</strong></span> <span class='ocrx_word' id='word_1_183' title='bbox 634 3205 840 3272; x_wconf 87' lang='lat' dir='ltr'><strong>distinctione,</strong></span> <span class='ocrx_word' id='word_1_184' title='bbox 862 3224 946 3276; x_wconf 81' lang='lat' dir='ltr'><strong>quam</strong></span> <span class='ocrx_word' id='word_1_185' title='bbox 959 3206 990 3260; x_wconf 91' lang='lat' dir='ltr'><strong>in</strong></span> <span class='ocrx_word' id='word_1_186' title='bbox 1001 3206 1096 3261; x_wconf 80' lang='lat' dir='ltr'><strong>veteri</strong></span> <span class='ocrx_word' id='word_1_187' title='bbox 1109 3206 1291 3260; x_wconf 81' lang='lat' dir='ltr'><strong>Testamenta</strong></span> <span class='ocrx_word' id='word_1_188' title='bbox 1304 3204 1430 3258; x_wconf 84' lang='lat' dir='ltr'><strong>iudicari</strong></span> <span class='ocrx_word' id='word_1_189' title='bbox 1447 3209 1540 3261; x_wconf 87' lang='lat' dir='ltr'><strong>osten·</strong></span> 
     </span>
     <span class='ocr_line' id='line_1_27' title="bbox 362 3293 1539 3366; baseline 0.003 -19"><span class='ocrx_word' id='word_1_190' title='bbox 362 3293 495 3361; x_wconf 72' lang='lat' dir='ltr'><strong>sdimns,</strong></span> <span class='ocrx_word' id='word_1_191' title='bbox 518 3295 687 3362; x_wconf 82' lang='lat' dir='ltr'><strong>praesertim</strong></span> <span class='ocrx_word' id='word_1_192' title='bbox 707 3312 773 3350; x_wconf 83' lang='lat' dir='ltr'><strong>vcro</strong></span> <span class='ocrx_word' id='word_1_193' title='bbox 792 3297 932 3350; x_wconf 85' lang='lat' dir='ltr'><strong>instituta</strong></span> <span class='ocrx_word' id='word_1_194' title='bbox 948 3296 1159 3366; x_wconf 84' lang='lat' dir='ltr'><strong>comparatione</strong></span> <span class='ocrx_word' id='word_1_195' title='bbox 1181 3313 1244 3351; x_wconf 87' lang='lat' dir='ltr'><strong>cum</strong></span> <span class='ocrx_word' id='word_1_196' title='bbox 1265 3296 1443 3363; x_wconf 80' lang='lat' dir='ltr'><strong>expressiori</strong></span> <span class='ocrx_word' id='word_1_197' title='bbox 1463 3312 1539 3350; x_wconf 85' lang='lat' dir='ltr'><strong>reve·</strong></span> 
     </span>
     <span class='ocr_line' id='line_1_28' title="bbox 362 3383 1536 3455; baseline 0.007 -23"><span class='ocrx_word' id='word_1_198' title='bbox 362 3383 498 3437; x_wconf 69' lang='lat' dir='ltr'><strong>ulatione</strong></span> <span class='ocrx_word' id='word_1_199' title='bbox 517 3385 586 3438; x_wconf 82' lang='lat' dir='ltr'><strong>novi</strong></span> <span class='ocrx_word' id='word_1_200' title='bbox 604 3385 781 3440; x_wconf 81' lang='lat' dir='ltr'><strong>Testamenti</strong></span> <span class='ocrx_word' id='word_1_201' title='bbox 801 3386 834 3441; x_wconf 89' lang='lat' dir='ltr'><strong>de</strong></span> <span class='ocrx_word' id='word_1_202' title='bbox 853 3388 947 3441; x_wconf 83' lang='lat' dir='ltr'><strong>Verbo</strong></span> <span class='ocrx_word' id='word_1_203' title='bbox 967 3388 1064 3454; x_wconf 75' lang='lat' dir='ltr'><strong>genito</strong></span> <span class='ocrx_word' id='word_1_204' title='bbox 1083 3402 1100 3439; x_wconf 86' lang='lat' dir='ltr'><strong>s</strong></span> <span class='ocrx_word' id='word_1_205' title='bbox 1118 3388 1214 3453; x_wconf 82' lang='lat' dir='ltr'><strong>Patre,</strong></span> <span class='ocrx_word' id='word_1_206' title='bbox 1228 3386 1329 3452; x_wconf 74' lang='lat' dir='ltr'><strong>negari</strong></span> <span class='ocrx_word' id='word_1_207' title='bbox 1348 3401 1406 3440; x_wconf 89' lang='lat' dir='ltr'><strong>nou</strong></span> <span class='ocrx_word' id='word_1_208' title='bbox 1429 3390 1536 3455; x_wconf 88' lang='lat' dir='ltr'><strong>potest,</strong></span> 
     </span>
     <span class='ocr_line' id='line_1_29' title="bbox 362 3472 1538 3545; baseline 0.005 -19"><span class='ocrx_word' id='word_1_209' title='bbox 362 3472 443 3528; x_wconf 73' lang='lat' dir='ltr'><strong>uboc</strong></span> <span class='ocrx_word' id='word_1_210' title='bbox 462 3474 630 3541; x_wconf 84' lang='lat' dir='ltr'><strong>mysterium</strong></span> <span class='ocrx_word' id='word_1_211' title='bbox 653 3476 786 3531; x_wconf 82' lang='lat' dir='ltr'><strong>internae</strong></span> <span class='ocrx_word' id='word_1_212' title='bbox 804 3478 996 3545; x_wconf 84' lang='lat' dir='ltr'><strong>processionis</strong></span> <span class='ocrx_word' id='word_1_213' title='bbox 1023 3481 1052 3531; x_wconf 89' lang='lat' dir='ltr'><strong>et</strong></span> <span class='ocrx_word' id='word_1_214' title='bbox 1071 3476 1269 3531; x_wconf 84' lang='lat' dir='ltr'><strong>distinctionis</strong></span> <span class='ocrx_word' id='word_1_215' title='bbox 1292 3476 1454 3544; x_wconf 78' lang='lat' dir='ltr'><strong>personalis</strong></span> <span class='ocrx_word' id='word_1_216' title='bbox 1476 3493 1538 3532; x_wconf 91' lang='lat' dir='ltr'><strong>eon·</strong></span> 
     </span>
    </p>
   </div>
   <div class='ocr_carea' id='block_1_5' title="bbox 361 3565 1539 3727">
    <p class='ocr_par' dir='ltr' id='par_1_6' title="bbox 361 3565 1539 3727">
     <span class='ocr_line' id='line_1_30' title="bbox 361 3565 1539 3636; baseline 0.006 -19"><span class='ocrx_word' id='word_1_217' title='bbox 361 3565 479 3618; x_wconf 74' lang='lat' dir='ltr'><strong>utineri</strong></span> <span class='ocrx_word' id='word_1_218' title='bbox 498 3565 667 3620; x_wconf 81' lang='lat' dir='ltr'><strong>nominatim</strong></span> <span class='ocrx_word' id='word_1_219' title='bbox 686 3566 717 3619; x_wconf 92' lang='lat' dir='ltr'><strong>in</strong></span> <span class='ocrx_word' id='word_1_220' title='bbox 737 3567 980 3636; x_wconf 86' lang='lat' dir='ltr'><strong>descriptionibus</strong></span> <span class='ocrx_word' id='word_1_221' title='bbox 994 3568 1112 3623; x_wconf 81' lang='lat' dir='ltr'><strong>divinae</strong></span> <span class='ocrx_word' id='word_1_222' title='bbox 1126 3568 1301 3636; x_wconf 83' lang='lat' dir='ltr'><strong>Sapientiae,</strong></span> <span class='ocrx_word' id='word_1_223' title='bbox 1317 3571 1351 3621; x_wconf 90' lang='lat' dir='ltr'><strong>nt</strong></span> <span class='ocrx_word' id='word_1_224' title='bbox 1364 3570 1539 3624; x_wconf 85' lang='lat' dir='ltr'><strong>exhibentur</strong></span> 
     </span>
     <span class='ocr_line' id='line_1_31' title="bbox 361 3652 1536 3727; baseline 0.007 -19"><span class='ocrx_word' id='word_1_225' title='bbox 361 3652 420 3708; x_wconf 72' lang='lat' dir='ltr'><strong>»in</strong></span> <span class='ocrx_word' id='word_1_226' title='bbox 439 3655 525 3710; x_wconf 87' lang='lat' dir='ltr'><strong>libris</strong></span> <span class='ocrx_word' id='word_1_227' title='bbox 545 3656 654 3710; x_wconf 79' lang='lat' dir='ltr'><strong>veteris</strong></span> <span class='ocrx_word' id='word_1_228' title='bbox 672 3657 848 3712; x_wconf 80' lang='lat' dir='ltr'><strong>Testamenti</strong></span> <span class='ocrx_word' id='word_1_229' title='bbox 867 3660 952 3713; x_wconf 82' lang='lat' dir='ltr'><strong>Prov.</strong></span> <span class='ocrx_word' id='word_1_230' title='bbox 963 3660 1043 3724; x_wconf 77' lang='lat' dir='ltr'>VIII3</span> <span class='ocrx_word' id='word_1_231' title='bbox 1059 3658 1126 3726; x_wconf 82' lang='lat' dir='ltr'><strong>Sap.</strong></span> <span class='ocrx_word' id='word_1_232' title='bbox 1137 3659 1202 3712; x_wconf 85' lang='lat' dir='ltr'><strong>vn.</strong></span> <span class='ocrx_word' id='word_1_233' title='bbox 1218 3658 1536 3727; x_wconf 76' lang='lat' dir='ltr'><strong>soq.;aec11.xx1v.·</strong></span> 
     </span>
    </p>
   </div>
   <div class='ocr_carea' id='block_1_6' title="bbox 351 3838 1538 4476">
    <p class='ocr_par' dir='ltr' id='par_1_7' title="bbox 351 3838 1538 4476">
     <span class='ocr_line' id='line_1_32' title="bbox 351 3838 1536 3936; baseline 0.01 -28"><span class='ocrx_word' id='word_1_234' title='bbox 351 3926 352 3930; x_wconf 7' lang='grc' dir='ltr'><strong>Ἰ</strong></span> <span class='ocrx_word' id='word_1_235' title='bbox 427 3839 470 3909; x_wconf 90' lang='lat' dir='ltr'><strong>In</strong></span> <span class='ocrx_word' id='word_1_236' title='bbox 491 3838 587 3912; x_wconf 87' lang='lat' dir='ltr'><strong>hisce</strong></span> <span class='ocrx_word' id='word_1_237' title='bbox 611 3842 699 3913; x_wconf 89' lang='lat' dir='ltr'><strong>locis</strong></span> <span class='ocrx_word' id='word_1_238' title='bbox 724 3844 891 3916; x_wconf 89' lang='lat' dir='ltr'><strong>indicatis</strong></span> <span class='ocrx_word' id='word_1_239' title='bbox 914 3846 987 3916; x_wconf 90' lang='lat' dir='ltr'><strong>tria</strong></span> <span class='ocrx_word' id='word_1_240' title='bbox 1001 3844 1252 3936; x_wconf 78' lang='lat' dir='ltr'><strong>distinguenda</strong></span> <span class='ocrx_word' id='word_1_241' title='bbox 1274 3852 1370 3916; x_wconf 89' lang='lat' dir='ltr'><strong>sunt.</strong></span> <span class='ocrx_word' id='word_1_242' title='bbox 1393 3847 1536 3919; x_wconf 89' lang='lat' dir='ltr'><strong>Etenim</strong></span> 
     </span>
     <span class='ocr_line' id='line_1_33' title="bbox 361 3949 1538 4047; baseline 0.01 -31"><span class='ocrx_word' id='word_1_243' title='bbox 361 3951 397 4034; x_wconf 91' lang='lat' dir='ltr'><strong>o)</strong></span> <span class='ocrx_word' id='word_1_244' title='bbox 413 3970 524 4018; x_wconf 86' lang='lat' dir='ltr'><strong>sermo</strong></span> <span class='ocrx_word' id='word_1_245' title='bbox 540 3949 591 4020; x_wconf 92' lang='lat' dir='ltr'><strong>ibi</strong></span> <span class='ocrx_word' id='word_1_246' title='bbox 614 3958 668 4022; x_wconf 87' lang='lat' dir='ltr'><strong>est</strong></span> <span class='ocrx_word' id='word_1_247' title='bbox 689 3953 795 4023; x_wconf 89' lang='lat' dir='ltr'><strong>etiam</strong></span> <span class='ocrx_word' id='word_1_248' title='bbox 814 3954 855 4023; x_wconf 90' lang='lat' dir='ltr'><strong>de</strong></span> <span class='ocrx_word' id='word_1_249' title='bbox 872 3954 1044 4044; x_wconf 88' lang='lat' dir='ltr'><strong>sapientia</strong></span> <span class='ocrx_word' id='word_1_250' title='bbox 1061 3961 1179 4024; x_wconf 84' lang='lat' dir='ltr'><strong>creata</strong></span> <span class='ocrx_word' id='word_1_251' title='bbox 1201 3961 1379 4047; x_wconf 90' lang='lat' dir='ltr'><strong>tamquam</strong></span> <span class='ocrx_word' id='word_1_252' title='bbox 1396 3957 1487 4027; x_wconf 93' lang='lat' dir='ltr'><strong>dono</strong></span> <span class='ocrx_word' id='word_1_253' title='bbox 1503 3966 1538 4028; x_wconf 90' lang='lat' dir='ltr'><strong>et</strong></span> 
     </span>
     <span class='ocr_line' id='line_1_34' title="bbox 357 4055 1536 4157; baseline 0.011 -32"><span class='ocrx_word' id='word_1_254' title='bbox 357 4055 485 4126; x_wconf 85' lang='lat' dir='ltr'><strong>effectu</strong></span> <span class='ocrx_word' id='word_1_255' title='bbox 508 4063 544 4128; x_wconf 90' lang='lat' dir='ltr'><strong>et</strong></span> <span class='ocrx_word' id='word_1_256' title='bbox 566 4061 850 4132; x_wconf 85' lang='lat' dir='ltr'><strong>manifestatione</strong></span> <span class='ocrx_word' id='word_1_257' title='bbox 874 4061 1074 4152; x_wconf 85' lang='lat' dir='ltr'><strong>Sapientiae</strong></span> <span class='ocrx_word' id='word_1_258' title='bbox 1107 4062 1304 4147; x_wconf 88' lang='lat' dir='ltr'><strong>increatae,</strong></span> <span class='ocrx_word' id='word_1_259' title='bbox 1331 4063 1408 4134; x_wconf 87' lang='lat' dir='ltr'><strong>sive</strong></span> <span class='ocrx_word' id='word_1_260' title='bbox 1431 4073 1536 4157; x_wconf 88' lang='lat' dir='ltr'><strong>prout</strong></span> 
     </span>
     <span class='ocr_line' id='line_1_35' title="bbox 359 4167 1534 4263; baseline 0.01 -31"><span class='ocrx_word' id='word_1_261' title='bbox 359 4170 476 4235; x_wconf 87' lang='lat' dir='ltr'><strong>creata</strong></span> <span class='ocrx_word' id='word_1_262' title='bbox 492 4167 665 4257; x_wconf 88' lang='lat' dir='ltr'><strong>sapientia</strong></span> <span class='ocrx_word' id='word_1_263' title='bbox 676 4169 1043 4260; x_wconf 86' lang='lat' dir='ltr'><strong>diciturmetonymice</strong></span> <span class='ocrx_word' id='word_1_264' title='bbox 1056 4170 1251 4261; x_wconf 86' lang='lat' dir='ltr'><strong>dispositio,</strong></span> <span class='ocrx_word' id='word_1_265' title='bbox 1267 4172 1362 4256; x_wconf 87' lang='lat' dir='ltr'><strong>ordo,</strong></span> <span class='ocrx_word' id='word_1_266' title='bbox 1377 4173 1534 4263; x_wconf 91' lang='lat' dir='ltr'><strong>pulchri·</strong></span> 
     </span>
     <span class='ocr_line' id='line_1_36' title="bbox 357 4272 1533 4372; baseline 0.008 -31"><span class='ocrx_word' id='word_1_267' title='bbox 357 4272 605 4342; x_wconf 89' lang='lat' dir='ltr'><strong>tudoomnium</strong></span> <span class='ocrx_word' id='word_1_268' title='bbox 628 4298 769 4367; x_wconf 85' lang='lat' dir='ltr'><strong>operam</strong></span> <span class='ocrx_word' id='word_1_269' title='bbox 792 4277 868 4361; x_wconf 89' lang='lat' dir='ltr'><strong>Dei,</strong></span> <span class='ocrx_word' id='word_1_270' title='bbox 896 4278 971 4346; x_wconf 88' lang='lat' dir='ltr'><strong>sive</strong></span> <span class='ocrx_word' id='word_1_271' title='bbox 986 4285 1091 4368; x_wconf 89' lang='lat' dir='ltr'><strong>prout</strong></span> <span class='ocrx_word' id='word_1_272' title='bbox 1103 4277 1235 4347; x_wconf 90' lang='lat' dir='ltr'><strong>dicitur</strong></span> <span class='ocrx_word' id='word_1_273' title='bbox 1248 4278 1423 4369; x_wconf 87' lang='lat' dir='ltr'><strong>sapientia</strong></span> <span class='ocrx_word' id='word_1_274' title='bbox 1441 4282 1533 4372; x_wconf 81' lang='lat' dir='ltr'><strong>legis</strong></span> 
     </span>
     <span class='ocr_line' id='line_1_37' title="bbox 358 4378 1532 4476; baseline 0.011 -27"><span class='ocrx_word' id='word_1_275' title='bbox 358 4378 511 4470; x_wconf 63' lang='lat' dir='ltr'><strong>muna,</strong></span> <span class='ocrx_word' id='word_1_276' title='bbox 526 4384 602 4454; x_wconf 84' lang='lat' dir='ltr'><strong>sive</strong></span> <span class='ocrx_word' id='word_1_277' title='bbox 617 4391 724 4475; x_wconf 92' lang='lat' dir='ltr'><strong>prout</strong></span> <span class='ocrx_word' id='word_1_278' title='bbox 736 4384 933 4454; x_wconf 86' lang='lat' dir='ltr'><strong>formaliter</strong></span> <span class='ocrx_word' id='word_1_279' title='bbox 945 4387 1120 4476; x_wconf 91' lang='lat' dir='ltr'><strong>sapientia</strong></span> <span class='ocrx_word' id='word_1_280' title='bbox 1131 4393 1186 4458; x_wconf 89' lang='lat' dir='ltr'><strong>est</strong></span> <span class='ocrx_word' id='word_1_281' title='bbox 1197 4388 1315 4459; x_wconf 80' lang='lat' dir='ltr'><strong>virtus</strong></span> <span class='ocrx_word' id='word_1_282' title='bbox 1327 4388 1532 4462; x_wconf 83' lang='lat' dir='ltr'><strong>intellectus</strong></span> 
     </span>
    </p>
   </div>
   <div class='ocr_carea' id='block_1_7' title="bbox 0 0 1590 4950">
    <p class='ocr_par' dir='ltr' id='par_1_8' title="bbox 0 0 1590 4950">
     <span class='ocr_line' id='line_1_38' title="bbox 0 0 1590 4950; baseline 0 2"><span class='ocrx_word' id='word_1_283' title='bbox 0 0 1590 4950; x_wconf 95' lang='lat' dir='ltr'><strong> </strong></span> 
     </span>
    </p>
   </div>
  </div>
 </body>
</html>
