3172 4950
665 365 703 382 -
724 334 785 397 407
805 366 843 381 -

192 437 277 509 babet
295 438 470 509 rationem
491 438 636 509 relativi
655 440 713 526 (ad
730 440 853 524 intra),
872 439 990 531 sicque
1005 438 1170 529 producit
1180 437 1337 509 ¹Verbum

194 552 282 617 otest
301 546 340 615 iu
362 546 579 638 oppositione
602 544 786 615 relationis
810 545 855 614 ad
877 546 1053 632 Verbum,
1085 554 1125 615 ut
1148 546 1341 637 producens

195 651 227 722 sd
243 652 469 743 productum,
505 652 597 722 unde
621 651 685 721 sub
708 651 773 721 hac
798 652 937 721 formali
961 652 1097 722 ratione
1120 653 1264 722 relativi
1287 659 1342 724 est

196 760 369 853 proprium3
396 761 595 851 inteilipere
617 761 708 829 enim
732 761 964 830 substantiale
981 761 1170 830 relativum
1186 761 1231 830 ad
1246 761 1343 830 iutra

197 874 227 937 ut
235 866 424 959 exprimens
445 867 600 937 Verbum
615 874 670 936 est
685 868 833 957 ipsamet
849 877 996 958 persona
1018 870 1136 938 Pater.
1154 870 1228 938 Hoc
1244 868 1342 938 modo

198 974 407 1064 distinguitur
431 973 628 1064 inteliipere
650 975 828 1042 essentiale
852 997 1027 1044 commune
1050 975 1166 1044 tribus
1189 983 1225 1044 et
1241 975 1342 1042 intel·

199 1080 282 1173 lione
301 1083 478 1150 notionole
493 1084 674 1173 proprium
690 1082 752 1151 uni
768 1084 880 1167 Patri,
900 1106 967 1152 uon
987 1084 1088 1176 quasi
1105 1085 1143 1152 in
1160 1086 1265 1154 Patre
1280 1083 1342 1155 du·

199 1188 256 1280 pler
275 1197 366 1260 esset
386 1197 488 1259 actus
510 1190 762 1260 intellectionis
785 1192 844 1260 sed
862 1193 965 1283 quod,
984 1201 1026 1261 ut
1041 1192 1207 1278 diximus,
1235 1215 1343 1263 unum

199 1295 330 1391 idemque
354 1298 552 1389 inteilipere
573 1300 679 1369 simul
703 1307 757 1369 est
780 1300 979 1369 absolutum
1001 1309 1037 1370 et
1060 1301 1262 1385 relativum,
1283 1324 1345 1371 seu

199 1401 363 1477 intellectio
395 1406 506 1475 omnis
532 1406 612 1476 veri
643 1413 678 1476 et
707 1430 769 1498 per
799 1408 864 1477 hoc
887 1408 1003 1498 ipsum
1033 1407 1140 1478 simul
1168 1407 1343 1500 expressio
1382 1474 1386 1481 .

198 1506 280 1582 derbi
294 1521 417 1604 (supra
432 1538 466 1603 p.
484 1513 586 1601 386).

244 1616 288 1690 Π.
309 1621 480 1704 Quamvis
502 1622 588 1690 baec
611 1623 664 1691 ita
686 1622 770 1708 sint,
798 1630 913 1693 manet
934 1616 1051 1693 tamen
1076 1625 1232 1716 quaestio
1258 1645 1341 1692 nou·

199 1725 258 1795 dou
277 1729 364 1797 satis
387 1727 536 1821 liquida,
556 1753 618 1799 cur
641 1731 835 1799 intellectio
858 1732 1106 1801 substantialis
1122 1756 1198 1801 cum
1216 1733 1266 1800 sit
1287 1751 1342 1801 ea·

199 1830 253 1902 deu
272 1834 308 1903 in
331 1835 448 1904 tribus
471 1837 640 1927 personis,
660 1836 696 1904 in
721 1836 793 1905 solo
816 1836 933 1922 Patre,
953 1844 989 1906 et
1012 1838 1153 1907 dilectio
1177 1838 1213 1906 iu
1236 1839 1344 1906 Patre

200 1940 322 2011 ttFilio
345 1966 413 2011 uon
438 1950 556 2014 autem
579 1944 615 2011 in
639 1942 779 2032 Spiritu
815 1942 943 2012 Sancto
967 1945 1014 2013 sit
1039 1944 1212 2028 fecunda,
1239 1952 1344 2034 atque

199 2044 237 2117 io
253 2073 311 2120 cur
332 2051 422 2121 duae
443 2052 683 2121 tautummodo
706 2051 780 2120 sint
801 2052 1037 2143 processiones
1060 2053 1097 2121 in
1120 2054 1205 2122 Deo?
1237 2053 1345 2122 Ratio

200 2150 279 2229 buius
300 2160 353 2229 rei
375 2166 430 2229 est
452 2160 489 2228 in
511 2160 688 2229 infinitate
711 2160 948 2251 perfectionis¹
974 2184 1063 2252 quae
1087 2168 1203 2252 potest
1225 2161 1346 2230 cousi·
1380 2222 1384 2228 .

200 2258 289 2336 dersri
312 2274 387 2339 tum
409 2268 446 2336 in
470 2275 553 2337 actu
577 2267 828 2337 intellectionis
850 2275 887 2336 et
909 2268 1108 2336 dilectionis
1130 2276 1207 2337 tum
1223 2269 1259 2337 in
1275 2278 1344 2338 ter·

200 2360 269 2442 nino
289 2375 497 2444 immaneute
520 2375 711 2466 producto,
746 2375 782 2442 in
810 2374 923 2443 Verbo
947 2374 1088 2466 inquam
1111 2386 1147 2443 et
1170 2375 1206 2443 in
1230 2396 1344 2444 amore

189 2464 386 2567 'medente
413 2482 619 2552 Intellectus
643 2482 786 2552 divinus
811 2506 878 2550 non
903 2481 1026 2551 multis
1041 2484 1179 2551 actibus
1196 2482 1255 2552 sed
1274 2504 1343 2552 uno

201 2592 260 2675 dcto
279 2591 430 2683 simplici
460 2598 496 2661 et
518 2591 656 2660 infinito
680 2591 940 2682 comprehendit
970 2591 1155 2660 essentiam
1188 2591 1343 2660 divinam

201 2694 316 2766 ttiuea
337 2720 436 2767 omne
460 2721 580 2768 verum
604 2698 793 2766 secuudum
818 2720 933 2766 omues
956 2696 1110 2766 rationes
1133 2696 1344 2788 intelligibi-

201 2791 254 2887 Μ,
274 2827 333 2874 seu
355 2805 474 2896 potius
498 2802 701 2874 intellectus
724 2804 869 2872 divinus
893 2812 948 2872 est
971 2804 1117 2893 ipsemet
1139 2828 1227 2869 onos
1250 2817 1345 2870 octus

201 2904 331 2996 iefiiitue
363 2912 678 3001 comprehensionis.
704 2912 773 2979 Hic
803 2934 896 2980 uuus
930 2911 1092 2979 infinitus
1115 2917 1152 2980 et
1175 2910 1253 2980 ideo
1276 2932 1345 2979 uon

200 3011 452 3109 lultiplioabilis
486 3022 586 3086 actus
619 3018 789 3107 exprimit
823 3024 864 3086 ut
896 3018 1082 3087 terminum
1117 3018 1345 3088 intrinsecum

201 3112 323 3194 lesbum
345 3127 591 3218 adaequatum,
610 3125 762 3216 adeoque
786 3125 962 3194 infinitum
988 3125 1025 3193 in
1043 3125 1183 3194 formali
1207 3125 1344 3195 ratione

202 3238 346 3315 quatenus
369 3240 425 3303 est
447 3233 612 3302 Verbum.
643 3262 659 3297 a
685 3234 876 3324 Tamquam
901 3256 937 3302 eo
960 3232 1073 3323 ipsum
1098 3233 1217 3303 dicens
1240 3233 1346 3302 Pater

200 3335 295 3421 teduit
315 3340 469 3411 Verbum
492 3340 561 3416 ,sibi
584 3330 728 3432 aequale
751 3363 813 3430 per
836 3340 969 3428 omnia;
995 3366 1070 3435 noo·
1087 3343 1175 3407 enim
1199 3343 1346 3430 seipsum

202 3437 307 3536 lotepre
325 3448 547 3539 perfecteque
570 3447 739 3529 disiisset,
764 3448 797 3513 ei
820 3446 961 3539 aliquid
984 3451 1095 3537 mittite
1119 3449 1172 3515 vel
1195 3447 1346 3536 amplius

201 3562 261 3617 met
274 3557 308 3620 iu
323 3557 396 3621 eius
415 3552 519 3621 Verbo
537 3578 639 3645 quom
656 3556 692 3618 in
712 3555 918 3643 ipsonAug.
936 3554 1037 3621 Trin.
1051 3554 1130 3622 XV.
1147 3551 1341 3622 olente.

199 3646 275 3729 llnde
294 3661 495 3732 acutissime
519 3661 666 3749 Gregor.
686 3662 773 3730 Nax.
793 3667 858 3748 (or.
877 3661 932 3728 30.
951 3661 998 3729 al.
1018 3661 1073 3728 36.
1094 3685 1129 3728 n.
1147 3661 1206 3743 20)
1230 3659 1342 3728 dixit:

203 3759 324 3839 ‘lilius
347 3792 385 3838 se
400 3767 506 3838 habet
521 3768 565 3837 ad
582 3769 720 3848 Patrem
744 3768 838 3837 sicut
861 3767 1019 3836 definitio
1043 3768 1086 3835 ad
1111 3767 1305 3838 delinitum.
1325 3792 1342 3827 o

201 3856 238 3936 El
258 3875 439 3945 meandum
469 3874 738 3944 declarationem
761 3873 949 3963 Angelici:
984 3904 1000 3938 s
1019 3874 1242 3942 manifestum
1267 3879 1343 3956 est,

202 3978 309 4073 lwdei
325 3985 416 4051 Deus
438 4006 473 4050 se
490 3984 676 4073 intetttpte,
694 3998 827 4072 oportet
843 3980 935 4074 qood
951 3996 1024 4048 tota
1036 3980 1218 4072 plenitudo
1236 3983 1347 4071 ipsius

203 4088 388 4158 couniatur
404 4093 442 4156 io
461 4090 564 4157 Verbo
579 4117 596 4151 n
611 4090 649 4158 S.
667 4090 733 4158 Th.
750 4096 841 4159 cont.
857 4095 952 4178 gent.
971 4089 1034 4158 IV.
1055 4113 1085 4159 c.
1107 4089 1161 4156 14.
1181 4091 1242 4176 (cf.
1254 4088 1345 4157 Ruit

203 4178 271 4280 llil).
284 4196 336 4267 28.
355 4203 440 4267 sect.
459 4198 493 4266 2.
512 4221 547 4266 u.
567 4197 616 4281 2).
633 4197 689 4264 Ex
712 4196 770 4265 bis
793 4196 1033 4286 intelligitur,
1061 4205 1133 4264 tam
1150 4218 1346 4286 repugnare

204 4295 341 4409 uptun
362 4305 437 4373 siut
452 4304 570 4373 Verba
591 4303 785 4374 intrinseca
801 4304 884 4389 Deo,
905 4327 1008 4396 quam
1031 4312 1208 4394 repugnat
1228 4302 1345 4391 plura-

205 4384 269 4472 li&
286 4410 444 4483 Deorum.
579 4462 584 4469 ·
