3180 4944
646 263 651 277 '
704 307 742 324 -
764 276 825 339 aaa
847 306 884 323 -

152 374 157 383 ’
206 384 337 477 pedire,
352 405 415 455 neo
425 383 528 452 fidem
540 380 773 452 universalem
788 380 899 451 totius
910 379 1089 452 Ecclesiae
1101 380 1140 449 in
1150 378 1267 451 Deum
1279 402 1361 451 unm

206 501 243 565 et
264 492 399 563 trinum
423 496 487 559 aut
509 489 741 579 theologicam
769 490 942 581 dogmatis
965 488 1242 559 illustrationem
1261 511 1284 558 a
1309 490 1361 562 du

206 602 342 671 toribus
358 598 541 670 catholicis
556 605 746 687 promotam
762 598 818 668 vel
835 599 1015 667 minimum
1035 599 1251 667 labefactare
1267 598 1361 668 valur

206 717 302 794 runt3
321 708 424 775 immo
438 705 483 773 ad
499 704 700 795 ampliorem
716 704 821 772 simul
837 714 873 774 et
887 705 1105 775 subtiliorem
1118 704 1361 795 explicatione:

208 814 414 886 catholicam
430 813 625 882 extrinseca
640 819 742 881 eraut
764 813 916 881 occasio:
937 842 954 877 a
971 836 1014 882 ex
1037 812 1227 883 haereticis
1250 834 1361 891 asser-1

207 933 262 992 est
284 920 498 992 catholica...
515 944 592 988 cum
609 917 759 1011 praecisi
783 924 899 989 essent
912 919 1094 1003 haeretici,
1121 920 1361 1012 quaestionibr

208 1030 437 1121 agitaverunt
459 1027 652 1097 Ecclesiam
675 1027 759 1115 Dei;
786 1033 909 1118 aperta
935 1035 1019 1096 suut
1042 1048 1129 1119 quae
1151 1027 1323 1113 latebant,
1346 1062 1361 1111 ς

208 1136 389 1207 intellecta
405 1146 459 1205 est
475 1135 639 1204 voluntas
652 1135 760 1205 Dei...
774 1135 953 1228 Numquid
969 1135 1060 1205 enim
1075 1137 1232 1228 perfecte
1247 1136 1289 1207 de
1304 1138 1361 1215 Tri·

208 1246 320 1314 nitate
344 1236 535 1313 tractatum
559 1256 631 1327 est,
660 1251 848 1337 antequam
871 1244 1092 1313 oblatrarent
1112 1242 1294 1313 Arianiln
1309 1255 1361 1321 ato.

207 1352 302 1444 Aug.
321 1353 359 1421 iu
382 1352 439 1421 Ps.
459 1352 514 1420 54.
532 1375 568 1420 n.
586 1353 643 1421 22.
925 1350 927 1355 ’
1345 1416 1349 1421 .

274 1458 500 1530 Concedimns
523 1482 604 1544 nos,
630 1458 737 1528 etiam
760 1459 797 1527 in
825 1459 953 1530 creatis
976 1465 1013 1528 et
1034 1458 1149 1528 finitis
1172 1458 1361 1549 hypostasin

208 1568 469 1639 connaturalem
503 1590 571 1635 non
605 1566 769 1636 realitate
801 1566 922 1659 aliqua
945 1566 1175 1658 superaddita
1198 1568 1361 1639 differres

208 1675 384 1765 singulari
407 1682 443 1743 et
466 1676 606 1765 integra
630 1676 848 1759 substantia,
875 1676 934 1745 sed
958 1675 1107 1745 dicimus
1130 1675 1299 1766 distingui
1316 1696 1360 1745 ra

208 1784 302 1853 tione
325 1807 402 1852 oum
426 1784 653 1852 fundamento
676 1783 713 1853 in
736 1807 793 1871 re,
812 1783 849 1852 h.
866 1808 897 1853 e.
919 1784 1008 1877 quod
1026 1808 1082 1854 res
1098 1786 1217 1854 eadem
1233 1784 1361 1854 subolis

207 1890 342 1959 ratione
365 1898 419 1959 est
442 1892 641 1959 substantia
664 1890 858 1981 singularis
874 1901 910 1962 et
925 1894 1065 1981 integra
1083 1894 1292 1980 (substantia
1303 1888 1361 1984 pri

209 2002 291 2085 ma),
318 2005 489 2090 quatenus
512 2005 567 2068 est
590 2000 675 2068 haec
698 2001 784 2067 talis
807 1994 894 2064 ὲυσια
917 2023 978 2069 seu
1005 2000 1148 2083 entitas,
1167 2007 1203 2069 et
1225 2002 1285 2070 sub
1303 1998 1361 2069 ali³

208 2106 343 2176 ratione
366 2113 420 2177 εει
444 2107 657 2198 hypostasis,
684 2114 856 2200 quatenus
879 2113 933 2176 est
957 2122 1030 2174 toto
1055 2110 1093 2173 in
1117 2131 1151 2175 se
1173 2131 1242 2177 nou
1264 2114 1361 2179 εειει

208 2216 283 2286 sive
306 2214 350 2283 ad
375 2215 511 2284 modum
534 2216 648 2305 partis
678 2225 733 2284 est
763 2216 912 2284 alterius
936 2216 1011 2285 sive
1034 2224 1166 2285 natura
1195 2210 1361 2285 communi

208 2324 381 2416 pluribus.
400 2325 547 2415 Propter
564 2326 653 2393 hanc
670 2324 846 2394 diversam
869 2323 1040 2394 rationem
1057 2325 1164 2394 unius
1181 2333 1217 2395 et
1231 2324 1361 2395 eiusde·

208 2431 272 2516 rei,
297 2440 426 2499 natura
450 2438 567 2500 creata
591 2432 674 2524 quin
698 2431 836 2502 desinat
858 2456 932 2501 esse
960 2434 1160 2503 substantia
1191 2425 1361 2523 singular]

208 2559 250 2607 ac
272 2539 436 2627 integra,
462 2544 576 2629 potest
606 2561 674 2605 uon
705 2562 779 2609 esse
803 2540 840 2608 in
871 2561 908 2608 se
931 2540 1155 2630 hypostasis,
1181 2539 1284 2632 idque
1305 2534 1361 2609 sol

209 2646 335 2715 unione
358 2645 559 2713 admodum
585 2646 698 2737 partis
730 2669 806 2716 cum
836 2646 1022 2737 hypostasi
1054 2648 1251 2738 superiori,
1282 2646 1361 2717 euin

208 2756 274 2824 liat
295 2762 423 2824 natura
447 2757 599 2846 propria,
625 2756 778 2848 adeoque
801 2779 868 2824 non
896 2756 1112 2826 detractione
1136 2756 1196 2825 sed
1220 2748 1361 2846 superui

209 2863 341 2932 ditione
353 2863 540 2947 realitatis,
556 2864 645 2956 quod
659 2863 700 2931 de
716 2872 844 2932 natura
857 2863 1008 2933 humana
1019 2863 1086 2933 Dei
1100 2863 1251 2931 hominis
1262 2860 1361 2931 multi

210 2970 483 3039 demonstratum
503 2977 558 3039 est
578 2971 614 3038 iu
635 2971 805 3040 Tractatu
818 2970 859 3041 de
871 2972 1129 3040 Incarnatione.
1145 2969 1259 3039 Multo
1272 2966 1361 3060 magi

209 3101 278 3146 nou
301 3079 398 3147 modo
423 3079 640 3147 concedimus
663 3064 722 3148 s'ed
747 3079 814 3148 lide
837 3087 1006 3164 tenemus,
1026 3079 1184 3148 divinam
1198 3078 1361 3149 aasentias

211 3207 271 3254 seu
294 3186 526 3254 substantiam
550 3186 661 3276 ipsam
684 3187 828 3255 realiter
852 3211 926 3257 esse
949 3187 1190 3278 hypostasim:
1219 3217 1236 3252 a
1254 3208 1361 3256 summ

211 3292 378 3387 quaedam
402 3316 478 3378 res,
505 3316 592 3385 quae
616 3293 761 3362 realiter
785 3303 838 3364 est
860 3296 965 3365 Pater
990 3295 1050 3387 qui
1073 3302 1245 3385 generat,
1269 3294 1361 3365 Filit

212 3401 272 3492 qui
288 3407 488 3490 generatur,
505 3400 660 3492 Spiritus
678 3402 827 3470 Sanctus
844 3404 904 3494 qui
917 3402 1074 3493 procedit
1085 3429 1116 3470 n.
1133 3404 1185 3472 At
1197 3427 1254 3473 res
1269 3403 1361 3472 eade:

212 3509 276 3576 sub
291 3508 363 3576 alia
378 3508 516 3579 rat-ioue
531 3516 586 3578 est
601 3509 811 3594 absolutum,
830 3516 865 3583 et
882 3510 934 3578 ita
951 3532 1021 3578 una
1037 3533 1182 3579 numero
1207 3534 1276 3580 non
1298 3533 1361 3579 mo,

211 3616 418 3707 tiplicabilis
438 3617 602 3703 essentia,
621 3622 657 3684 et
674 3618 738 3684 sub
752 3617 824 3684 alia
839 3617 974 3687 ratione
990 3624 1044 3686 est
1060 3617 1264 3703 relativum,
1282 3624 1318 3687 et
1332 3616 1361 3686 il

210 3728 284 3791 tres
306 3729 390 3791 suut
412 3721 633 3813 hypostases.
652 3722 737 3790 Cum
760 3724 852 3792 enim
874 3723 1000 3793 relatio
1023 3724 1072 3792 sit
1095 3722 1202 3792 unius
1227 3724 1273 3793 ad
1300 3722 1361 3793 ale

211 3851 312 3912 rum,
339 3836 510 3920 quatenus
538 3853 628 3897 unus
659 3831 816 3921 procedit
838 3833 881 3899 ab
904 3832 1015 3900 altero
1038 3853 1100 3922 per
1123 3837 1244 3901 actum
1267 3831 1361 3900 imma

211 3942 361 4020 nentem,
387 3960 454 4027 quo
477 3937 630 4006 Verbum
646 3939 855 4030 exprimitur
879 3946 920 4009 ut
942 3941 1133 4009 immanens
1148 3940 1361 4009 termiuuei:

211 4044 424 4113 tellectionis
447 4047 709 4132 substantialis,
736 4055 773 4116 et
795 4047 951 4138 Spiritus
983 4050 1134 4119 Sanctus
1164 4049 1325 4140 procedit
1344 4068 1361 4083 “

211 4150 401 4220 immanens
424 4154 593 4222 terminus
617 4155 815 4225 dilectionis
842 4157 1108 4241 substantialia,
1135 4158 1197 4224 aab
1221 4159 1284 4224 boo
1300 4156 1356 4245 so

212 4259 300 4324 mali
320 4261 458 4326 ratione
480 4263 702 4329 relativorum
725 4263 771 4330 ad
798 4266 939 4332 invicem
955 4290 1012 4331 aare
1026 4265 1247 4354 producentia
1262 4278 1361 4354 ctpr

213 4364 359 4433 cedentia
383 4390 449 4457 per
472 4367 604 4434 modam
632 4370 878 4459 intellectioaia
909 4385 941 4439 et
973 4369 1172 4439 dilectionis
1202 4376 1285 4440 sunt
1311 4375 1361 4437 tt
