<?xml version="1.0" encoding="UTF-8"?>
<!DOCTYPE html PUBLIC "-//W3C//DTD XHTML 1.0 Transitional//EN"
    "http://www.w3.org/TR/xhtml1/DTD/xhtml1-transitional.dtd">
<html xmlns="http://www.w3.org/1999/xhtml" xml:lang="en" lang="en">
 <head>
  <title>
</title>
<meta http-equiv="Content-Type" content="text/html;charset=utf-8" />
  <meta name='ocr-system' content='tesseract 3.04.00' />
  <meta name='ocr-capabilities' content='ocr_page ocr_carea ocr_par ocr_line ocrx_word'/>
</head>
<body>
  <div class='ocr_page' id='page_1' title='image "./tractatusdedeot00frangoog/tractatusdedeot00frangoog_0326.png"; bbox 0 0 3172 4950; ppageno 0'>
   <div class='ocr_carea' id='block_1_1' title="bbox 187 314 1218 2127">
    <p class='ocr_par' dir='ltr' id='par_1_1' title="bbox 533 314 713 376">
     <span class='ocr_line' id='line_1_1' title="bbox 533 314 713 376; baseline 0 -1"><span class='ocrx_word' id='word_1_1' title='bbox 533 346 571 362; x_wconf 95' lang='lat'><em>-</em></span> <span class='ocrx_word' id='word_1_2' title='bbox 592 314 653 376; x_wconf 82' lang='lat'><strong><em>315</em></strong></span> <span class='ocrx_word' id='word_1_3' title='bbox 674 347 713 363; x_wconf 91' lang='lat'>-</span> 
     </span>
    </p>

    <p class='ocr_par' dir='ltr' id='par_1_2' title="bbox 187 417 1218 2023">
     <span class='ocr_line' id='line_1_2' title="bbox 188 417 1213 511; baseline 0.001 -24"><span class='ocrx_word' id='word_1_4' title='bbox 188 419 414 509; x_wconf 74' lang='lat' dir='ltr'><strong><em>praeambula</em></strong></span> <span class='ocrx_word' id='word_1_5' title='bbox 436 423 493 489; x_wconf 83' lang='lat' dir='ltr'><strong><em>est</em></strong></span> <span class='ocrx_word' id='word_1_6' title='bbox 515 419 560 489; x_wconf 80' lang='lat' dir='ltr'><strong><em>ad</em></strong></span> <span class='ocrx_word' id='word_1_7' title='bbox 577 419 742 510; x_wconf 81' lang='lat' dir='ltr'><strong><em>gratiam.</em></strong></span> <span class='ocrx_word' id='word_1_8' title='bbox 770 418 810 488; x_wconf 75' lang='lat' dir='ltr'><strong><em>si</em></strong></span> <span class='ocrx_word' id='word_1_9' title='bbox 825 418 912 511; x_wconf 80' lang='lat' dir='ltr'><strong><em>qaid</em></strong></span> <span class='ocrx_word' id='word_1_10' title='bbox 928 434 1040 487; x_wconf 76' lang='lat' dir='ltr'><strong><em>autem</em></strong></span> <span class='ocrx_word' id='word_1_11' title='bbox 1056 420 1094 486; x_wconf 82' lang='lat' dir='ltr'><strong><em>irs</em></strong></span> <span class='ocrx_word' id='word_1_12' title='bbox 1109 417 1213 488; x_wconf 80' lang='lat' dir='ltr'><strong><em>(lictis</em></strong></span> 
     </span>
     <span class='ocr_line' id='line_1_3' title="bbox 188 524 1212 617; baseline 0.005 -28"><span class='ocrx_word' id='word_1_13' title='bbox 188 528 318 595; x_wconf 72' lang='lat' dir='ltr'><strong><em>»barm</em></strong></span> <span class='ocrx_word' id='word_1_14' title='bbox 330 529 529 595; x_wconf 77' lang='lat' dir='ltr'><strong><em>inveniatur</em></strong></span> <span class='ocrx_word' id='word_1_15' title='bbox 545 530 756 595; x_wconf 80' lang='lat' dir='ltr'><strong><em>contrariam</em></strong></span> <span class='ocrx_word' id='word_1_16' title='bbox 768 524 867 617; x_wconf 81' lang='lat' dir='ltr'><strong><em>fidei,</em></strong></span> <span class='ocrx_word' id='word_1_17' title='bbox 883 528 943 594; x_wconf 83' lang='lat' dir='ltr'><strong><em>boc</em></strong></span> <span class='ocrx_word' id='word_1_18' title='bbox 956 551 1023 594; x_wconf 84' lang='lat' dir='ltr'><strong><em>aaa</em></strong></span> <span class='ocrx_word' id='word_1_19' title='bbox 1036 540 1085 593; x_wconf 79' lang='lat' dir='ltr'><strong><em>est</em></strong></span> <span class='ocrx_word' id='word_1_20' title='bbox 1095 527 1212 616; x_wconf 82' lang='lat' dir='ltr'><strong><em>pisile·</em></strong></span> 
     </span>
     <span class='ocr_line' id='line_1_4' title="bbox 188 634 1209 727; baseline -0.003 -21"><span class='ocrx_word' id='word_1_21' title='bbox 188 692 190 707; x_wconf 81' lang='grc'><strong>,</strong></span> <span class='ocrx_word' id='word_1_22' title='bbox 214 637 273 705; x_wconf 84' lang='lat' dir='ltr'><strong><em>sed</em></strong></span> <span class='ocrx_word' id='word_1_23' title='bbox 294 641 407 727; x_wconf 76' lang='lat' dir='ltr'><strong><em>acopis</em></strong></span> <span class='ocrx_word' id='word_1_24' title='bbox 424 637 669 726; x_wconf 68' lang='lat' dir='ltr'><strong><em>philosophiae</em></strong></span> <span class='ocrx_word' id='word_1_25' title='bbox 690 636 815 702; x_wconf 72' lang='lat' dir='ltr'><strong><em>abactas</em></strong></span> <span class='ocrx_word' id='word_1_26' title='bbox 830 658 872 701; x_wconf 81' lang='lat' dir='ltr'><strong><em>ea</em></strong></span> <span class='ocrx_word' id='word_1_27' title='bbox 889 634 1025 723; x_wconf 79' lang='lat' dir='ltr'><strong><em>defecta</em></strong></span> <span class='ocrx_word' id='word_1_28' title='bbox 1047 637 1209 703; x_wconf 83' lang='lat' dir='ltr'><strong><em>rationis.</em></strong></span> 
     </span>
     <span class='ocr_line' id='line_1_5' title="bbox 188 740 1218 835; baseline -0.005 -21"><span class='ocrx_word' id='word_1_29' title='bbox 188 780 190 793; x_wconf 93' lang='lat'><em>·</em></span> <span class='ocrx_word' id='word_1_30' title='bbox 211 745 378 835; x_wconf 79' lang='lat' dir='ltr'><strong><em>possibile</em></strong></span> <span class='ocrx_word' id='word_1_31' title='bbox 398 759 448 813; x_wconf 78' lang='lat' dir='ltr'><strong><em>est</em></strong></span> <span class='ocrx_word' id='word_1_32' title='bbox 471 768 513 812; x_wconf 81' lang='lat' dir='ltr'><strong><em>ea</em></strong></span> <span class='ocrx_word' id='word_1_33' title='bbox 534 746 721 835; x_wconf 70' lang='lat' dir='ltr'><strong><em>principiis</em></strong></span> <span class='ocrx_word' id='word_1_34' title='bbox 745 743 990 834; x_wconf 70' lang='lat' dir='ltr'><strong><em>philosophiae</em></strong></span> <span class='ocrx_word' id='word_1_35' title='bbox 1021 740 1218 810; x_wconf 75' lang='lat' dir='ltr'><strong><em>huiusmodi·</em></strong></span> 
     </span>
     <span class='ocr_line' id='line_1_6' title="bbox 205 848 1213 941; baseline -0.003 -22"><span class='ocrx_word' id='word_1_36' title='bbox 205 853 380 941; x_wconf 74' lang='lat' dir='ltr'><strong><em>refellere,</em></strong></span> <span class='ocrx_word' id='word_1_37' title='bbox 406 853 457 920; x_wconf 90' lang='lat' dir='ltr'><strong><em>oel</em></strong></span> <span class='ocrx_word' id='word_1_38' title='bbox 481 848 681 920; x_wconf 81' lang='lat' dir='ltr'><strong><em>ostendendo</em></strong></span> <span class='ocrx_word' id='word_1_39' title='bbox 699 851 833 916; x_wconf 84' lang='lat' dir='ltr'><strong><em>omnino</em></strong></span> <span class='ocrx_word' id='word_1_40' title='bbox 852 873 919 917; x_wconf 89' lang='lat' dir='ltr'><strong><em>esse</em></strong></span> <span class='ocrx_word' id='word_1_41' title='bbox 934 851 1146 941; x_wconf 82' lang='lat' dir='ltr'><strong><em>impossibile</em></strong></span> <span class='ocrx_word' id='word_1_42' title='bbox 1160 849 1213 919; x_wconf 87' lang='lat' dir='ltr'><strong><em>oel</em></strong></span> 
     </span>
     <span class='ocr_line' id='line_1_7' title="bbox 188 955 1212 1049; baseline -0.001 -22"><span class='ocrx_word' id='word_1_43' title='bbox 188 963 449 1030; x_wconf 79' lang='lat' dir='ltr'><strong><em>eseeessariam.</em></strong></span> <span class='ocrx_word' id='word_1_44' title='bbox 467 961 564 1028; x_wconf 77' lang='lat' dir='ltr'><strong><em>Siout</em></strong></span> <span class='ocrx_word' id='word_1_45' title='bbox 581 961 670 1028; x_wconf 82' lang='lat' dir='ltr'><strong><em>esim</em></strong></span> <span class='ocrx_word' id='word_1_46' title='bbox 687 982 726 1026; x_wconf 87' lang='lat' dir='ltr'><strong><em>ea</em></strong></span> <span class='ocrx_word' id='word_1_47' title='bbox 743 982 829 1049; x_wconf 82' lang='lat' dir='ltr'><strong><em>qaae</em></strong></span> <span class='ocrx_word' id='word_1_48' title='bbox 841 955 929 1047; x_wconf 83' lang='lat' dir='ltr'><strong><em>fidei</em></strong></span> <span class='ocrx_word' id='word_1_49' title='bbox 943 973 1036 1042; x_wconf 79' lang='lat' dir='ltr'><strong><em>suat,</em></strong></span> <span class='ocrx_word' id='word_1_50' title='bbox 1053 984 1121 1026; x_wconf 83' lang='lat' dir='ltr'><strong><em>non</em></strong></span> <span class='ocrx_word' id='word_1_51' title='bbox 1134 983 1212 1048; x_wconf 82' lang='lat' dir='ltr'><strong><em>pos·</em></strong></span> 
     </span>
     <span class='ocr_line' id='line_1_8' title="bbox 188 1063 1213 1157; baseline -0.001 -24"><span class='ocrx_word' id='word_1_52' title='bbox 188 1071 405 1135; x_wconf 79' lang='lat' dir='ltr'><strong><em>monstrativa</em></strong></span> <span class='ocrx_word' id='word_1_53' title='bbox 421 1068 581 1157; x_wconf 83' lang='lat' dir='ltr'><strong><em>probari,</em></strong></span> <span class='ocrx_word' id='word_1_54' title='bbox 606 1067 660 1132; x_wconf 86' lang='lat' dir='ltr'><strong><em>ite</em></strong></span> <span class='ocrx_word' id='word_1_55' title='bbox 683 1063 851 1157; x_wconf 81' lang='lat' dir='ltr'><strong><em>quaedum</em></strong></span> <span class='ocrx_word' id='word_1_56' title='bbox 874 1068 1053 1132; x_wconf 79' lang='lat' dir='ltr'><strong><em>contraria</em></strong></span> <span class='ocrx_word' id='word_1_57' title='bbox 1076 1067 1213 1132; x_wconf 75' lang='lat' dir='ltr'><strong><em>tiseos</em></strong></span> 
     </span>
     <span class='ocr_line' id='line_1_9' title="bbox 201 1171 1214 1266; baseline -0.004 -24"><span class='ocrx_word' id='word_1_58' title='bbox 201 1175 466 1242; x_wconf 80' lang='lat' dir='ltr'><strong><em>demonstrative</em></strong></span> <span class='ocrx_word' id='word_1_59' title='bbox 489 1172 622 1241; x_wconf 81' lang='lat' dir='ltr'><strong><em>ostendi</em></strong></span> <span class='ocrx_word' id='word_1_60' title='bbox 645 1196 713 1241; x_wconf 84' lang='lat' dir='ltr'><strong><em>esse</em></strong></span> <span class='ocrx_word' id='word_1_61' title='bbox 729 1173 846 1262; x_wconf 82' lang='lat' dir='ltr'><strong><em>salsa,</em></strong></span> <span class='ocrx_word' id='word_1_62' title='bbox 870 1172 929 1240; x_wconf 81' lang='lat' dir='ltr'><strong><em>sed</em></strong></span> <span class='ocrx_word' id='word_1_63' title='bbox 947 1187 1060 1266; x_wconf 79' lang='lat' dir='ltr'><strong><em>potest</em></strong></span> <span class='ocrx_word' id='word_1_64' title='bbox 1081 1171 1214 1241; x_wconf 80' lang='lat' dir='ltr'><strong><em>ostendi</em></strong></span> 
     </span>
     <span class='ocr_line' id='line_1_10' title="bbox 188 1281 1213 1372; baseline 0.001 -23"><span class='ocrx_word' id='word_1_65' title='bbox 188 1307 197 1349; x_wconf 81' lang='lat' dir='ltr'><strong><em>s</em></strong></span> <span class='ocrx_word' id='word_1_66' title='bbox 221 1307 261 1350; x_wconf 88' lang='lat' dir='ltr'><strong><em>ea</em></strong></span> <span class='ocrx_word' id='word_1_67' title='bbox 283 1286 483 1353; x_wconf 79' lang='lat' dir='ltr'><strong><em>necessaria.</em></strong></span> <span class='ocrx_word' id='word_1_68' title='bbox 510 1283 569 1353; x_wconf 88' lang='lat' dir='ltr'><strong><em>Sia</em></strong></span> <span class='ocrx_word' id='word_1_69' title='bbox 592 1283 706 1372; x_wconf 84' lang='lat' dir='ltr'><strong><em>igitur</em></strong></span> <span class='ocrx_word' id='word_1_70' title='bbox 729 1282 766 1349; x_wconf 90' lang='lat' dir='ltr'><strong><em>in</em></strong></span> <span class='ocrx_word' id='word_1_71' title='bbox 789 1303 889 1352; x_wconf 87' lang='lat' dir='ltr'><strong><em>saara</em></strong></span> <span class='ocrx_word' id='word_1_72' title='bbox 919 1282 1080 1353; x_wconf 86' lang='lat' dir='ltr'><strong><em>doctrina</em></strong></span> <span class='ocrx_word' id='word_1_73' title='bbox 1101 1281 1213 1372; x_wconf 84' lang='lat' dir='ltr'><strong><em>pbilo-</em></strong></span> 
     </span>
     <span class='ocr_line' id='line_1_11' title="bbox 188 1389 1213 1481; baseline -0.003 -22"><span class='ocrx_word' id='word_1_74' title='bbox 188 1412 368 1481; x_wconf 88' lang='lat' dir='ltr'><strong><em>possumus</em></strong></span> <span class='ocrx_word' id='word_1_75' title='bbox 390 1389 584 1481; x_wconf 75' lang='lat' dir='ltr'><strong><em>tripliciter</em></strong></span> <span class='ocrx_word' id='word_1_76' title='bbox 606 1391 680 1459; x_wconf 88' lang='lat' dir='ltr'><strong><em>uti:</em></strong></span> <span class='ocrx_word' id='word_1_77' title='bbox 704 1389 817 1479; x_wconf 87' lang='lat' dir='ltr'><strong><em>primo</em></strong></span> <span class='ocrx_word' id='word_1_78' title='bbox 840 1389 886 1458; x_wconf 90' lang='lat' dir='ltr'><strong><em>ad</em></strong></span> <span class='ocrx_word' id='word_1_79' title='bbox 909 1389 1213 1459; x_wconf 86' lang='lat' dir='ltr'><strong><em>demonstrandum</em></strong></span> 
     </span>
     <span class='ocr_line' id='line_1_12' title="bbox 187 1496 1214 1589; baseline -0.005 -22"><span class='ocrx_word' id='word_1_80' title='bbox 187 1520 207 1567; x_wconf 90' lang='lat' dir='ltr'><strong><em>e</em></strong></span> <span class='ocrx_word' id='word_1_81' title='bbox 230 1506 315 1568; x_wconf 88' lang='lat' dir='ltr'><strong><em>sunt</em></strong></span> <span class='ocrx_word' id='word_1_82' title='bbox 336 1496 559 1589; x_wconf 84' lang='lat' dir='ltr'><strong><em>praeambula</em></strong></span> <span class='ocrx_word' id='word_1_83' title='bbox 583 1498 707 1567; x_wconf 83' lang='lat' dir='ltr'><strong><em>fidei...</em></strong></span> <span class='ocrx_word' id='word_1_84' title='bbox 724 1498 873 1567; x_wconf 89' lang='lat' dir='ltr'><strong><em>seeundo</em></strong></span> <span class='ocrx_word' id='word_1_85' title='bbox 896 1496 943 1565; x_wconf 89' lang='lat' dir='ltr'><strong><em>ad</em></strong></span> <span class='ocrx_word' id='word_1_86' title='bbox 964 1496 1214 1566; x_wconf 85' lang='lat' dir='ltr'><strong><em>notificandum</em></strong></span> 
     </span>
     <span class='ocr_line' id='line_1_13' title="bbox 188 1604 1214 1700; baseline -0.003 -25"><span class='ocrx_word' id='word_1_87' title='bbox 188 1628 263 1699; x_wconf 68' lang='lat' dir='ltr'><strong><em>[uas</em></strong></span> <span class='ocrx_word' id='word_1_88' title='bbox 285 1606 536 1677; x_wconf 76' lang='lat' dir='ltr'><strong><em>similitudines</em></strong></span> <span class='ocrx_word' id='word_1_89' title='bbox 558 1628 611 1693; x_wconf 85' lang='lat' dir='ltr'><strong><em>ee,</em></strong></span> <span class='ocrx_word' id='word_1_90' title='bbox 634 1628 723 1700; x_wconf 87' lang='lat' dir='ltr'><strong><em>quae</em></strong></span> <span class='ocrx_word' id='word_1_91' title='bbox 746 1611 830 1675; x_wconf 88' lang='lat' dir='ltr'><strong><em>eunt</em></strong></span> <span class='ocrx_word' id='word_1_92' title='bbox 845 1605 969 1674; x_wconf 92' lang='lat' dir='ltr'><strong><em>fidei...</em></strong></span> <span class='ocrx_word' id='word_1_93' title='bbox 986 1607 1088 1672; x_wconf 80' lang='lat' dir='ltr'><strong><em>tertio</em></strong></span> <span class='ocrx_word' id='word_1_94' title='bbox 1103 1604 1150 1671; x_wconf 84' lang='lat' dir='ltr'><strong><em>ad</em></strong></span> <span class='ocrx_word' id='word_1_95' title='bbox 1163 1628 1214 1672; x_wconf 89' lang='lat' dir='ltr'><strong><em>re·</em></strong></span> 
     </span>
     <span class='ocr_line' id='line_1_14' title="bbox 188 1713 1213 1806; baseline 0.006 -30"><span class='ocrx_word' id='word_1_96' title='bbox 188 1739 227 1781; x_wconf 83' lang='lat' dir='ltr'><strong><em>:m</em></strong></span> <span class='ocrx_word' id='word_1_97' title='bbox 251 1717 317 1797; x_wconf 83' lang='lat' dir='ltr'><strong><em>tis,</em></strong></span> <span class='ocrx_word' id='word_1_98' title='bbox 343 1739 430 1806; x_wconf 81' lang='lat' dir='ltr'><strong><em>qssae</em></strong></span> <span class='ocrx_word' id='word_1_99' title='bbox 454 1731 572 1783; x_wconf 84' lang='lat' dir='ltr'><strong><em>eontra</em></strong></span> <span class='ocrx_word' id='word_1_100' title='bbox 593 1714 698 1805; x_wconf 83' lang='lat' dir='ltr'><strong><em>fidem</em></strong></span> <span class='ocrx_word' id='word_1_101' title='bbox 721 1714 896 1797; x_wconf 80' lang='lat' dir='ltr'><strong><em>dicuntur,</em></strong></span> <span class='ocrx_word' id='word_1_102' title='bbox 920 1717 990 1781; x_wconf 90' lang='lat' dir='ltr'><strong><em>sioe</em></strong></span> <span class='ocrx_word' id='word_1_103' title='bbox 1013 1713 1213 1782; x_wconf 81' lang='lat' dir='ltr'><strong><em>ostendendo</em></strong></span> 
     </span>
     <span class='ocr_line' id='line_1_15' title="bbox 191 1819 1214 1890; baseline 0.001 -1"><span class='ocrx_word' id='word_1_104' title='bbox 191 1825 324 1890; x_wconf 79' lang='lat' dir='ltr'><strong><em>sasire</em></strong></span> <span class='ocrx_word' id='word_1_105' title='bbox 353 1819 554 1889; x_wconf 76' lang='lat' dir='ltr'><strong><em>ostendendo</em></strong></span> <span class='ocrx_word' id='word_1_106' title='bbox 586 1846 654 1889; x_wconf 81' lang='lat' dir='ltr'><strong><em>noa</em></strong></span> <span class='ocrx_word' id='word_1_107' title='bbox 687 1845 754 1889; x_wconf 84' lang='lat' dir='ltr'><strong><em>esse</em></strong></span> <span class='ocrx_word' id='word_1_108' title='bbox 775 1824 998 1888; x_wconf 70' lang='lat' dir='ltr'><strong><em>necessariae</em></strong></span> <span class='ocrx_word' id='word_1_109' title='bbox 1023 1819 1060 1889; x_wconf 81' lang='lat' dir='ltr'><strong><em>S.</em></strong></span> <span class='ocrx_word' id='word_1_110' title='bbox 1083 1821 1151 1890; x_wconf 75' lang='lat' dir='ltr'><strong><em>Th.</em></strong></span> <span class='ocrx_word' id='word_1_111' title='bbox 1176 1821 1214 1890; x_wconf 89' lang='lat' dir='ltr'><strong><em>iu</em></strong></span> 
     </span>
     <span class='ocr_line' id='line_1_16' title="bbox 188 1927 926 2023; baseline -0.001 -25"><span class='ocrx_word' id='word_1_112' title='bbox 188 1930 255 1998; x_wconf 88' lang='lat' dir='ltr'><strong><em>rin.</em></strong></span> <span class='ocrx_word' id='word_1_113' title='bbox 272 1931 405 1999; x_wconf 89' lang='lat' dir='ltr'><strong><em>Proem.</em></strong></span> <span class='ocrx_word' id='word_1_114' title='bbox 423 1955 457 2023; x_wconf 90' lang='lat' dir='ltr'><strong><em>q.</em></strong></span> <span class='ocrx_word' id='word_1_115' title='bbox 476 1930 510 1998; x_wconf 79' lang='lat'><strong><em>2.</em></strong></span> <span class='ocrx_word' id='word_1_116' title='bbox 528 1950 561 1998; x_wconf 88' lang='lat' dir='ltr'><strong><em>a.</em></strong></span> <span class='ocrx_word' id='word_1_117' title='bbox 580 1930 613 1998; x_wconf 80' lang='grc'><strong><em>3.</em></strong></span> <span class='ocrx_word' id='word_1_118' title='bbox 629 1932 675 2000; x_wconf 86' lang='lat' dir='ltr'><strong><em>cf.</em></strong></span> <span class='ocrx_word' id='word_1_119' title='bbox 696 1931 728 1998; x_wconf 85' lang='lat'><strong><em>1.</em></strong></span> <span class='ocrx_word' id='word_1_120' title='bbox 747 1954 781 2022; x_wconf 91' lang='lat' dir='ltr'><strong><em>q.</em></strong></span> <span class='ocrx_word' id='word_1_121' title='bbox 796 1927 829 1997; x_wconf 90' lang='lat'><strong><em>1.</em></strong></span> <span class='ocrx_word' id='word_1_122' title='bbox 845 1951 878 1996; x_wconf 84' lang='lat' dir='ltr'><strong><em>a.</em></strong></span> <span class='ocrx_word' id='word_1_123' title='bbox 893 1929 926 1998; x_wconf 84' lang='lat'><strong><em>8.</em></strong></span> 
     </span>
    </p>

    <p class='ocr_par' dir='ltr' id='par_1_3' title="bbox 188 2035 1215 2127">
     <span class='ocr_line' id='line_1_17' title="bbox 188 2035 1215 2127; baseline 0 -22"><span class='ocrx_word' id='word_1_124' title='bbox 188 2061 232 2105; x_wconf 73' lang='lat' dir='ltr'><strong><em>sm</em></strong></span> <span class='ocrx_word' id='word_1_125' title='bbox 254 2044 297 2106; x_wconf 92' lang='lat' dir='ltr'><strong><em>ut</em></strong></span> <span class='ocrx_word' id='word_1_126' title='bbox 319 2037 534 2122; x_wconf 87' lang='lat' dir='ltr'><strong><em>ostendatur,</em></strong></span> <span class='ocrx_word' id='word_1_127' title='bbox 552 2038 707 2107; x_wconf 85' lang='lat' dir='ltr'><strong><em>rationes</em></strong></span> <span class='ocrx_word' id='word_1_128' title='bbox 729 2037 906 2127; x_wconf 89' lang='lat' dir='ltr'><strong><em>oppositas</em></strong></span> <span class='ocrx_word' id='word_1_129' title='bbox 927 2059 1001 2105; x_wconf 88' lang='lat' dir='ltr'><strong><em>esse</em></strong></span> <span class='ocrx_word' id='word_1_130' title='bbox 1025 2035 1136 2106; x_wconf 84' lang='lat' dir='ltr'><strong><em>falsas</em></strong></span> <span class='ocrx_word' id='word_1_131' title='bbox 1151 2043 1215 2105; x_wconf 87' lang='lat' dir='ltr'><strong><em>aut</em></strong></span> 
     </span>
    </p>
   </div>
   <div class='ocr_carea' id='block_1_2' title="bbox 188 2143 1223 2453">
    <p class='ocr_par' dir='ltr' id='par_1_4' title="bbox 188 2143 1223 2453">
     <span class='ocr_line' id='line_1_18' title="bbox 188 2143 1214 2235; baseline -0.003 -21"><span class='ocrx_word' id='word_1_132' title='bbox 188 2145 349 2229; x_wconf 86' lang='lat' dir='ltr'><strong><em>essarias,</em></strong></span> <span class='ocrx_word' id='word_1_133' title='bbox 364 2167 425 2234; x_wconf 87' lang='lat' dir='ltr'><strong><em>per</em></strong></span> <span class='ocrx_word' id='word_1_134' title='bbox 438 2166 474 2213; x_wconf 85' lang='lat' dir='ltr'><strong><em>se</em></strong></span> <span class='ocrx_word' id='word_1_135' title='bbox 487 2149 522 2212; x_wconf 92' lang='lat' dir='ltr'><strong><em>et</em></strong></span> <span class='ocrx_word' id='word_1_136' title='bbox 531 2145 689 2214; x_wconf 87' lang='lat' dir='ltr'><strong><em>absolute</em></strong></span> <span class='ocrx_word' id='word_1_137' title='bbox 701 2143 872 2235; x_wconf 88' lang='lat' dir='ltr'><strong><em>loquendo</em></strong></span> <span class='ocrx_word' id='word_1_138' title='bbox 887 2165 955 2211; x_wconf 90' lang='lat' dir='ltr'><strong><em>non</em></strong></span> <span class='ocrx_word' id='word_1_139' title='bbox 972 2165 1058 2235; x_wconf 88' lang='lat' dir='ltr'><strong><em>opus</em></strong></span> <span class='ocrx_word' id='word_1_140' title='bbox 1073 2150 1129 2213; x_wconf 90' lang='lat' dir='ltr'><strong><em>est</em></strong></span> <span class='ocrx_word' id='word_1_141' title='bbox 1144 2143 1214 2212; x_wconf 87' lang='lat' dir='ltr'><strong><em>sin·</em></strong></span> 
     </span>
     <span class='ocr_line' id='line_1_19' title="bbox 188 2250 1214 2357; baseline 0 -38"><span class='ocrx_word' id='word_1_142' title='bbox 188 2277 197 2319; x_wconf 83' lang='grc' dir='ltr'>ι</span> <span class='ocrx_word' id='word_1_143' title='bbox 212 2274 411 2342; x_wconf 86' lang='lat' dir='ltr'><strong><em>comparare</em></strong></span> <span class='ocrx_word' id='word_1_144' title='bbox 426 2252 510 2320; x_wconf 88' lang='lat' dir='ltr'><strong><em>illas</em></strong></span> <span class='ocrx_word' id='word_1_145' title='bbox 524 2251 678 2322; x_wconf 87' lang='lat' dir='ltr'><strong><em>rationes</em></strong></span> <span class='ocrx_word' id='word_1_146' title='bbox 696 2274 772 2321; x_wconf 89' lang='lat' dir='ltr'><strong><em>cnm</em></strong></span> <span class='ocrx_word' id='word_1_147' title='bbox 788 2252 949 2340; x_wconf 79' lang='lat' dir='ltr'><strong><em>dogmate</em></strong></span> <span class='ocrx_word' id='word_1_148' title='bbox 965 2250 1134 2357; x_wconf 87' lang='lat' dir='ltr'><strong><em>revelato,</em></strong></span> <span class='ocrx_word' id='word_1_149' title='bbox 1153 2250 1214 2319; x_wconf 88' lang='lat' dir='ltr'><strong><em>sed</em></strong></span> 
     </span>
     <span class='ocr_line' id='line_1_20' title="bbox 188 2357 1223 2453; baseline -0.008 -24"><span class='ocrx_word' id='word_1_150' title='bbox 188 2360 362 2451; x_wconf 86' lang='lat' dir='ltr'><strong><em>generalis</em></strong></span> <span class='ocrx_word' id='word_1_151' title='bbox 379 2360 546 2453; x_wconf 87' lang='lat' dir='ltr'><strong><em>quaedam</em></strong></span> <span class='ocrx_word' id='word_1_152' title='bbox 563 2359 775 2451; x_wconf 77' lang='lat' dir='ltr'><strong><em>comparatio</em></strong></span> <span class='ocrx_word' id='word_1_153' title='bbox 798 2359 940 2429; x_wconf 85' lang='lat' dir='ltr'><strong><em>divinae</em></strong></span> <span class='ocrx_word' id='word_1_154' title='bbox 956 2357 1163 2428; x_wconf 82' lang='lat' dir='ltr'><strong><em>eminentiae</em></strong></span> <span class='ocrx_word' id='word_1_155' title='bbox 1178 2364 1223 2426; x_wconf 86' lang='lat' dir='ltr'><strong><em>et.</em></strong></span> 
     </span>
    </p>
   </div>
   <div class='ocr_carea' id='block_1_3' title="bbox 188 2465 1221 4490">
    <p class='ocr_par' dir='ltr' id='par_1_5' title="bbox 188 2465 1221 4490">
     <span class='ocr_line' id='line_1_21' title="bbox 188 2465 1213 2558; baseline -0.003 -23"><span class='ocrx_word' id='word_1_156' title='bbox 188 2467 267 2536; x_wconf 74' lang='lat' dir='ltr'><strong><em>‚onis</em></strong></span> <span class='ocrx_word' id='word_1_157' title='bbox 289 2467 449 2537; x_wconf 88' lang='lat' dir='ltr'><strong><em>infinitae</em></strong></span> <span class='ocrx_word' id='word_1_158' title='bbox 473 2491 550 2538; x_wconf 88' lang='lat' dir='ltr'><strong><em>eum</em></strong></span> <span class='ocrx_word' id='word_1_159' title='bbox 574 2467 835 2558; x_wconf 83' lang='lat' dir='ltr'><strong><em>imperfectione</em></strong></span> <span class='ocrx_word' id='word_1_160' title='bbox 857 2471 893 2536; x_wconf 89' lang='lat' dir='ltr'><strong><em>et</em></strong></span> <span class='ocrx_word' id='word_1_161' title='bbox 914 2465 1127 2534; x_wconf 73' lang='lat' dir='ltr'><strong><em>limitatione</em></strong></span> <span class='ocrx_word' id='word_1_162' title='bbox 1154 2486 1213 2532; x_wconf 90' lang='lat' dir='ltr'><strong><em>no·</em></strong></span> 
     </span>
     <span class='ocr_line' id='line_1_22' title="bbox 188 2571 1216 2668; baseline -0.004 -24"><span class='ocrx_word' id='word_1_163' title='bbox 188 2575 343 2645; x_wconf 81' lang='lat' dir='ltr'><strong><em>allectus.</em></strong></span> <span class='ocrx_word' id='word_1_164' title='bbox 363 2575 460 2658; x_wconf 78' lang='lat' dir='ltr'><strong><em>Quae</em></strong></span> <span class='ocrx_word' id='word_1_165' title='bbox 476 2575 615 2668; x_wconf 90' lang='lat' dir='ltr'><strong><em>quidem</em></strong></span> <span class='ocrx_word' id='word_1_166' title='bbox 631 2573 808 2665; x_wconf 85' lang='lat' dir='ltr'><strong><em>generalis</em></strong></span> <span class='ocrx_word' id='word_1_167' title='bbox 822 2574 1070 2644; x_wconf 87' lang='lat' dir='ltr'><strong><em>difficultatum</em></strong></span> <span class='ocrx_word' id='word_1_168' title='bbox 1086 2571 1216 2641; x_wconf 89' lang='lat' dir='ltr'><strong><em>solutio</em></strong></span> 
     </span>
     <span class='ocr_line' id='line_1_23' title="bbox 188 2679 1209 2771; baseline -0.003 -20"><span class='ocrx_word' id='word_1_169' title='bbox 188 2706 247 2751; x_wconf 93' lang='lat' dir='ltr'><strong><em>um</em></strong></span> <span class='ocrx_word' id='word_1_170' title='bbox 269 2682 456 2766; x_wconf 69' lang='lat' dir='ltr'><strong><em>indirecta·</em></strong></span> <span class='ocrx_word' id='word_1_171' title='bbox 477 2706 540 2753; x_wconf 90' lang='lat' dir='ltr'><strong><em>nec</em></strong></span> <span class='ocrx_word' id='word_1_172' title='bbox 562 2690 678 2752; x_wconf 85' lang='lat' dir='ltr'><strong><em>tamen</em></strong></span> <span class='ocrx_word' id='word_1_173' title='bbox 701 2681 778 2752; x_wconf 90' lang='lat' dir='ltr'><strong><em>ideo</em></strong></span> <span class='ocrx_word' id='word_1_174' title='bbox 801 2704 862 2771; x_wconf 82' lang='lat' dir='ltr'><strong><em>per</em></strong></span> <span class='ocrx_word' id='word_1_175' title='bbox 886 2703 923 2751; x_wconf 89' lang='lat' dir='ltr'><strong><em>sa</em></strong></span> <span class='ocrx_word' id='word_1_176' title='bbox 944 2680 1060 2750; x_wconf 89' lang='lat' dir='ltr'><strong><em>minue</em></strong></span> <span class='ocrx_word' id='word_1_177' title='bbox 1077 2679 1209 2750; x_wconf 84' lang='lat' dir='ltr'><strong><em>valida.</em></strong></span> 
     </span>
     <span class='ocr_line' id='line_1_24' title="bbox 207 2786 1215 2881; baseline -0.003 -21"><span class='ocrx_word' id='word_1_178' title='bbox 207 2789 298 2860; x_wconf 87' lang='lat' dir='ltr'><strong><em>euim</em></strong></span> <span class='ocrx_word' id='word_1_179' title='bbox 321 2790 399 2880; x_wconf 89' lang='lat' dir='ltr'><strong><em>ipsa</em></strong></span> <span class='ocrx_word' id='word_1_180' title='bbox 428 2790 585 2881; x_wconf 87' lang='lat' dir='ltr'><strong><em>generali</em></strong></span> <span class='ocrx_word' id='word_1_181' title='bbox 615 2790 871 2879; x_wconf 87' lang='lat' dir='ltr'><strong><em>comparatione</em></strong></span> <span class='ocrx_word' id='word_1_182' title='bbox 900 2788 1045 2857; x_wconf 87' lang='lat' dir='ltr'><strong><em>evidens</em></strong></span> <span class='ocrx_word' id='word_1_183' title='bbox 1076 2786 1215 2857; x_wconf 87' lang='lat' dir='ltr'><strong><em>omnino</em></strong></span> 
     </span>
     <span class='ocr_line' id='line_1_25' title="bbox 188 2894 1215 2987; baseline -0.005 -19"><span class='ocrx_word' id='word_1_184' title='bbox 188 2898 248 2968; x_wconf 88' lang='lat' dir='ltr'><strong><em>lta</em></strong></span> <span class='ocrx_word' id='word_1_185' title='bbox 268 2919 344 2966; x_wconf 88' lang='lat' dir='ltr'><strong><em>esse</em></strong></span> <span class='ocrx_word' id='word_1_186' title='bbox 367 2920 465 2987; x_wconf 89' lang='lat' dir='ltr'><strong><em>posse</em></strong></span> <span class='ocrx_word' id='word_1_187' title='bbox 488 2897 526 2966; x_wconf 92' lang='lat' dir='ltr'><strong><em>in</em></strong></span> <span class='ocrx_word' id='word_1_188' title='bbox 549 2896 702 2967; x_wconf 85' lang='lat' dir='ltr'><strong><em>essentia</em></strong></span> <span class='ocrx_word' id='word_1_189' title='bbox 723 2896 876 2981; x_wconf 85' lang='lat' dir='ltr'><strong><em>infinita,</em></strong></span> <span class='ocrx_word' id='word_1_190' title='bbox 902 2916 990 2987; x_wconf 88' lang='lat' dir='ltr'><strong><em>qnae</em></strong></span> <span class='ocrx_word' id='word_1_191' title='bbox 1012 2894 1143 2964; x_wconf 89' lang='lat' dir='ltr'><strong><em>lumine</em></strong></span> <span class='ocrx_word' id='word_1_192' title='bbox 1160 2915 1215 2963; x_wconf 89' lang='lat' dir='ltr'><strong><em>ra·</em></strong></span> 
     </span>
     <span class='ocr_line' id='line_1_26' title="bbox 188 3002 1215 3076; baseline -0.004 -1"><span class='ocrx_word' id='word_1_193' title='bbox 188 3005 289 3075; x_wconf 80' lang='lat' dir='ltr'><strong><em>niteo</em></strong></span> <span class='ocrx_word' id='word_1_194' title='bbox 303 3014 340 3076; x_wconf 88' lang='lat' dir='ltr'><strong><em>et</em></strong></span> <span class='ocrx_word' id='word_1_195' title='bbox 355 3006 451 3074; x_wconf 87' lang='lat' dir='ltr'><strong><em>iutra</em></strong></span> <span class='ocrx_word' id='word_1_196' title='bbox 473 3011 586 3075; x_wconf 88' lang='lat' dir='ltr'><strong><em>certos</em></strong></span> <span class='ocrx_word' id='word_1_197' title='bbox 600 3004 731 3075; x_wconf 86' lang='lat' dir='ltr'><strong><em>limites</em></strong></span> <span class='ocrx_word' id='word_1_198' title='bbox 754 3004 945 3074; x_wconf 83' lang='lat' dir='ltr'><strong><em>veritatum</em></strong></span> <span class='ocrx_word' id='word_1_199' title='bbox 961 3003 1146 3073; x_wconf 76' lang='lat' dir='ltr'><strong><em>restrictae</em></strong></span> <span class='ocrx_word' id='word_1_200' title='bbox 1163 3002 1215 3071; x_wconf 88' lang='lat' dir='ltr'><strong><em>in·</em></strong></span> 
     </span>
     <span class='ocr_line' id='line_1_27' title="bbox 188 3109 1217 3204; baseline -0.005 -22"><span class='ocrx_word' id='word_1_201' title='bbox 188 3137 243 3182; x_wconf 78' lang='lat' dir='ltr'><strong><em>ron</em></strong></span> <span class='ocrx_word' id='word_1_202' title='bbox 259 3114 406 3204; x_wconf 81' lang='lat' dir='ltr'><strong><em>possint.</em></strong></span> <span class='ocrx_word' id='word_1_203' title='bbox 420 3112 539 3181; x_wconf 83' lang='lat' dir='ltr'><strong><em>Multa</em></strong></span> <span class='ocrx_word' id='word_1_204' title='bbox 553 3113 660 3182; x_wconf 86' lang='lat' dir='ltr'><strong><em>etiam</em></strong></span> <span class='ocrx_word' id='word_1_205' title='bbox 675 3112 807 3182; x_wconf 89' lang='lat' dir='ltr'><strong><em>lumine</em></strong></span> <span class='ocrx_word' id='word_1_206' title='bbox 819 3110 969 3182; x_wconf 88' lang='lat' dir='ltr'><strong><em>rationis</em></strong></span> <span class='ocrx_word' id='word_1_207' title='bbox 981 3109 1217 3200; x_wconf 79' lang='lat' dir='ltr'><strong><em>intelligimus</em></strong></span> 
     </span>
     <span class='ocr_line' id='line_1_28' title="bbox 205 3217 1218 3314; baseline 0.002 -28"><span class='ocrx_word' id='word_1_208' title='bbox 205 3223 292 3314; x_wconf 81' lang='lat' dir='ltr'><strong><em>qaia</em></strong></span> <span class='ocrx_word' id='word_1_209' title='bbox 315 3234 407 3303; x_wconf 82' lang='lat' dir='ltr'><strong><em>sant,</em></strong></span> <span class='ocrx_word' id='word_1_210' title='bbox 424 3242 492 3289; x_wconf 93' lang='lat' dir='ltr'><strong><em>non</em></strong></span> <span class='ocrx_word' id='word_1_211' title='bbox 508 3226 624 3291; x_wconf 87' lang='lat' dir='ltr'><strong><em>tamen</em></strong></span> <span class='ocrx_word' id='word_1_212' title='bbox 647 3219 894 3307; x_wconf 82' lang='lat' dir='ltr'><strong><em>intelligimus,</em></strong></span> <span class='ocrx_word' id='word_1_213' title='bbox 914 3217 1077 3310; x_wconf 82' lang='lat' dir='ltr'><strong><em>quomodo</em></strong></span> <span class='ocrx_word' id='word_1_214' title='bbox 1094 3217 1167 3287; x_wconf 90' lang='lat' dir='ltr'><strong><em>sint</em></strong></span> <span class='ocrx_word' id='word_1_215' title='bbox 1181 3225 1218 3288; x_wconf 88' lang='lat' dir='ltr'><strong><em>et</em></strong></span> 
     </span>
     <span class='ocr_line' id='line_1_29' title="bbox 188 3327 1217 3419; baseline 0.001 -24"><span class='ocrx_word' id='word_1_216' title='bbox 188 3354 205 3395; x_wconf 90' lang='lat' dir='ltr'><strong><em>o</em></strong></span> <span class='ocrx_word' id='word_1_217' title='bbox 229 3328 298 3398; x_wconf 89' lang='lat' dir='ltr'><strong><em>sibi</em></strong></span> <span class='ocrx_word' id='word_1_218' title='bbox 319 3329 470 3398; x_wconf 85' lang='lat' dir='ltr'><strong><em>invicem</em></strong></span> <span class='ocrx_word' id='word_1_219' title='bbox 491 3351 561 3398; x_wconf 91' lang='lat' dir='ltr'><strong><em>non</em></strong></span> <span class='ocrx_word' id='word_1_220' title='bbox 583 3334 804 3419; x_wconf 85' lang='lat' dir='ltr'><strong><em>repugnent,</em></strong></span> <span class='ocrx_word' id='word_1_221' title='bbox 830 3334 917 3418; x_wconf 82' lang='lat' dir='ltr'><strong><em>puta</em></strong></span> <span class='ocrx_word' id='word_1_222' title='bbox 943 3328 1034 3419; x_wconf 92' lang='lat' dir='ltr'><strong><em>quod</em></strong></span> <span class='ocrx_word' id='word_1_223' title='bbox 1064 3327 1217 3396; x_wconf 89' lang='lat' dir='ltr'><strong><em>essentia</em></strong></span> 
     </span>
     <span class='ocr_line' id='line_1_30' title="bbox 188 3431 1217 3522; baseline -0.002 -19"><span class='ocrx_word' id='word_1_224' title='bbox 188 3440 196 3503; x_wconf 73' lang='lat' dir='ltr'><strong><em>&#39;z</em></strong></span> <span class='ocrx_word' id='word_1_225' title='bbox 218 3454 290 3502; x_wconf 87' lang='lat' dir='ltr'><strong><em>una</em></strong></span> <span class='ocrx_word' id='word_1_226' title='bbox 312 3431 607 3502; x_wconf 85' lang='lat' dir='ltr'><strong><em>incommutabilis</em></strong></span> <span class='ocrx_word' id='word_1_227' title='bbox 629 3433 754 3504; x_wconf 89' lang='lat' dir='ltr'><strong><em>volitio</em></strong></span> <span class='ocrx_word' id='word_1_228' title='bbox 770 3439 807 3503; x_wconf 89' lang='lat' dir='ltr'><strong><em>et</em></strong></span> <span class='ocrx_word' id='word_1_229' title='bbox 820 3440 937 3503; x_wconf 90' lang='lat' dir='ltr'><strong><em>tamen</em></strong></span> <span class='ocrx_word' id='word_1_230' title='bbox 959 3433 1072 3502; x_wconf 89' lang='lat' dir='ltr'><strong><em>libera</em></strong></span> <span class='ocrx_word' id='word_1_231' title='bbox 1086 3432 1124 3500; x_wconf 91' lang='lat' dir='ltr'><strong><em>in</em></strong></span> <span class='ocrx_word' id='word_1_232' title='bbox 1141 3455 1217 3522; x_wconf 90' lang='lat' dir='ltr'><strong><em>ope·</em></strong></span> 
     </span>
     <span class='ocr_line' id='line_1_31' title="bbox 188 3538 1218 3630; baseline -0.002 -21"><span class='ocrx_word' id='word_1_233' title='bbox 188 3563 240 3609; x_wconf 75' lang='lat' dir='ltr'><strong><em>sus</em></strong></span> <span class='ocrx_word' id='word_1_234' title='bbox 251 3540 296 3608; x_wconf 88' lang='lat' dir='ltr'><strong><em>ad</em></strong></span> <span class='ocrx_word' id='word_1_235' title='bbox 310 3545 411 3609; x_wconf 87' lang='lat' dir='ltr'><strong><em>extra</em></strong></span> <span class='ocrx_word' id='word_1_236' title='bbox 422 3547 488 3611; x_wconf 85' lang='lat' dir='ltr'><strong><em>etc.</em></strong></span> <span class='ocrx_word' id='word_1_237' title='bbox 505 3539 545 3609; x_wconf 91' lang='lat' dir='ltr'><strong><em>Si</em></strong></span> <span class='ocrx_word' id='word_1_238' title='bbox 561 3562 645 3630; x_wconf 92' lang='lat' dir='ltr'><strong><em>ergo</em></strong></span> <span class='ocrx_word' id='word_1_239' title='bbox 662 3547 804 3630; x_wconf 87' lang='lat' dir='ltr'><strong><em>propter</em></strong></span> <span class='ocrx_word' id='word_1_240' title='bbox 816 3538 1029 3609; x_wconf 85' lang='lat' dir='ltr'><strong><em>infinitatem</em></strong></span> <span class='ocrx_word' id='word_1_241' title='bbox 1047 3538 1218 3608; x_wconf 86' lang='lat' dir='ltr'><strong><em>essentiae</em></strong></span> 
     </span>
     <span class='ocr_line' id='line_1_32' title="bbox 188 3644 1220 3740; baseline -0.005 -23"><span class='ocrx_word' id='word_1_242' title='bbox 188 3647 243 3717; x_wconf 90' lang='lat' dir='ltr'><strong><em>odi</em></strong></span> <span class='ocrx_word' id='word_1_243' title='bbox 257 3647 460 3739; x_wconf 83' lang='lat' dir='ltr'><strong><em>praedicata</em></strong></span> <span class='ocrx_word' id='word_1_244' title='bbox 475 3671 545 3716; x_wconf 91' lang='lat' dir='ltr'><strong><em>non</em></strong></span> <span class='ocrx_word' id='word_1_245' title='bbox 560 3654 770 3738; x_wconf 88' lang='lat' dir='ltr'><strong><em>repugnant,</em></strong></span> <span class='ocrx_word' id='word_1_246' title='bbox 789 3668 877 3740; x_wconf 89' lang='lat' dir='ltr'><strong><em>quae</em></strong></span> <span class='ocrx_word' id='word_1_247' title='bbox 893 3646 930 3716; x_wconf 90' lang='lat' dir='ltr'><strong><em>in</em></strong></span> <span class='ocrx_word' id='word_1_248' title='bbox 946 3644 1086 3717; x_wconf 86' lang='lat' dir='ltr'><strong><em>naturis</em></strong></span> <span class='ocrx_word' id='word_1_249' title='bbox 1105 3644 1220 3713; x_wconf 83' lang='lat' dir='ltr'><strong><em>linitis</em></strong></span> 
     </span>
     <span class='ocr_line' id='line_1_33' title="bbox 188 3751 1219 3841; baseline -0.005 -16"><span class='ocrx_word' id='word_1_250' title='bbox 188 3778 238 3825; x_wconf 88' lang='lat' dir='ltr'><strong><em>em</em></strong></span> <span class='ocrx_word' id='word_1_251' title='bbox 274 3755 584 3825; x_wconf 82' lang='lat' dir='ltr'><strong><em>contradictionem</em></strong></span> <span class='ocrx_word' id='word_1_252' title='bbox 618 3754 860 3841; x_wconf 88' lang='lat' dir='ltr'><strong><em>involverent;</em></strong></span> <span class='ocrx_word' id='word_1_253' title='bbox 894 3753 968 3825; x_wconf 88' lang='lat' dir='ltr'><strong><em>eins</em></strong></span> <span class='ocrx_word' id='word_1_254' title='bbox 999 3751 1219 3821; x_wconf 78' lang='lat' dir='ltr'><strong><em>absurditate</em></strong></span> 
     </span>
     <span class='ocr_line' id='line_1_34' title="bbox 188 3858 1216 3952; baseline -0.003 -21"><span class='ocrx_word' id='word_1_255' title='bbox 188 3885 238 3932; x_wconf 72' lang='lat' dir='ltr'><strong><em>rou</em></strong></span> <span class='ocrx_word' id='word_1_256' title='bbox 254 3867 380 3952; x_wconf 88' lang='lat' dir='ltr'><strong><em>potest,</em></strong></span> <span class='ocrx_word' id='word_1_257' title='bbox 400 3861 507 3931; x_wconf 87' lang='lat' dir='ltr'><strong><em>talem</em></strong></span> <span class='ocrx_word' id='word_1_258' title='bbox 524 3860 867 3931; x_wconf 86' lang='lat' dir='ltr'><strong><em>communicationem</em></strong></span> <span class='ocrx_word' id='word_1_259' title='bbox 877 3866 1027 3931; x_wconf 78' lang='lat' dir='ltr'><strong><em>naturae</em></strong></span> <span class='ocrx_word' id='word_1_260' title='bbox 1043 3858 1216 3944; x_wconf 87' lang='lat' dir='ltr'><strong><em>infinitae,</em></strong></span> 
     </span>
     <span class='ocr_line' id='line_1_35' title="bbox 201 3966 1216 4062; baseline -0.002 -24"><span class='ocrx_word' id='word_1_261' title='bbox 201 3970 322 4062; x_wconf 83' lang='lat' dir='ltr'><strong><em>plnres</em></strong></span> <span class='ocrx_word' id='word_1_262' title='bbox 352 3970 445 4040; x_wconf 87' lang='lat' dir='ltr'><strong><em>inter</em></strong></span> <span class='ocrx_word' id='word_1_263' title='bbox 469 3993 506 4039; x_wconf 90' lang='lat' dir='ltr'><strong><em>ee</em></strong></span> <span class='ocrx_word' id='word_1_264' title='bbox 529 3969 693 4040; x_wconf 87' lang='lat' dir='ltr'><strong><em>distincti</em></strong></span> <span class='ocrx_word' id='word_1_265' title='bbox 724 3970 830 4039; x_wconf 89' lang='lat' dir='ltr'><strong><em>unius</em></strong></span> <span class='ocrx_word' id='word_1_266' title='bbox 860 3990 1006 4051; x_wconf 81' lang='lat' dir='ltr'><strong><em>numero</em></strong></span> <span class='ocrx_word' id='word_1_267' title='bbox 1029 3966 1216 4052; x_wconf 87' lang='lat' dir='ltr'><strong><em>essentiae,</em></strong></span> 
     </span>
     <span class='ocr_line' id='line_1_36' title="bbox 188 4074 1218 4170; baseline -0.006 -21"><span class='ocrx_word' id='word_1_268' title='bbox 188 4101 223 4149; x_wconf 87' lang='lat' dir='ltr'><strong><em>er</em></strong></span> <span class='ocrx_word' id='word_1_269' title='bbox 246 4099 465 4169; x_wconf 85' lang='lat' dir='ltr'><strong><em>repugnare,</em></strong></span> <span class='ocrx_word' id='word_1_270' title='bbox 492 4077 684 4170; x_wconf 85' lang='lat' dir='ltr'><strong><em>quietalis</em></strong></span> <span class='ocrx_word' id='word_1_271' title='bbox 707 4076 890 4147; x_wconf 87' lang='lat' dir='ltr'><strong><em>distinctio</em></strong></span> <span class='ocrx_word' id='word_1_272' title='bbox 912 4082 950 4146; x_wconf 88' lang='lat' dir='ltr'><strong><em>et</em></strong></span> <span class='ocrx_word' id='word_1_273' title='bbox 973 4074 1095 4144; x_wconf 84' lang='lat' dir='ltr'><strong><em>unitas</em></strong></span> <span class='ocrx_word' id='word_1_274' title='bbox 1117 4096 1218 4164; x_wconf 87' lang='lat' dir='ltr'><strong><em>repu-</em></strong></span> 
     </span>
     <span class='ocr_line' id='line_1_37' title="bbox 191 4179 1220 4273; baseline -0.004 -20"><span class='ocrx_word' id='word_1_275' title='bbox 191 4184 231 4254; x_wconf 90' lang='lat' dir='ltr'><strong><em>in</em></strong></span> <span class='ocrx_word' id='word_1_276' title='bbox 252 4183 393 4253; x_wconf 89' lang='lat' dir='ltr'><strong><em>naturis</em></strong></span> <span class='ocrx_word' id='word_1_277' title='bbox 423 4189 459 4252; x_wconf 91' lang='lat' dir='ltr'><strong><em>ct</em></strong></span> <span class='ocrx_word' id='word_1_278' title='bbox 488 4182 740 4273; x_wconf 84' lang='lat' dir='ltr'><strong><em>hypostasibus</em></strong></span> <span class='ocrx_word' id='word_1_279' title='bbox 771 4183 898 4251; x_wconf 88' lang='lat' dir='ltr'><strong><em>finitis.</em></strong></span> <span class='ocrx_word' id='word_1_280' title='bbox 926 4179 1096 4265; x_wconf 81' lang='lat' dir='ltr'><strong><em>Quamvis</em></strong></span> <span class='ocrx_word' id='word_1_281' title='bbox 1127 4179 1220 4250; x_wconf 86' lang='lat' dir='ltr'><strong><em>enim</em></strong></span> 
     </span>
     <span class='ocr_line' id='line_1_38' title="bbox 188 4287 1218 4381; baseline -0.008 -18"><span class='ocrx_word' id='word_1_282' title='bbox 188 4296 329 4375; x_wconf 85' lang='lat' dir='ltr'><strong><em>sereret,</em></strong></span> <span class='ocrx_word' id='word_1_283' title='bbox 355 4291 423 4360; x_wconf 88' lang='lat' dir='ltr'><strong><em>sibi</em></strong></span> <span class='ocrx_word' id='word_1_284' title='bbox 446 4290 498 4359; x_wconf 90' lang='lat' dir='ltr'><strong><em>ita</em></strong></span> <span class='ocrx_word' id='word_1_285' title='bbox 520 4299 736 4381; x_wconf 82' lang='lat' dir='ltr'><strong><em>perspectam</em></strong></span> <span class='ocrx_word' id='word_1_286' title='bbox 759 4313 835 4361; x_wconf 86' lang='lat' dir='ltr'><strong><em>esse</em></strong></span> <span class='ocrx_word' id='word_1_287' title='bbox 858 4290 1085 4365; x_wconf 85' lang='lat' dir='ltr'><strong><em>intrinsecam</em></strong></span> <span class='ocrx_word' id='word_1_288' title='bbox 1111 4287 1218 4358; x_wconf 88' lang='lat' dir='ltr'><strong><em>ratio-</em></strong></span> 
     </span>
     <span class='ocr_line' id='line_1_39' title="bbox 188 4393 1221 4490; baseline -0.007 -20"><span class='ocrx_word' id='word_1_289' title='bbox 188 4399 308 4470; x_wconf 83' lang='lat' dir='ltr'><strong><em>entise</em></strong></span> <span class='ocrx_word' id='word_1_290' title='bbox 322 4404 361 4468; x_wconf 87' lang='lat' dir='ltr'><strong><em>et</em></strong></span> <span class='ocrx_word' id='word_1_291' title='bbox 374 4397 579 4490; x_wconf 83' lang='lat' dir='ltr'><strong><em>hypostasis</em></strong></span> <span class='ocrx_word' id='word_1_292' title='bbox 596 4399 729 4484; x_wconf 79' lang='lat' dir='ltr'><strong><em>finitae,</em></strong></span> <span class='ocrx_word' id='word_1_293' title='bbox 748 4397 986 4476; x_wconf 65' lang='lat' dir='ltr'><strong><em>uternense-</em></strong></span> <span class='ocrx_word' id='word_1_294' title='bbox 1000 4393 1221 4485; x_wconf 83' lang='lat' dir='ltr'><strong><em>intelligeret</em></strong></span> 
     </span>
    </p>
   </div>
   <div class='ocr_carea' id='block_1_4' title="bbox 0 0 1595 4950">
    <p class='ocr_par' dir='ltr' id='par_1_6' title="bbox 0 0 1595 4950">
     <span class='ocr_line' id='line_1_40' title="bbox 0 0 1595 4950; baseline 0 0"><span class='ocrx_word' id='word_1_295' title='bbox 0 0 1595 4950; x_wconf 95' lang='lat' dir='ltr'><strong><em> </em></strong></span> 
     </span>
    </p>
   </div>
  </div>
 </body>
</html>
