3172 4950
453 350 455 354 ,
863 320 902 336 -
926 286 985 351 110
1008 320 1047 336 -

368 398 461 469 Hine
494 398 600 468 etiam
635 396 759 465 Patres
793 400 869 466 tum
891 400 974 465 ante
995 402 1073 466 tum
1096 401 1176 488 post
1205 393 1401 464 Concilium
1423 394 1541 466 Nioae

367 531 449 576 num
472 507 539 577 hae
570 506 801 576 similitudine
831 504 923 576 lueis
945 528 987 576 ao
1010 504 1207 596 splendoris
1230 526 1253 573 a
1274 503 1353 574 luee
1384 504 1539 597 frequen·

368 615 501 685 tissime
525 616 582 685 usi
613 621 696 684 suut
719 614 764 684 ad
785 613 1031 698 declarandam
1054 612 1313 683 distinctionem
1336 617 1375 682 et
1399 613 1540 681 oonsub-

369 723 642 793 stantialitatem
671 723 789 791 Patris
813 743 854 791 ao
876 720 977 791 Filii.
1012 720 1071 791 Sio
1103 720 1324 790 Athanasius
1346 721 1394 791 ad
1425 720 1543 790 contin

367 832 527 901 mandam
550 831 668 900 Patris
691 837 728 900 et
750 830 837 898 Filii
861 828 1300 899 consubstantiabilitatem
1324 829 1438 897 verba
1461 830 1543 898 oitut

367 939 593 1029 Theognosti,
612 938 673 1032 qui
689 938 827 1008 scholae
840 937 1074 1008 eateohetioae
1085 936 1322 1006 Alexandriae
1335 938 1541 1029 praefuerat

366 1048 411 1116 ab
422 1070 513 1117 anno
525 1048 604 1116 270:
624 1047 731 1118 «Non
742 1048 959 1117 extrinsecus
972 1046 1165 1117 adinventa
1176 1052 1231 1114 ast
1241 1045 1328 1115 Filii
1341 1046 1543 1115 substantie

367 1179 477 1249 neque
498 1179 541 1226 ex
564 1180 633 1225 non
656 1157 878 1226 exstantibus
899 1155 1038 1240 educta,
1065 1154 1124 1223 sed
1140 1177 1182 1224 ex
1197 1155 1317 1223 Patris
1340 1155 1540 1224 substantia

366 1271 432 1350 eat,
451 1271 492 1333 ut
506 1264 597 1334 lueis
611 1264 787 1356 splendor,
805 1271 848 1334 ut
863 1285 974 1356 aquae
991 1284 1100 1354 vapor
1117 1259 1168 1349 (ὡς
1184 1285 1235 1327 του
1259 1284 1353 1354 poreq
1382 1285 1416 1326 το
1446 1258 1539 1328 &aaa

366 1394 487 1461 ysopa,
506 1373 543 1447 ὠς
559 1367 665 1446 ὕδατος
682 1366 797 1463 ἀτμις);
817 1394 926 1464 neque
948 1371 1041 1440 euim
1065 1370 1228 1462 splendor
1251 1377 1316 1440 ant
1338 1393 1454 1462 vapor
1467 1371 1540 1462 ipsa

365 1502 458 1574 aqua
480 1480 537 1551 vel
560 1482 634 1572 ipse
658 1481 710 1551 sol
726 1487 791 1568 est,
811 1503 922 1573 neque
945 1502 1072 1549 rursus
1093 1478 1230 1570 aliquid
1246 1485 1301 1548 est
1315 1478 1473 1548 alienum
1485 1479 1541 1548 sed

365 1594 419 1658 est
434 1589 609 1658 emanatio
629 1585 797 1681 (ἀπσρῤεια)
814 1590 1032 1659 substantiae
1048 1588 1180 1673 Patris,
1199 1589 1252 1656 ita
1263 1595 1392 1674 tamen,
1411 1589 1538 1657 utnul-

365 1696 435 1764 lam
451 1696 657 1766 divisionem
680 1697 800 1767 Patris
824 1696 1024 1765 substantia
1040 1695 1089 1765 sit
1103 1717 1267 1786 perpessa
1279 1722 1296 1757 n
1314 1701 1383 1764 eto.
1402 1694 1536 1765 Athon.

365 1803 407 1872 de
430 1803 559 1872 decret.
573 1804 652 1874 Nio.
666 1828 701 1874 n.
717 1804 774 1873 25.
793 1802 883 1873 Vide
907 1803 944 1872 S.
962 1802 1183 1894 Pamphilum
1197 1801 1346 1893 Apolog.
1362 1826 1393 1872 o.
1409 1801 1444 1871 3.
1459 1809 1496 1872 et
1506 1806 1536 1872 5.

365 1910 546 1997 (Galland.
568 1911 633 1982 IV.
656 1936 692 2003 p.
707 1913 763 1981 16.
777 1912 848 2000 24),
866 1917 903 1981 et
924 1911 1048 1980 Patres
1071 1910 1160 1980 ulios
1182 1909 1275 2001 apud
1299 1910 1423 1981 Petav.
1455 1911 1480 1982 l.
1494 1911 1537 1981 V.

366 2040 397 2086 o.
415 2017 448 2085 8.
466 2040 502 2087 u.
523 2018 577 2088 ll.
596 2043 659 2112 sq.

432 2123 627 2196 Secundum
645 2127 729 2197 haee
745 2128 849 2196 etiam
867 2125 1024 2216 intelligi
1035 2127 1173 2212 debent,
1189 2148 1277 2220 quae
1292 2127 1465 2218 leguntur
1476 2128 1539 2199 lde·

366 2232 461 2303 olesi.
481 2234 614 2320 XXIV,
633 2235 665 2303 si
677 2237 768 2304 forta
780 2235 831 2304 ibi
843 2257 904 2326 per
916 2258 952 2304 se
966 2236 1261 2306 sensusvideatur
1274 2237 1390 2306 minus
1401 2259 1539 2329 expres·

365 2364 437 2410 aus.
454 2342 648 2433 Sapientia,
661 2366 723 2434 per
735 2365 839 2437 quam
854 2350 1009 2413 oreatum
1021 2350 1076 2413 est
1085 2344 1300 2428 universum,
1315 2366 1419 2437 aqua
1431 2345 1539 2414 omnis

364 2448 539 2539 sapientia
568 2450 750 2539 gentium,
774 2472 797 2519 a
821 2472 891 2543 qua
914 2452 1099 2542 praecipue
1121 2451 1194 2521 Lex
1217 2457 1254 2520 et
1278 2451 1538 2522 Testamentum

363 2561 400 2625 et
411 2557 638 2626 caerimoniae
650 2564 686 2627 at
698 2557 873 2648 sapientia
887 2558 1008 2650 populi
1022 2558 1100 2644 Dei,
1119 2558 1205 2629 haee
1220 2559 1343 2628 diviua
1359 2558 1540 2650 Sapientia

364 2666 418 2732 ait
440 2664 482 2733 de
505 2687 541 2733 se
563 2666 653 2756 ipsa:
681 2696 698 2731 u
715 2688 780 2754 ego
802 2687 845 2735 ex
867 2689 925 2736 one
940 2651 1120 2735 Altissimi
1142 2666 1281 2758 prodivi
1305 2667 1539 2757 primogenita

362 2779 443 2840 ante
466 2795 597 2841 omnem
621 2781 884 2843 amatunam...
910 2775 955 2843 ab
978 2775 1081 2843 initio
1096 2781 1230 2844 stante
1253 2775 1395 2844 saeoulo
1418 2781 1538 2845 mesu

364 2902 466 2963 sum,
491 2886 528 2949 et
550 2903 659 2973 usque
683 2881 728 2951 ad
752 2884 913 2951 futurum
943 2883 1120 2953 saeculum
1155 2906 1224 2952 non
1246 2883 1400 2953 desinam
1420 2912 1438 2947 n
1463 2883 1538 2954 Eo-

362 2985 459 3055 olesi.
476 2986 609 3059 XXIV.
630 2992 663 3057 5.
683 2989 737 3075 14,
764 3012 852 3083 quaa
875 2990 1061 3060 manifesto
1085 2991 1256 3082 parallela
1279 2996 1363 3060 suut
1387 2991 1537 3061 celebra·

360 3093 450 3163 tioni
474 3094 675 3186 Sapientiae
698 3099 802 3169 Pnov.
822 3099 924 3168 VIII.
944 3100 1000 3168 22:
1030 3130 1046 3163 u
1064 3100 1234 3168 Dominus
1258 3099 1414 3190 possedit
1430 3122 1484 3169 ma
1499 3100 1534 3168 in

362 3201 465 3270 initio
489 3204 625 3273 viarum
649 3228 811 3276 suarum.
826 3259 857 3276 ..
876 3213 957 3277 ante
980 3206 1087 3277 oollae
1102 3231 1168 3298 ego
1184 3207 1407 3299 parturiebar
1425 3236 1458 3277 s.
1470 3207 1534 3276 Eo

363 3308 545 3400 demergo
568 3313 666 3382 modo
689 3313 730 3384 de
754 3314 937 3406 Sapientia
952 3315 1176 3407 hypostatica
1198 3322 1236 3384 et
1259 3315 1382 3405 genita
1405 3314 1534 3385 intelli·

363 3418 477 3507 gendo
499 3428 595 3490 suut.
