3172 4950
860 340 898 356 ..
923 310 982 373 ιω
1002 342 1039 356 -

367 439 406 488 ss
426 421 464 487 et
485 436 640 486 seorsum
663 415 795 505 sumpti
817 416 954 507 possint
967 414 1182 508 signifioara,
1199 420 1236 485 ot
1251 434 1360 484 sanan
1376 411 1542 483 obviora

368 543 453 597 vera
475 524 724 617 significarent
739 523 872 595 Filium
887 532 1017 594 natura
1039 546 1061 592 a
1084 522 1189 593 Patre
1211 521 1422 592 distinotum
1437 520 1542 592 aoiu·

367 633 542 704 seriorem.
556 635 629 704 Imo
645 634 839 704 locutiones
855 634 1013 724 gaminae
1037 637 1228 703 oeonrrnnt
1241 653 1310 700 uon
1332 650 1418 699 raro
1440 651 1543 720 penes

366 740 490 811 Patres
502 741 609 812 etiam
619 748 698 833 post
709 742 900 813 Nioaennm
910 741 1105 812 Concilium
1119 764 1177 812 sos
1194 741 1301 832 ipsos,
1319 739 1386 832 qni
1399 738 1541 808 oonsnu

368 851 639 921 stantialitatsm
662 851 750 920 Filii
773 874 850 921 oum
882 851 987 921 Patre
1017 850 1187 920 adversus
1213 848 1369 918 Arianos
1396 846 1541 916 maxime

371 958 610 1028 riudioabant.
635 956 736 1029 Unde
758 959 851 1050 apud
867 959 931 1028 hos
953 956 1163 1051 posteriores
1185 979 1284 1029 namo
1306 955 1465 1048 prudeus
1485 954 1541 1025 du·

369 1065 473 1150 bitat,
500 1067 585 1159 quin
608 1067 768 1137 duriores
790 1067 875 1136 illas
896 1067 1067 1137 formulae
1090 1067 1128 1136 iu
1152 1080 1291 1137 rausum
1312 1062 1540 1133 orthodoxum

370 1173 595 1266 explicandae
618 1176 703 1246 sint.
721 1176 796 1244 Hoo
812 1197 895 1244 vero
910 1175 1025 1265 ipsum
1036 1174 1107 1243 iam
1122 1171 1379 1264 praeiudioinm
1394 1175 1452 1241 est
1465 1190 1538 1261 gra·

370 1281 569 1368 vissimum,
595 1284 732 1354 easdem
754 1284 861 1353 etiam
884 1283 928 1352 ab
950 1282 1209 1375 antiquioribus
1224 1280 1290 1352 hoo
1304 1278 1540 1351 teutomodo

369 1414 473 1462 seusu
489 1394 661 1464 catholieo
676 1392 856 1463 adhibitas
873 1393 995 1462 fuisse.
1014 1392 1066 1460 At
1081 1413 1149 1460 non
1165 1395 1387 1460 ooarotumur
1397 1388 1445 1458 ud
1457 1387 1539 1459 hano

372 1500 482 1571 solum
506 1500 796 1592 comparationem
819 1523 897 1570 oum
919 1501 1085 1570 Patribus
1102 1498 1307 1590 posterioris
1322 1496 1468 1583 aetatis,
1484 1495 1537 1567 aad

371 1614 412 1677 nt
434 1608 503 1677 iam
527 1608 762 1678 indioavimns
784 1608 878 1678 iuter
900 1606 1074 1699 principis
1104 1605 1308 1697 generalia,
1340 1603 1385 1672 de
1416 1602 1536 1696 quibus

371 1714 505 1785 dietum
527 1721 583 1784 est
604 1715 641 1784 iu
664 1717 733 1784 fine
755 1715 867 1785 thesis
890 1714 1151 1799 autsoedeutis,
1177 1714 1302 1788 Patres
1323 1710 1384 1782 illi
1405 1708 1534 1781 anteni-

370 1822 468 1892 oaeui
491 1823 560 1913 ipsi
583 1824 731 1893 tradunt
752 1824 947 1894 doctrinam
970 1822 1239 1892 disertissimam
1261 1820 1305 1890 de
1327 1819 1471 1890 unitata
1491 1815 1536 1887 di·

370 1929 473 1999 viuae
496 1936 644 2002 naturae
667 1955 736 2000 non
758 1931 1053 2023 multiplicabilis,
1070 1936 1107 2001 et
1121 1930 1163 1999 de
1184 1928 1278 2000 Filio
1301 1928 1363 2020 qui
1387 1925 1536 1997 onmPa

368 2043 425 2107 tra
446 2043 500 2107 est
522 2059 613 2106 uuus
637 2061 742 2108 verns
764 2039 870 2108 Deua.
890 2039 1008 2122 Quare
1030 2060 1072 2107 aa
1094 2037 1221 2123 omnia,
1246 2058 1335 2128 qnae
1358 2035 1538 2126 proterunt

370 2144 412 2215 de
435 2143 660 2215 distinetione
683 2145 802 2216 Patris
825 2151 862 2214 et
883 2145 982 2231 Filii,
999 2167 1068 2214 uon
1091 2149 1237 2235 possunt
1260 2143 1390 2214 habere
1405 2162 1537 2211 seusun

370 2251 495 2337 illum,
528 2275 596 2345 quo
633 2252 748 2344 ipsum
785 2253 998 2344 principium
1035 2250 1295 2321 fundamentale
1324 2251 1538 2321 subvertere·

369 2367 452 2446 tur;
485 2381 554 2428 uon
584 2366 731 2450 possunt
752 2361 895 2452 iuquam
925 2359 1081 2450 intelligi
1105 2359 1146 2429 de
1169 2357 1408 2443 distinetione,
1438 2378 1538 2450 eoquo

368 2467 484 2536 minus
507 2466 548 2536 de
572 2467 782 2538 diversitate
805 2472 964 2553 naturae,
990 2467 1050 2537 sed
1072 2465 1266 2536 necessario
1289 2463 1537 2556 intelliguntur

370 2573 607 2643 tantummodo
619 2574 662 2643 de
673 2573 900 2644 distinetione
915 2573 1035 2643 Patris
1049 2578 1089 2643 et
1101 2572 1201 2659 Filii,
1220 2572 1418 2643 formaliter
1434 2579 1475 2642 ut
1488 2576 1539 2643 ost

369 2680 475 2749 Pater
496 2679 721 2771 principium,
739 2680 856 2750 Filius
878 2680 1066 2771 procedens
1082 2700 1104 2748 a
1118 2679 1303 2771 principio,
1322 2678 1359 2748 h.
1377 2701 1409 2749 e.
1427 2680 1471 2749 de
1491 2677 1538 2748 di·

369 2787 556 2857 stiuotioue
579 2810 827 2879 personarum,
854 2788 956 2858 salva
979 2809 1019 2858 ae
1043 2789 1184 2878 integra
1214 2792 1374 2857 manento
1405 2787 1538 2857 unitate

369 2896 513 2966 deitatis
537 2897 612 2966 siva
635 2902 782 2966 naturae
805 2896 959 2967 divinas.
978 2896 1098 2989 Neque
1121 2918 1204 2967 vero
1235 2894 1432 2965 locutiones
1454 2895 1539 2964 istae

370 3003 582 3075 difficiliores
606 3011 690 3074 snut
712 3004 904 3090 eiusmodi,
938 3027 1026 3097 quae
1059 3027 1198 3076 sensum
1229 3002 1445 3074 catholionm
1472 3024 1537 3071 nou

369 3109 581 3197 admittant,
607 3111 788 3181 dnmmodo
811 3111 1032 3197 advertatur,
1059 3111 1143 3203 quid
1166 3111 1290 3180 Patres
1312 3110 1357 3178 ab
1379 3109 1538 3179 adversa

369 3217 435 3286 riis
469 3240 667 3288 conoessum
701 3225 922 3310 supponant,
961 3219 1132 3288 unitatem
1167 3216 1335 3288 videlieet
1370 3215 1536 3301 daimon,

369 3323 454 3415 quid
484 3326 529 3393 ab
559 3324 682 3395 iisdem
712 3325 928 3395 adversariis
951 3330 1118 3415 negatum
1140 3323 1295 3394 obtinere
1325 3323 1466 3409 velint,
1490 3320 1537 3391 di·

370 3430 590 3502 atiuotiouem
613 3455 733 3524 nempe
763 3432 892 3503 realem
921 3432 1009 3502 Filii
1039 3432 1266 3502 subsistentis
1288 3453 1311 3499 a
1331 3432 1441 3503 Patre
1467 3428 1539 3501 sula

369 3538 527 3611 sistente.

435 3649 633 3720 Versantur
656 3673 772 3721 omnes
795 3649 878 3719 illae
901 3648 1095 3720 loontioues
1118 3648 1214 3719 oiroe
1241 3653 1393 3739 quotuor
1425 3645 1540 3738 sapito

370 3757 548 3828 doetrinae
572 3757 765 3828 catholicae
788 3781 831 3828 ex
863 3756 951 3848 ipsis
985 3755 1181 3846 Soriptnria
1211 3755 1418 3846 desumpta:
1452 3753 1541 3847 quod

371 3866 413 3935 1·.
438 3866 534 3935 Deus
556 3866 661 3935 Pater
684 3871 739 3935 est
761 3865 997 3957 principium,
1022 3864 1118 3933 Deus
1147 3862 1265 3933 Filius
1294 3868 1349 3932 ast
1371 3882 1415 3931 ex
1438 3862 1540 3931 Patre

281 3968 283 3970 ’
370 3971 523 4062 genitum
549 3971 594 4040 2⁹.
618 3972 723 4041 Pater
745 3971 878 4043 Filium
901 3993 968 4039 uon
992 3969 1216 4061 generatione
1233 3967 1411 4038 materiali
1432 3972 1471 4039 et
1490 3966 1541 4037 iu·

370 4085 445 4148 star
469 4080 592 4149 brutae
615 4085 774 4165 naturae,
800 4080 859 4149 sed
882 4079 1020 4148 interno
1042 4085 1126 4147 aotu
1149 4075 1386 4147 intellectuali
1400 4083 1439 4147 et
1453 4080 1540 4146 aare

370 4208 436 4254 nus
458 4185 563 4255 Pater
586 4187 700 4255 volsas
721 4187 858 4279 genuit,
877 4188 967 4280 quod
984 4187 1035 4254 δ”.
1054 4185 1266 4255 DansPater
1281 4182 1542 4275 oreavitomuia

370 4297 406 4363 et
429 4299 593 4385 operatur
616 4295 662 4365 ad
684 4301 785 4367 extra
807 4318 868 4386 per
891 4295 1045 4365 Verbum
1076 4316 1178 4365 snum
1212 4315 1274 4364 asu
1300 4314 1363 4384 per
1384 4291 1538 4375 riuum,

371 4400 461 4493 qnod
483 4400 528 4470 4·.
552 4401 669 4472 Filius
692 4402 819 4473 missua
841 4423 864 4471 a
885 4401 991 4472 Patre
1013 4401 1051 4471 iu
1074 4400 1320 4472 Iuoaruationa
1342 4404 1379 4469 et
1393 4396 1541 4470 velutin
