3180 4944
693 316 732 332 -
754 286 814 347 498
834 316 872 333 -

200 384 274 478 mr,
289 391 371 462 vide
394 412 501 480 supra
523 415 557 479 p.
567 390 647 478 162)
670 389 891 480 praecipuam
918 388 1090 481 quandam
1122 392 1237 457 uotsm
1261 388 1344 459 hahet

208 519 292 568 suae
314 497 563 588 hypostaseos,
590 496 680 588 quod
702 518 777 564 esse
791 496 931 565 Patrem
953 502 989 565 et
1011 518 1032 562 a
1055 494 1157 565 nulla
1172 517 1272 565 causa
1285 498 1345 565 suh

208 605 332 675 sistere
356 603 450 672 selus
473 603 577 672 habet
592 629 608 665 n
635 603 672 673 S.
686 603 797 672 Basil.
813 625 867 693 ep.
878 603 933 672 38.
950 602 1051 672 1143.
1065 627 1102 671 n.
1113 603 1148 674 4.
1162 601 1345 673 Commenta

207 712 300 782 rium
323 710 367 778 ad
384 709 473 779 hanc
502 710 632 779 Basilii
661 710 854 779 doctrinam
885 709 1051 779 habemus
1080 711 1125 777 ab
1155 708 1231 779 eius
1258 710 1345 780 fratrc

208 817 378 908 Gregorio
400 816 560 905 Nysseno
582 822 658 886 tum
680 816 750 885 1.1.
770 821 881 885 contr.
898 815 1045 885 Eunom.
1066 820 1144 884 tum
1166 835 1221 904 ep.
1238 814 1279 883 sd
1295 815 1344 885 At

206 922 277 991 lab.
289 921 374 990 locis
386 921 571 1012 descriptis
583 942 689 1012 supra
699 944 735 1012 p.
744 921 824 989 455.
837 920 947 990 Docet
961 921 1012 988 ibi
1023 920 1218 1010 Gregorius
1229 920 1341 1007 diserte,

207 1027 467 1099 distinctionem
490 1028 582 1097 inter
611 1048 776 1118 personas
806 1027 946 1098 divinas
974 1014 1249 1119 nominatimque
1275 1029 1342 1098 inter

206 1135 338 1205 Filium
360 1141 396 1203 et
410 1133 582 1224 Spiritum
606 1135 771 1204 Sanctum
793 1134 927 1204 nullam
950 1156 1025 1203 osse
1040 1133 1112 1202 nisi
1126 1134 1261 1203 ratione
1274 1135 1341 1225 prin·

208 1242 305 1332 cipii,
331 1240 421 1332 quod
444 1262 513 1309 una
537 1242 705 1330 originem
727 1240 834 1310 habet
856 1243 900 1309 ab
922 1242 1052 1328 altera;
1085 1240 1232 1332 pendere
1252 1242 1341 1332 itaquo

208 1349 379 1441 Spiritum
403 1348 568 1418 Sanctum
591 1370 612 1415 a
633 1348 727 1417 Filio
749 1371 789 1417 eo
812 1371 927 1434 sensu,
948 1371 1016 1439 quo
1038 1348 1157 1417 Filius
1181 1371 1246 1414 eme
1265 1347 1341 1415 habet

207 1458 364 1526 aPatro.
379 1456 468 1524 Tum
489 1455 689 1525 differentia
710 1455 803 1524 inter
826 1457 1074 1546 processionem
1089 1454 1180 1524 Filii
1202 1460 1238 1523 et
1259 1453 1340 1544 Spiri·

206 1570 266 1633 tus
289 1562 411 1631 Sancti
433 1582 454 1628 a
475 1560 582 1631 Patre
604 1561 747 1632 docetur
770 1585 843 1632 esse
858 1584 910 1647 oa,
937 1561 1027 1654 quod
1050 1581 1201 1652 persona
1221 1558 1341 1630 secunda

207 1670 323 1739 Filius
339 1672 448 1738 estex
464 1667 577 1757 prima
592 1689 738 1758 persona
749 1672 908 1760 proxime
933 1665 1100 1759 (προσεχως
1113 1663 1148 1731 ἐκ
1163 1689 1215 1732 του
1226 1664 1339 1757 spero),

207 1776 245 1845 h.
259 1798 288 1845 e.
303 1775 403 1844 nulla
424 1773 497 1842 alia
518 1796 664 1864 persona
685 1776 893 1866 interposita
916 1782 952 1846 et
973 1776 1051 1845 ideo
1072 1774 1190 1844 Filius
1217 1781 1269 1842 est
1286 1773 1338 1841 uui·

208 1882 362 1974 genitus,
380 1881 406 1951 i.
425 1903 454 1949 e.
471 1883 613 1971 genitus
635 1904 678 1951 ex
701 1884 805 1953 unica
827 1904 972 1974 persona
994 1883 1126 1973 prima;
1152 1887 1270 1951 contra
1287 1878 1338 1968 Spi·

206 1990 301 2059 ritus
324 1987 475 2058 Sanctus
498 2010 643 2078 persona
665 1991 773 2059 tertia
795 1996 831 2059 et
853 1990 928 2080 ipso
952 1989 1089 2082 quidem
1111 1995 1167 2058 est
1194 2009 1236 2056 ex
1257 1986 1339 2076 princ

207 2114 356 2186 persona
378 2094 437 2162 sed
460 2117 528 2162 non
545 2098 704 2185 procime
725 2098 761 2164 h.
776 2119 807 2165 e.
822 2120 890 2165 non
909 2119 951 2165 ex
975 2096 1050 2164 sola
1071 2096 1183 2186 prima
1204 2110 1336 2183 persone,

209 2223 330 2272 verum
353 2224 415 2291 per
437 2202 619 2270 secundam
642 2225 683 2273 ex
707 2204 820 2292 prima
841 2226 913 2289 seu,
948 2210 990 2273 ut
1012 2205 1065 2273 ait
1085 2203 1283 2291 Nyssenus,
1301 2207 1337 2271 ir·

207 2308 377 2397 terposita
397 2313 544 2398 persona
566 2309 738 2394 secunda,
764 2310 854 2401 quod
876 2310 1015 2378 dixerat
1041 2309 1198 2381 Basilius
1226 2311 1337 2382 monile·

210 2415 395 2485 stationem
418 2414 573 2505 Spiritus
596 2415 717 2485 Sancti
736 2430 838 2506 oport
862 2417 1038 2486 Filium.»
1064 2417 1157 2488 Hinc
1183 2420 1243 2506 fit,
1264 2419 1338 2487 aiunt

208 2526 283 2590 tum
307 2520 499 2611 Gregorius
521 2528 596 2590 tum
625 2522 804 2608 Basilius,
836 2528 879 2592 ut
910 2524 953 2592 1·.
977 2523 1073 2591 solus
1102 2521 1219 2595 Filius
1246 2525 1287 2594 sit
1307 2542 1336 2590 ex

208 2628 315 2697 unica
336 2650 482 2717 persona
507 2620 552 2716 (rc
573 2649 725 2716 μονογενες
755 2628 803 2694 ἐπι
831 2650 883 2693 του
911 2628 972 2693 meo
999 2651 1078 2716 μενει
1095 2658 1127 2682 =
1145 2654 1229 2717 μονος
1243 2648 1334 2717 perese-

209 2758 263 2807 νως
287 2731 472 2823 ἑκλαμψας);
500 2734 656 2824 Spiritus
679 2734 770 2804 enim
793 2735 862 2802 iam
878 2757 946 2802 nou
969 2757 1011 2804 ex
1034 2758 1104 2805 una
1127 2737 1186 2806 sed
1217 2760 1257 2806 ex
1274 2734 1334 2803 doc·

207 2842 272 2909 hus
284 2846 338 2910 est
347 2841 515 2930 personis.
538 2840 637 2909 Unde
650 2841 691 2908 2⁶.
714 2846 755 2908 ut
765 2839 946 2929 Nyssenus
962 2840 1132 2932 loquitur,
1147 2845 1337 2931 personstcr·

205 2946 259 3016 tia
282 2953 336 3017 est
358 2947 462 3015 etiam
485 2970 526 3015 ex
544 2948 657 3037 prima
672 2946 732 3016 sed
747 2968 790 3016 ex
805 2947 918 3036 prima
932 2969 994 3036 per
1017 2947 1203 3016 secundam
1224 2945 1338 3016 median

212 3048 258 3140 (ἐκ
276 3074 327 3117 του
344 3073 461 3143 πρωτου
477 3046 527 3116 δια
544 3075 595 3116 του
613 3074 767 3144 προσεχως
784 3052 817 3115 ἐκ
835 3075 886 3116 του
904 3075 1031 3144 sparos,
1059 3076 1112 3126 της
1137 3076 1187 3119 rec
1208 3054 1264 3119 dccv
1276 3074 1338 3139 pecc·

207 3181 286 3231 τειας
297 3181 340 3245 μη
352 3158 550 3250 ἀπειργουσης
562 3181 593 3224 ro
608 3181 723 3244 πνευμα
731 3181 784 3233 της
794 3181 920 3251 proram
934 3182 1005 3251 προς
1016 3182 1065 3225 τον
1078 3184 1194 3254 merope
1205 3150 1336 3249 σχεσεως).

206 3263 281 3331 Ηοο
303 3263 393 3331 idem
408 3264 547 3334 dixerat
561 3263 795 3334 Athanasius:
817 3264 1001 3355 «Spiritus
1018 3289 1058 3332 ecc
1074 3267 1183 3335 Patre
1192 3262 1341 3358 precedes

207 3367 362 3454 dieitur,
387 3373 473 3461 quio
496 3371 637 3461 effclpet
660 3394 701 3438 ea·
725 3372 841 3453 Verbo,
866 3372 956 3462 quod
972 3394 1014 3440 ex
1028 3373 1136 3442 Patre
1152 3397 1227 3443 esso
1241 3374 1274 3441 in
1286 3392 1341 3441 con·

206 3476 298 3544 fesso
320 3481 384 3565 est;
401 3502 417 3538 n
432 3482 468 3546 et
489 3477 656 3547 Basilius:
678 3477 863 3567 «Spiritus
881 3477 1074 3546 immediate
1089 3502 1166 3549 cum
1182 3480 1272 3548 Filio
1285 3498 1340 3547 con·

208 3581 365 3674 cipitur,
392 3590 429 3653 et
450 3583 566 3653 Filius
593 3584 766 3677 Spiritum
794 3608 835 3652 em
868 3586 975 3653 Patre
996 3586 1229 3673 procedentem
1248 3608 1303 3674 per
1321 3601 1343 3647 ee

207 3689 319 3777 ipsum
342 3704 374 3757 et
390 3714 496 3757 secem
516 3693 589 3779 ipso
606 3691 810 3778 manifestat
827 3690 922 3759 solus
945 3690 1126 3779 unigenite
1148 3690 1340 3780 effulgerem

271 3794 363 3863 Mihi
386 3803 478 3865 certe
501 3796 567 3866 hac
589 3795 803 3883 Athanasii,
831 3797 977 3883 Basilii,
1005 3797 1170 3885 Gregorii
1200 3811 1342 3885 compare

207 3899 301 3968 tione
317 3901 409 3970 inter
431 3903 634 3972 relationem
657 3903 744 3972 Filii
767 3905 811 3973 ad
842 3904 954 3973 solum
983 3904 1123 3972 Patrem
1151 3910 1193 3973 ut
1214 3905 1255 3974 ad
1270 3900 1341 3994 prin·

206 4004 348 4094 cipium,
374 4014 410 4076 et
430 4010 525 4079 inter
546 4010 750 4081 relationem
772 4034 844 4097 seu,
862 4016 904 4080 ut
925 4011 1129 4102 loquuntur,
1147 4008 1339 4101 pendentium

207 4109 364 4201 Spiritus
387 4114 508 4183 Sancti
531 4138 598 4184 non
621 4138 664 4186 ex
687 4117 759 4185 solo
781 4116 886 4185 Patre
902 4116 961 4185 sed
974 4139 1017 4185 ox
1035 4116 1138 4184 Patre
1154 4139 1216 4205 per
1236 4113 1340 4183 Filium

206 4221 243 4285 01
265 4217 472 4311 interposito
493 4220 588 4290 Filio
616 4219 680 4309 (της
703 4245 761 4307 του,
776 4221 837 4287 tirou
863 4218 1024 4314 μεσιτειας)
1050 4223 1193 4293 videtur
1215 4246 1275 4291 non
1293 4216 1336 4286 uri·

205 4344 273 4395 nus
296 4325 388 4396 clere
411 4332 447 4396 et
468 4350 510 4396 ex
532 4337 633 4420 parte
654 4330 760 4402 etiam
789 4330 993 4401 distinctius
1021 4330 1167 4423 proponi
1195 4330 1289 4401 Pater
1311 4325 1338 4392 el
