3172 4950
700 308 738 322 ..
761 276 819 336 163
840 307 878 321 -

276 387 311 468 a)
334 380 377 448 In
401 379 656 470 comparatione
680 379 726 446 ad
748 395 847 447 satra
871 396 948 447 oum
972 379 1145 447 creaturis
1167 383 1303 447 natura
1322 368 1372 446 Fi·

207 489 251 559 lii
273 495 328 558 est
360 488 655 581 propinquissima
680 488 800 573 Patri,
827 487 910 580 qnia
932 486 1048 556 Filius
1071 494 1127 556 εει
1156 487 1372 577 generatione

207 596 518 665 consubstantialis
534 597 648 687 imago
664 597 794 682 Patris,
814 595 976 688 splendor
995 590 1217 683 (ἀπανγασμα)
1233 593 1369 683 gloriae,

208 712 244 771 et
266 703 383 792 figura
408 697 591 796 (χαρακτηρ)
620 703 836 774 substantiae
859 704 934 773 eius
957 703 1058 790 (Heb.
1070 702 1101 771 Ι.
1116 702 1165 789 3);
1186 711 1368 785 creaturae,

208 811 325 899 angeli
349 818 385 879 et
406 811 562 880 homines
584 820 669 881 sunt
690 812 860 903 imagines
883 811 1048 900 imaginis
1071 832 1133 902 per
1154 810 1370 879 creationem.

208 916 265 985 Ita
287 918 481 1011 loquantur
504 919 626 988 Patres
650 919 851 1012 frequenter
871 917 1075 1007 (Petav.VI.
1091 920 1145 1003 5.)
1164 923 1204 986 et
1226 916 1372 985 Clemens

210 1025 353 1116 ipsemet
375 1026 551 1118 Protrept.
577 1051 612 1117 p.
631 1027 687 1095 62:
716 1033 802 1097 uest
822 1027 889 1096 Dei
910 1026 1026 1116 imago
1049 1026 1126 1095 eius
1147 1025 1324 1108 Verbum,
1345 1028 1372 1091 ει

209 1133 335 1202 mentis
358 1134 533 1223 genuinus
555 1134 692 1219 Filius,
719 1134 810 1204 lueis
832 1134 896 1203 lux
928 1135 1146 1224 archetypa3
1173 1132 1293 1223 imago
1315 1152 1372 1201 aa·

210 1245 279 1310 tem
302 1241 410 1310 Verbi
433 1250 487 1311 est
510 1242 654 1311 homo.»
680 1244 749 1312 Hie
772 1250 828 1313 est
849 1243 1012 1334 proprius
1044 1264 1192 1326 mneos,
1218 1263 1287 1333 qno
1310 1239 1372 1308 Cle

208 1371 303 1416 mens
320 1347 453 1418 Filium
469 1350 626 1440 appellat
640 1355 803 1419 naturam
819 1349 1147 1442 propinquissimam
1162 1348 1279 1434 Patri3
1297 1369 1372 1416 oom

208 1463 314 1546 parat
335 1456 429 1524 enim
451 1456 488 1524 in
513 1463 679 1526 contextu
702 1456 882 1541 homines,
908 1455 1063 1546 angelos,
1088 1455 1224 1524 Filium
1248 1453 1372 1523 ratione

208 1564 483 1657 propinquitatis
506 1565 550 1635 ad
574 1565 724 1634 Patrem:
754 1595 770 1628 a
789 1565 939 1634 interra
960 1562 1306 1654 praestantissimum
1332 1565 1372 1630 esi

209 1670 308 1739 homo
332 1672 500 1740 maximae
524 1673 561 1742 in
578 1675 689 1771 Deum
705 1673 860 1764 pietatis3
879 1672 1221 1763 praestantissimum
1236 1670 1277 1738 in
1293 1667 1372 1740 eaelo

209 1784 264 1846 εει
286 1779 455 1869 angelus,
483 1780 543 1872 qui
566 1778 642 1849 loeo
664 1780 809 1871 propius
832 1785 870 1848 et
893 1780 962 1849 iam
996 1779 1119 1871 purius
1149 1788 1316 1848 aeternae
1344 1796 1372 1843 a«

210 1884 330 1953 beatae
355 1886 449 1954 vitae
473 1893 527 1956 est
549 1886 770 1977 particeps.»
798 1886 887 1954 Tum
903 1886 1128 1977 progreditur
1151 1908 1194 1954 ex
1212 1880 1372 1954 creaturis

210 1992 255 2061 ad
278 1992 402 2079 illum,
430 1995 490 2086 qui
513 2004 567 2064 εει
590 2018 694 2086 super
719 1994 849 2064 eoelum
880 2000 917 2063 ει
949 2003 1080 2064 terram
1103 1993 1257 2084 adeoque
1283 2011 1372 2082 supa

210 2121 326 2168 omnes
350 2110 542 2172 creaturas:
571 2132 588 2167 u
606 2102 861 2192 perfectissima
883 2101 975 2170 enim
998 2124 1081 2171 vero
1104 2106 1141 2169 et
1163 2099 1372 2169 sanctissime

209 2212 247 2275 at
270 2207 418 2276 maxime
441 2210 648 2301 principalis
671 2216 707 2278 et
729 2210 903 2299 imperans
933 2217 969 2279 et
991 2208 1091 2299 regia
1119 2214 1156 2278 et
1187 2207 1372 2277 benefioen·

210 2313 348 2383 tissima
370 2323 498 2385 natura
520 2315 633 2402 Filii,
660 2339 747 2409 quae
771 2316 838 2384 soli
853 2315 1082 2407 omnipotenti
1096 2321 1151 2385 est
1164 2310 1372 2407 propinquis

211 2444 344 2491 filma.»

281 2532 314 2617 d)
337 2531 457 2601 Etiam
488 2532 525 2601 in
560 2534 815 2625 comparatione
851 2533 897 2600 ad
926 2536 1023 2600 intra
1054 2531 1245 2602 seeundum
1281 2530 1372 2619 origi

211 2662 288 2708 nem
324 2662 571 2731 personarum,
604 2641 694 2733 quod
725 2640 841 2709 Filius
873 2663 895 2708 a
918 2640 991 2708 solo
1021 2639 1149 2724 Patre,
1176 2637 1336 2729 Spiritus
1363 2655 1372 2702 l

211 2746 315 2816 Patre
338 2757 374 2817 et
395 2748 489 2817 Filio
513 2749 569 2818 vel
592 2771 614 2816 a
637 2750 741 2818 Patre
772 2772 831 2839 per
858 2747 989 2819 Filium
1020 2746 1201 2840 procedit,
1232 2745 1305 2815 diei
1327 2763 1370 2836 po

211 2861 282 2923 test
307 2853 423 2924 Filius
457 2878 540 2946 prae
572 2858 710 2947 Spiritu
740 2857 868 2926 Sancto
907 2887 922 2921 a
951 2877 1189 2948 προσεχεετατες
1216 2879 1232 2915 o
1271 2852 1370 2922 Patri

211 2963 268 3031 Ita
292 2964 328 3032 S.
349 2965 541 3054 Gregorius
563 2967 758 3056 Nyssenus:
787 2966 1103 3050 «indifferentiam,
1129 2966 1258 3058 inquit,
1285 2970 1371 3033 natu

212 3090 272 3138 ras
306 3071 508 3140 confitentes
531 3094 598 3141 non
626 3095 793 3162 negamus
824 3073 1059 3142 differentiam
1088 3074 1224 3142 ratione
1256 3060 1372 3164 prinei

212 3178 262 3268 pii
285 3184 321 3247 et
344 3180 571 3271 principiati,
597 3183 634 3249 in
657 3206 724 3274 quo
749 3182 821 3250 solo
843 3205 951 3251 unum
985 3183 1029 3250 ab
1063 3182 1174 3251 altero
1209 3181 1372 3271 distingo

214 3285 467 3376 intelligimus,
494 3289 577 3380 quia
600 3312 705 3357 unum
730 3274 902 3358 oredimus
925 3312 999 3359 esse
1027 3289 1263 3380 principium,
1289 3286 1372 3356 alini

123 3389 128 3401 ’
213 3415 256 3463 ex
280 3393 463 3485 principio.
481 3394 530 3464 Et
551 3397 589 3465 in
613 3396 689 3483 hoa,
716 3398 805 3489 quod
822 3404 877 3467 est
898 3421 972 3467 esse
995 3422 1036 3467 ex
1061 3396 1244 3488 principio,
1260 3397 1372 3466 iterun

118 3526 128 3543 ·
214 3499 320 3570 aliam
343 3500 579 3592 intelligimus
602 3504 856 3590 differentiam,
884 3528 990 3573 unum
1020 3505 1109 3573 enim
1142 3503 1313 3590 (Filius)
1334 3525 1372 3571 es

209 3611 369 3696 prooeime
391 3612 578 3699 exprimo,
603 3611 702 3680 aliud
726 3611 898 3702 (Spiritus
922 3611 1087 3697 Sanetus)
1110 3616 1164 3680 est
1186 3634 1248 3700 per
1272 3608 1372 3700 proxi

214 3738 308 3785 mum
331 3739 373 3786 ex
396 3718 508 3809 primo
535 3717 579 3803 (το
595 3741 648 3804 μεν
665 3741 723 3809 γαρ
750 3741 905 3810 πρισεχως
932 3719 964 3783 ἐκ
990 3741 1040 3782 του
1066 3740 1200 3810 orporea,
1227 3741 1260 3782 το
1283 3711 1317 3780 ds
1337 3709 1372 3780 do

70 3914 76 3924 ι
215 3844 266 3887 του
287 3845 443 3913 προσεχως
466 3821 498 3887 ἐκ
519 3847 570 3888 του
585 3820 728 3917 sponso),
746 3832 835 3893 utet
855 3825 946 3893 ratio
966 3825 1144 3915 unigeniti
1165 3822 1372 3914 (τεμονεγενες

215 3928 304 4020 quod
328 3936 383 3997 εει
404 3930 499 3999 solus
522 3954 563 4001 ex
588 3932 660 4000 solo
684 3933 802 4019 Patre)
826 3931 863 3999 in
885 3931 980 3999 Filio
1005 3932 1204 4001 indubitata
1233 3936 1372 4000 maneat

120 4084 128 4105 .
215 4041 251 4104 et
274 4036 447 4127 Spiritum
471 4039 637 4109 Sanctum
660 4064 702 4110 ex
725 4041 830 4110 Patre
853 4063 928 4109 esse
952 4040 1063 4108 medio
1078 4038 1172 4107 Filio
1187 4061 1258 4108 non
1281 4038 1373 4108 ambi

216 4153 323 4234 gaiur
347 4150 422 4230 (και
445 4168 477 4209 το
502 4145 534 4209 ἐκ
555 4170 606 4211 του
624 4169 734 4238 πατρος
751 4148 822 4213 &aaa
844 4170 877 4213 so
898 4171 1014 4233 πνευμα
1038 4171 1080 4234 μη
1103 4141 1306 4237 ἀμφιβαλλειν
1335 4167 1372 4211 τε

216 4275 267 4318 too
283 4251 344 4317 ὑιου
356 4248 533 4344 possessae),
560 4253 621 4345 qui
644 4254 727 4323 ordo
750 4254 854 4323 medii
879 4252 980 4339 (Filii
992 4255 1086 4322 inter
1102 4254 1242 4322 Patrem
1257 4259 1296 4321 et
1310 4249 1373 4342 Spi

215 4360 325 4430 ritum
347 4361 529 4448 Sanctum)
545 4363 764 4433 strationem
782 4363 959 4452 unigeniti
975 4361 1068 4431 Filio
1084 4366 1241 4430 reservet
1257 4364 1295 4428 et
1311 4357 1372 4447 Spi
