3172 4950
864 324 901 337 -
927 294 964 353 12
985 326 1022 338 -

361 395 513 461 monium
535 395 738 485 perhibente
760 398 865 467 Petrc
888 400 929 467 dc
953 399 1057 483 Filio,
1078 400 1236 489 Spiritus
1253 400 1405 470 Sanctus
1422 425 1542 492 corpo-

362 498 430 566 rali
454 503 567 591 specis
603 504 768 595 apparuit
802 505 993 576 distinctus
1016 509 1059 574 ab
1082 513 1229 599 utroque
1252 509 1315 577 Mt.
1337 510 1405 577 HI.
1426 510 1482 579 16.
1500 510 1542 577 17

362 610 455 687 (cnm
476 608 684 698 parallelis).
701 610 827 681 Multis
850 613 1046 683 declaravit
1068 614 1231 683 Christus
1248 617 1322 704 ipse
1346 616 1542 685 doctrinam

363 707 405 777 de
428 708 566 800 Spiritu
590 712 719 783 Sancto
742 738 896 784 sermone
909 718 1029 786 habito
1053 718 1090 784 in
1106 718 1233 786 ultima
1249 742 1365 803 coena,
1386 721 1445 787 ubi
1462 743 1541 789 con·

362 823 497 887 stanter
520 820 652 891 dicitur
669 822 825 913 Spiritus
841 823 992 894 Sanctus
1008 849 1069 895 seu
1086 826 1242 915 Spiritus
1259 828 1424 895 veritatis
1448 829 1543 893 olivas

361 924 560 997 Paraclitus
582 929 772 1000 distinctus
795 952 816 997 a
839 930 945 1017 Filio,
971 940 1075 1023 atque
1106 932 1297 1003 distinctus
1325 956 1346 1001 a
1373 936 1480 1004 Patre
1506 942 1543 1003 et

361 1038 467 1108 Filio:
492 1039 553 1131 qni
575 1059 597 1104 a
619 1038 723 1107 Patre
746 1038 913 1127 procedit,
929 1041 988 1131 qui
1006 1040 1139 1131 pariter
1156 1041 1286 1131 accipit
1302 1064 1323 1107 a
1336 1042 1441 1127 Filio,
1457 1044 1542 1134 quia

363 1148 476 1217 onmia
490 1168 579 1240 quae
594 1153 679 1215 sunt
693 1148 821 1232 Patris,
847 1156 930 1217 sunt
952 1151 1057 1218 etism
1073 1149 1171 1236 Filii;
1188 1151 1344 1240 Spiritus
1360 1150 1539 1233 veritatis,

363 1278 464 1348 qusnr
498 1256 602 1324 Pater
625 1255 737 1324 mittit
760 1255 797 1322 in
820 1257 956 1324 nomine
978 1257 1088 1343 Filii;
1115 1281 1214 1348 quem
1238 1258 1353 1326 Filius
1380 1257 1497 1325 mittit
1521 1279 1542 1324 s

361 1364 477 1435 Patre.
499 1364 609 1457 'rugo
624 1366 753 1455 rogabo
769 1364 908 1432 Patrem
931 1372 967 1433 et
990 1366 1098 1431 alium
1120 1366 1335 1433 Paracletum
1359 1368 1459 1434 dabit
1483 1391 1542 1435 vo-

363 1472 428 1558 bis,
446 1479 488 1542 ut
509 1480 647 1543 maneat
660 1472 837 1542 vobiscum
854 1472 891 1539 in
911 1478 1090 1540 aetornum
1110 1500 1138 1540 a.
1169 1503 1185 1535 a
1203 1473 1403 1563 Paraclitus
1425 1480 1541 1542 autem

363 1578 518 1670 Spiritus
541 1581 704 1663 Sanctus,
719 1604 816 1671 quem
839 1582 950 1644 mittet
969 1580 1075 1654 Pater
1101 1584 1133 1645 iu
1153 1574 1286 1646 ricmine
1302 1605 1383 1665 mco,
1401 1583 1462 1646 ille
1478 1604 1542 1649 vos

363 1685 499 1755 docebit
514 1688 654 1756 omniun
680 1710 713 1751 ro
730 1708 846 1771 πνευμα
864 1710 895 1751 το
914 1685 1011 1773 ἅγιον,
1027 1688 1040 1749 ὲ
1057 1688 1166 1775 rapta
1179 1687 1194 1750 ὁ
1206 1711 1304 1779 ussup
1320 1689 1348 1753 ἐν
1361 1711 1402 1776 τῳ
1420 1685 1540 1773 &sepau

361 1816 431 1877 μου,
450 1794 557 1866 inerret
572 1793 648 1879 ὑμας
664 1788 787 1869 dedorim.
814 1794 865 1862 Ic.
880 1796 979 1863 XIV.
999 1796 1053 1863 16.
1072 1795 1116 1863 26
1131 1804 1197 1863 etc.
1227 1795 1397 1877 Quamvis
1422 1796 1538 1885 igitur

255 1956 258 1961 .
363 1900 509 1991 spiritus
532 1902 775 1993 multipliciter
799 1902 949 1988 dicatur,
967 1910 1003 1972 et
1019 1904 1124 1972 etiam
1147 1904 1240 1973 Deus
1264 1903 1421 1971 absolute
1445 1927 1542 1993 spec·

363 2014 461 2079 tatus
483 2009 530 2078 sit
554 2011 713 2100 spiritus,
740 2017 875 2080 constat
902 2018 1030 2095 tamen,
1049 2011 1112 2079 hoc
1128 2035 1250 2080 nomen
1267 2013 1420 2099 Spiritus
1437 2013 1542 2079 Sane-

363 2133 418 2185 rus
432 2118 469 2186 in
485 2118 644 2187 doctrina
659 2119 816 2188 revelata
832 2142 905 2188 esse
918 2119 1185 2188 determinatum
1199 2121 1244 2188 ad
1257 2121 1427 2188 rationem
1441 2121 1541 2188 velut

361 2227 511 2295 nominis
530 2227 675 2318 proprii,
695 2250 761 2319 quc
775 2228 978 2317 designetur
995 2228 1185 2298 distinctus
1201 2251 1223 2296 a
1238 2229 1342 2297 Patre
1354 2236 1426 2297 eta
1447 2227 1541 2295 Filio

363 2331 431 2420 (Cf.
445 2332 620 2423 Epiphan.
635 2333 731 2403 haer.
746 2334 816 2419 74).

428 2441 481 2510 At
502 2442 548 2510 2⁰.
567 2442 739 2511 divinitas
762 2441 918 2532 Spiritus
942 2430 1063 2513 Sancti
1086 2450 1157 2512 tarn
1180 2444 1360 2513 evidenter
1384 2443 1540 2513 declara·

362 2549 483 2619 turin
506 2550 674 2621 universa
698 2550 859 2620 doctriua
881 2552 1049 2637 revelata,
1076 2558 1117 2621 ut
1140 2552 1209 2619 nisi
1233 2552 1414 2621 distinctio
1438 2574 1460 2618 a
1475 2551 1541 2619 Pa·

362 2666 418 2728 tre
440 2682 481 2727 sc
503 2657 597 2728 Filio
619 2681 727 2751 aeque
743 2667 833 2729 essct
849 2681 1024 2749 expressa,
1042 2660 1152 2727 Deum
1169 2657 1326 2727 absolute
1343 2665 1540 2747 spectatum

363 2766 433 2851 vol,
452 2766 543 2859 quod
556 2768 698 2857 perinde
723 2769 795 2837 fere
819 2773 895 2851 cst,
922 2766 1140 2835 adtributum
1174 2766 1335 2834 divinum
1358 2766 1395 2833 in
1420 2766 1538 2857 Scrip-

361 2877 457 2943 turis
478 2874 542 2943 boc
566 2876 702 2944 nonnius
726 2875 925 2963 designari,
951 2898 1048 2943 uerno
1071 2898 1139 2941 non
1163 2898 1224 2964 pro
1256 2883 1350 2943 corto
1380 2873 1537 2943 haberet.

362 2980 510 3053 Nomina
533 2982 610 3072 ipsa
633 2982 789 3073 Spiritus
813 2981 905 3067 Dei,
933 2980 1088 3072 Spiritus
1111 2982 1241 3067 Patris,
1269 2982 1425 3071 Spiritus
1448 2983 1540 3051 veri·

362 3091 451 3159 tatis
475 3090 536 3181 qui
559 3110 580 3155 a
602 3089 708 3157 Patre
739 3090 919 3180 procedit,
945 3113 1013 3158 uon
1044 3096 1190 3181 possunt
1213 3090 1415 3179 significare
1439 3090 1540 3159 aliud

362 3220 466 3290 quam
488 3199 610 3267 Deurn.
629 3198 742 3266 Multo
766 3198 801 3267 id
825 3198 1023 3267 evidentius
1039 3204 1093 3267 est
1109 3222 1152 3266 ex
1168 3197 1461 3288 descriptionibus
1479 3198 1539 3267 sd-

362 3306 576 3375 tributorum
591 3312 627 3376 ct
642 3306 906 3375 efficientiarum
930 3306 1086 3396 Spiritus
1111 3306 1244 3376 Sancti.
1267 3306 1333 3374 Est
1351 3305 1540 3395 «Spiritus

362 3414 539 3499 veritatis,
551 3415 613 3506 qui
628 3414 726 3483 dccct
742 3437 873 3483 omnem
891 3414 1118 3483 veritatem...
1138 3413 1231 3482 alius
1246 3413 1458 3499 Paraclitus,
1479 3414 1540 3505 qui

363 3527 502 3590 maneat
531 3543 608 3590 cum
634 3520 814 3611 Apostolis
843 3520 881 3588 in
912 3528 1114 3606 aeternum,
1147 3521 1304 3610 Spiritus
1337 3520 1537 3591 veritatis„

362 3626 413 3696 Ic.
432 3628 511 3697 ΧΠ.
528 3629 653 3717 luto,
664 3628 763 3698 XVI.
783 3629 839 3697 13.
858 3629 929 3711 Qui
948 3651 1031 3718 ergo
1046 3636 1100 3696 est
1115 3628 1272 3696 absolute
1288 3628 1431 3697 veritas.
1447 3628 1540 3696 Hinc

362 3738 458 3809 Dcus
480 3738 617 3808 revolat
639 3736 754 3806 omnia
776 3760 837 3827 per
861 3736 1032 3826 Spiritum
1061 3759 1185 3804 suum:
1215 3743 1299 3805 suut
1329 3743 1444 3805 tamen
1468 3736 1538 3805 dis·

361 3846 490 3931 tincti,
515 3844 577 3938 qui
600 3844 732 3914 dicitur
753 3844 937 3927 revelare,
963 3850 999 3911 et
1021 3843 1053 3911 is
1076 3866 1136 3933 per
1161 3867 1259 3935 quam
1283 3843 1416 3913 dicitur
1439 3867 1538 3914 reve·

361 3954 448 4042 lare,
458 3960 513 4023 est
526 3954 618 4024 enim
634 3952 803 4044 Spiritus,
822 3952 882 4045 qui
898 3958 1078 4021 scrutatur
1092 3952 1267 4042 profunda
1289 3952 1367 4021 Dei.
1396 3981 1412 4014 a
1430 3951 1539 4020 Nobis

362 4067 479 4130 autem
501 4060 678 4131 revelavit
699 4060 794 4130 Deus
824 4082 886 4149 per
917 4058 1089 4150 Spiritum
1123 4082 1235 4129 suurn.
1263 4060 1417 4149 Spiritus
1446 4060 1538 4128 enim

363 4167 477 4237 omnis
500 4173 692 4253 scrutatur,
717 4167 823 4237 etiarn
846 4167 1021 4258 profunda
1042 4167 1119 4236 Dei.
1136 4167 1224 4250 Quis
1247 4169 1339 4236 enim
1362 4168 1537 4239 hominum

364 4278 442 4363 scit,
467 4294 554 4368 quac
578 4281 662 4344 sunt
686 4274 849 4359 hominis,
869 4274 940 4343 nisi
967 4274 1116 4366 spiritus
1143 4276 1312 4361 hominis,
1331 4274 1392 4368 qui
1409 4275 1538 4367 inipso

362 4384 445 4451 est?
468 4381 521 4450 ito
543 4388 580 4452 ct
601 4402 689 4474 quac
709 4380 777 4450 Dei
792 4388 887 4467 sunt,
905 4404 1003 4451 nernc
1019 4382 1183 4472 cognovit
1198 4383 1268 4452 nisi
1284 4381 1441 4473 Spiritus
1457 4382 1535 4451 Dei.
