3172 4950
792 304 829 319 ···
851 274 913 335 372
932 304 971 319 -

298 379 447 449 cundum
463 384 620 447 nostrum
637 378 880 469 imperfectum
897 377 1033 447 modum
1053 377 1273 469 concipiendi
1293 402 1356 473 res]

297 490 411 573 obvia,
423 496 458 557 et
474 494 529 575 (ut
544 488 700 573 videtur)
718 490 835 557 facilis
851 510 925 557 esse
942 495 1070 577 posset:
1089 488 1242 577 spiratio
1257 489 1356 559 activi

298 598 396 687 ponit
419 620 583 686 personas
606 598 744 665 Patrem
775 604 811 664 et
840 596 972 664 Filium
996 596 1064 663 iam
1089 595 1314 683 constitutas,
1334 620 1356 667 e⁴

296 715 470 796 tamquam
494 712 594 772 actus
618 704 807 771 communis
830 704 930 771 velut
945 703 1172 794 supervenire
1197 705 1356 795 concipitr

297 812 403 879 Porro
427 812 500 901 ipse
524 818 624 878 actus
647 832 707 877 seu
732 810 808 899 ipsa
830 810 950 878 activa
978 811 1128 899 spiratio
1144 834 1213 879 non
1232 812 1356 881 realite:

297 921 432 988 cedite
456 920 560 987 Patre
583 925 619 986 et
641 918 745 1001 Filio,
771 918 924 1011 adeoque
946 940 1009 986 neo
1039 918 1142 987 habet
1161 920 1356 1009 oppositioni

297 1050 461 1117 personas
484 1049 630 1119 quarum
654 1034 708 1095 est
731 1034 843 1111 actus,
861 1033 896 1094 et
913 1026 990 1094 ideo
1016 1049 1078 1095 nec
1102 1027 1250 1095 realiter
1264 1030 1308 1097 ab
1325 1027 1355 1097 ei

298 1136 497 1223 tinguitur3
524 1134 583 1201 sed
606 1157 668 1223 per
692 1136 783 1201 hunc
806 1140 922 1201 actum
945 1132 1152 1221 spirationis
1169 1156 1190 1200 a
1205 1136 1311 1203 Patra
1326 1142 1356 1203 et

296 1243 440 1312 realiter
462 1242 620 1332 procedit
644 1241 800 1330 Spiritus
828 1240 991 1323 Sanctus,
1010 1247 1115 1331 atque
1138 1240 1216 1309 ideo
1240 1244 1342 1311 Pater

295 1352 367 1420 lius
392 1374 451 1441 per
475 1350 567 1419 hunc
591 1373 692 1417 suum
715 1356 833 1417 actum
856 1371 1067 1417 communem
1083 1350 1275 1418 secundum
1291 1354 1356 1419 forr

294 1460 464 1527 rationem
487 1458 675 1547 spiratoris
698 1464 739 1526 ut
763 1458 973 1547 principium
1000 1460 1205 1526 referuntur
1229 1460 1275 1526 ad
1299 1457 1356 1550 Spi

297 1564 477 1649 Sanctam,
503 1573 538 1634 et
561 1567 604 1632 ab
628 1587 667 1632 eo
691 1566 834 1633 realiter
857 1565 1138 1652 distinguuntur.
1168 1564 1328 1653 Spirator
1349 1566 1356 1633 i

296 1699 362 1744 non
387 1676 475 1743 dicit
498 1696 677 1764 personam
703 1674 907 1743 distinctam
924 1696 946 1741 a
961 1676 1066 1743 Patre
1085 1681 1120 1743 et
1143 1674 1252 1760 Filio,
1278 1674 1336 1745 sed

296 1784 379 1853 ficet
402 1806 506 1851 unam
530 1783 601 1849 vim
626 1782 844 1871 spiratricsm
860 1805 921 1849 seu
946 1805 1053 1849 unum
1077 1787 1196 1850 actum
1211 1790 1248 1850 et
1263 1804 1356 1850 unam

295 1892 423 1961 tionem
447 1890 653 1981 spirationis
676 1891 812 1958 duabus
834 1891 992 1979 personis
1015 1912 1240 1976 communem,
1257 1902 1294 1960 et-
1314 1890 1355 1959 ad

295 1999 380 2067 ficat
402 2000 438 2066 in
463 2000 605 2067 confuso
629 1998 692 2065 has
718 2020 892 2087 personas,
911 2020 1058 2089 quarum
1085 2008 1140 2067 est
1160 2006 1264 2067 actus
1279 2006 1315 2067 st
1328 2020 1356 2066 re

296 2132 334 2177 eo
358 2110 430 2177 fere
455 2108 563 2192 modo,
590 2130 656 2196 quo
679 2129 802 2175 nomen
826 2116 962 2175 creator
985 2106 1164 2195 significat
1188 2130 1292 2175 unam
1314 2108 1356 2177 dir

296 2218 482 2287 essentiam
506 2217 570 2283 sub
594 2214 734 2283 formali
758 2216 894 2284 ratione
921 2223 1022 2284 sotus
1050 2216 1227 2299 creantis,
1252 2222 1288 2285 et
1313 2216 1355 2285 ad

295 2324 380 2395 licat
403 2325 440 2392 in
465 2324 609 2393 confuso
632 2345 810 2413 personas,
837 2346 984 2415 quarum
1008 2330 1062 2392 est
1084 2324 1238 2393 essentia
1256 2325 1319 2411 (2).

348 2506 391 2582 (1)
403 2512 599 2577 Proprletates
609 2511 810 2578 concipiuntur
821 2526 884 2563 esso
894 2512 925 2563 in
938 2510 1068 2577 personis
1079 2508 1246 2575 dupliciter,
1258 2508 1354 2577 inquit

297 2618 365 2665 mus,
390 2604 460 2655 ancl
485 2606 517 2653 ut
539 2602 759 2665 constituentes,
776 2608 805 2653 et
824 2602 897 2653 istas
915 2606 983 2652 sunt
1005 2600 1197 2667 proprietates
1221 2602 1356 2667 personale

298 2692 437 2747 ternitas.
461 2692 575 2755 filiatio,
591 2692 729 2757 spiratum
743 2688 827 2761 asse),
841 2693 886 2743 vel
906 2691 981 2744 sicut
1003 2690 1079 2743 illud
1102 2691 1178 2757 quod
1198 2692 1356 2759 adsonitp

297 2784 487 2844 constitutum,
514 2782 589 2834 sicut
607 2781 709 2834 albedo
731 2786 776 2833 est
800 2782 830 2834 iu
850 2782 985 2845 Socrate:
1007 2784 1036 2832 et
1052 2781 1095 2833 ita
1115 2780 1271 2833 secundum
1291 2781 1356 2833 intel

296 2868 450 2942 (nostrum)
465 2872 652 2939 proprietates
667 2888 723 2923 non
745 2874 909 2937 personales
927 2874 961 2922 ut
973 2871 1190 2923 innascibilitas
1203 2882 1233 2923 et
1248 2885 1356 2924 commta

298 2962 373 3013 ratio
394 2972 462 3013 suut
480 2962 510 3011 iu
534 2962 676 3027 personis.
694 2982 706 3007 ·.
730 2964 755 3013 1.
768 2962 837 3015 dist.
851 2962 897 3013 33.
910 2978 938 3028 q.
954 2964 978 3013 1.
991 2978 1017 3014 a.
1029 2964 1056 3015 3.

350 3048 392 3121 (2)
416 3052 489 3104 Hinc
517 3050 616 3115 sides,
642 3062 675 3103 ut
696 3052 725 3103 id
744 3052 862 3104 interim
891 3052 985 3105 obiter
1016 3057 1152 3115 notetur,
1172 3068 1222 3105 cur
1246 3052 1356 3106 uuumt'

298 3142 364 3193 beat
383 3142 555 3207 principiam
576 3140 762 3207 spirationis,
787 3157 861 3193 unus
881 3143 1016 3209 spirator,
1044 3143 1113 3195 licat
1135 3142 1207 3194 dure
1228 3143 1290 3195 sint
1314 3158 1356 3209 per

297 3246 369 3299 quae
394 3246 450 3281 uno
468 3236 531 3282 actu
557 3233 696 3284 communi
715 3232 837 3297 spirant,
849 3236 880 3284 et
903 3232 967 3283 ideo
988 3247 1045 3284 nna
1067 3232 1208 3284 relatione
1232 3248 1356 3285 commun

298 3324 403 3375 ruutur
421 3318 456 3371 sd
476 3320 614 3385 Spiritum
636 3322 789 3385 Sanctum,
818 3323 893 3373 sicut
920 3338 1038 3374 aunum
1064 3326 1108 3373 est
1139 3322 1339 3376 universorum

298 3412 386 3479 pium,
398 3414 510 3463 creator
521 3412 645 3463 omnium
660 3434 670 3455 n
682 3412 764 3481 (cap.
776 3408 930 3481 Firmiter),
948 3413 1079 3479 quamvis
1092 3414 1152 3464 tres
1164 3414 1227 3465 sint
1237 3430 1357 3480 persona

297 3504 448 3557 secundum
476 3518 560 3555 unam
590 3503 744 3555 essentiam
771 3518 940 3555 communem
971 3508 1079 3554 creant.
1103 3502 1295 3557 Substantiva
1318 3508 1356 3558 cul

294 3596 485 3661 principium,
511 3594 654 3657 spirator,
677 3602 785 3644 creator
803 3594 968 3659 significant
987 3594 1116 3659 formam,
1140 3610 1191 3660 per
1212 3611 1296 3661 quam
1315 3593 1356 3667 (tlt

299 3692 347 3738 tur
371 3684 399 3738 S.
414 3682 556 3755 Thomas),
570 3699 618 3737 seu
640 3684 825 3751 principium,
838 3700 893 3751 qno
913 3684 1027 3751 spirant
1044 3688 1073 3737 et
1092 3694 1200 3745 creant,
1224 3701 1356 3751 personas

297 3778 328 3827 iu
353 3774 469 3827 confuso
487 3775 691 3839 adsignificaut
710 3776 755 3828 vel
777 3782 958 3842 supponunt:
982 3776 1101 3842 ideoque
1116 3776 1185 3842 quis
1200 3776 1294 3829 torma
1312 3776 1356 3841 sig

299 3880 357 3916 uns
375 3868 437 3927 est,
463 3880 535 3917 unus
557 3870 601 3917 est
625 3866 749 3931 spirator
768 3876 798 3917 et
817 3881 889 3919 uuus
907 3871 1018 3920 creator
1031 3866 1107 3919 sicut
1126 3866 1299 3920 unustus.
1321 3864 1356 3917 Ad

299 3960 392 4008 autom
412 3970 518 4015 creans,
531 3956 652 4018 spirans,
671 3956 854 4020 omnipotens,
875 3966 1002 4009 aeternus
1021 3961 1142 4023 utroque
1156 3956 1238 4009 modo
1252 3971 1355 4023 possum

299 4046 392 4098 ficare.
416 4044 604 4097 Grammatico
630 4047 660 4097 iu
684 4050 760 4098 recto
786 4046 941 4109 designant
965 4047 1133 4113 supposita.
1154 4060 1274 4112 quorum
1297 4050 1343 4099 est

297 4134 461 4199 significant
479 4138 572 4186 tauron
596 4136 682 4188 simul
708 4137 845 4201 formam,
869 4151 940 4201 quac
960 4142 1005 4189 est
1025 4153 1082 4189 una
1102 4136 1283 4191 identificata
1306 4152 1356 4192 cun

296 4225 349 4276 bus
369 4224 498 4289 personis
522 4223 642 4275 divinis.
655 4224 745 4291 Unde,
761 4226 803 4277 ait
820 4226 1029 4287 Pallavioinus,
1053 4248 1064 4272 ··
1085 4226 1356 4290 grammaticaliter·

296 4319 381 4368 tenus
400 4312 540 4365 adiectire
561 4320 645 4377 sunt,
663 4314 800 4368 deberent
820 4315 980 4381 praedicari
995 4332 1043 4381 per
1058 4315 1168 4369 modam
1181 4315 1329 4369 nominum
1347 4332 1356 4369 t

298 4402 415 4463 talium,
439 4402 564 4467 adeoquo
587 4403 778 4469 multiplicari
801 4404 837 4457 ad
861 4404 1131 4471 multiplicationem
1154 4404 1356 4473 suppositorum
