3172 4950
536 356 574 372 -
598 323 637 385 15
657 354 696 370 -·
1040 379 1045 391 .

72 433 347 526 stopemtiones,
373 453 461 525 quas
482 430 605 501 Iudaei
634 429 845 500 tenebantur
874 447 1062 518 agnoscere
1085 435 1127 498 ut
1150 449 1225 519 opa-

71 544 198 615 rstiones
219 541 312 627 Dei,
337 541 381 610 ab
404 540 479 631 ipso
502 537 645 608 Christo
668 537 797 609 diserte
813 536 1059 635 attribuuntur
1075 535 1226 628 Spiritui

71 652 193 738 siccem
219 650 274 719 ita
291 648 329 719 S.
350 649 479 718 Petrus
503 640 667 716 sumit'nt
683 665 891 737 synonyma:
916 644 1057 714 mentiri
1073 643 1226 734 Spiritui

70 760 186 844 Sancto,
204 765 244 828 et
258 757 402 827 mentiri
417 757 489 825 Deo
505 757 588 824 Act.
602 754 647 825 V.
667 754 700 822 3.
712 755 746 824 4.
763 753 796 840 9;
811 758 917 845 atque
932 751 1016 821 adeo
1028 752 1104 842 ipso
1120 750 1225 821 etiam

69 866 182 936 nomine
204 866 370 935 enuntiat
393 864 568 956 Spiritum
592 862 761 932 Sanctum
793 883 868 931 sese
891 860 1014 931 Deum.
1039 859 1130 930 Vide
1147 857 1224 942 Bab

70 974 185 1044 larnin.
203 972 246 1044 de
258 973 399 1042 Christo
423 972 448 1041 1.
468 971 499 1041 Ι.
518 995 547 1041 c.
565 970 622 1039 13.

120 1081 204 1152 Tota
226 1081 344 1171 igitur
366 1079 527 1150 doctrina
557 1077 691 1148 Christi
723 1086 760 1147 et
789 1075 1036 1168 Apostolorum
1070 1076 1155 1148 licet
1183 1099 1225 1146 ex

69 1189 236 1280 multiplici
260 1210 301 1257 ao
320 1188 424 1257 varia
439 1188 617 1269 occuione
636 1186 700 1255 sub
716 1185 866 1255 diversis
881 1183 1080 1275 aspectibus
1090 1190 1128 1253 et
1142 1183 1225 1255 aliis

69 1301 152 1386 eune
173 1293 256 1363 aliis
286 1293 404 1362 verbis
433 1291 612 1384 proposita
644 1290 682 1359 in
713 1291 855 1359 eandem
883 1312 1015 1381 semper
1046 1289 1225 1380 conspirat

69 1400 277 1483 sententiam,
304 1405 340 1468 et
364 1398 421 1468 vel
443 1398 556 1489 primo
579 1399 714 1469 intuitu
745 1419 784 1467 ac
817 1397 921 1466 obvia
951 1396 1225 1467 consideratione

69 1509 187 1579 exhibet
208 1507 460 1578 revelationem
484 1507 526 1576 de
549 1507 686 1577 unitate
709 1512 745 1575 st
767 1505 992 1577 distinctione
1014 1505 1052 1573 in
1068 1505 1141 1574 Deo
1156 1503 1224 1575 cla·

70 1619 183 1687 rissime
205 1639 246 1687 eo
269 1638 386 1702 sensu,
412 1639 479 1707 quo
502 1617 546 1684 ab
569 1615 727 1684 omnibus
743 1613 935 1683 Catholicis
950 1612 1169 1704 intelligitur
1184 1634 1225 1683 ac

70 1723 214 1810 creditur,
239 1730 276 1793 et
298 1724 434 1793 nemine
457 1723 635 1793 diffitente
657 1744 680 1790 a
702 1721 825 1791 multis
848 1710 973 1790 saltem
988 1721 1058 1789 iam
1076 1719 1225 1790 saeculis

70 1832 265 1903 inomnibus
288 1831 468 1922 symbolis,
494 1834 532 1901 in
555 1831 787 1901 Consiliorum
810 1829 1082 1917 definitionibus,
1102 1828 1141 1897 in
1156 1851 1224 1897 om·

70 1940 146 2010 nium
158 1942 348 2011 Doctorum
364 1939 614 2011 catholicorum
632 1938 939 2023 declarationibus,
958 1938 995 2005 in
1010 1937 1224 2029 professione

70 2048 192 2142 deniqne
215 2048 327 2118 totius
350 2048 563 2118 universalis
586 2047 765 2117 Ecclesiae
795 2046 977 2117 intellecta
1004 2052 1058 2115 est
1087 2066 1127 2115 ac
1153 2067 1224 2116 cre·

70 2153 138 2225 dita.
162 2157 248 2226 Tres
272 2155 409 2226 scilicet
432 2178 506 2225 esse
529 2156 698 2225 docentur
720 2154 864 2224 realiter
887 2154 980 2223 inter
996 2176 1033 2222 se
1048 2153 1223 2236 distincti,
1320 2170 1324 2175 ’

70 2262 142 2333 alins
161 2265 285 2349 Pater,
312 2263 406 2333 alius
428 2263 563 2348 Filius,
590 2263 684 2332 alius
708 2262 864 2354 Spiritus
883 2261 1047 2347 Sanctus,
1065 2267 1170 2353 atque
1184 2261 1222 2330 hi

69 2378 124 2441 tres
142 2372 257 2441 Filius
279 2378 316 2441 et
343 2371 500 2462 Spiritus
529 2392 635 2464 aeque
667 2394 707 2439 ac
736 2371 842 2439 Pater
872 2376 956 2439 sunt
987 2392 1093 2439 verus
1115 2371 1221 2438 Deus.

68 2477 270 2549 consutam
292 2481 387 2550 Deus
410 2503 501 2550 unus
524 2480 574 2549 sit
595 2481 732 2550 unitate
755 2479 1018 2570 singularitatis
1034 2485 1069 2549 et
1083 2480 1224 2548 exclusa

66 2586 409 2678 multiplicabilitate,
439 2594 544 2679 atque
561 2588 658 2658 ¹adeo
690 2587 817 2671 Pater,
851 2584 968 2655 Filius
1002 2592 1038 2655 et
1068 2584 1224 2677 Spiritus

66 2691 197 2764 Sanctus
212 2694 402 2764 doceantur
425 2717 499 2764 esse
523 2695 598 2784 ipse
621 2717 729 2764 verus
752 2694 869 2780 Deus,
896 2694 956 2787 qui
988 2716 1026 2763 se
1047 2693 1224 2764 revelavit

65 2807 221 2888 ntnnum,
239 2808 378 2894 praeter
402 2826 502 2896 quem
525 2804 620 2873 alius
641 2805 737 2873 Deus
760 2826 829 2872 non
853 2810 918 2891 est;
936 2802 1001 2871 hoo
1018 2801 1094 2892 ipso
1109 2801 1223 2872 deitas

63 2931 110 2979 ssu
129 2909 290 2979 absoluta
312 2911 480 3000 perfectio
503 2916 649 2980 estnon
672 2909 965 3000 multiplicabilis,
984 2908 1044 2978 sed
1067 2930 1138 2977 una
1159 2932 1221 2982 uu·

63 3038 138 3087 nero
159 3019 350 3088 communis
373 3017 488 3087 tribus
512 3018 587 3087 illis
615 3020 708 3088 inter
738 3040 774 3086 se
805 3016 1006 3102 distinctis,
1041 3038 1110 3109 qua
1140 3022 1223 3088 suut

65 3143 139 3194 mus
158 3126 267 3195 Deus.

113 3232 185 3302 Iam
208 3255 292 3303 vero
316 3233 376 3303 ubi
398 3232 518 3324 plures
541 3240 625 3303 sunt
648 3227 807 3305 distincti
837 3233 931 3303 inter
962 3258 1018 3319 se,
1053 3235 1114 3327 qui
1144 3257 1221 3304 con-

65 3339 245 3410 stituuntur
268 3341 306 3410 in
322 3341 439 3411 eadem
462 3340 643 3411 essentiali
667 3341 890 3434 perfectione,
910 3366 980 3435 qua
995 3342 1222 3433 respondetur

65 3445 97 3516 od
126 3448 383 3540 quaestionem,
421 3449 504 3541 qnid
536 3472 592 3518 res
623 3448 671 3519 sit
694 3448 931 3519 essentialiter
958 3441 1002 3539 (το
1019 3471 1047 3512 τι
1064 3445 1100 3518 o's
1117 3444 1217 3537 εἰναι),

65 3558 235 3627 communis
256 3556 323 3626 illa
344 3556 542 3627 essentialia
565 3558 734 3648 perfectio
758 3556 957 3649 appellatur
988 3559 1031 3625 ab
1063 3556 1222 3628 omnibus

64 3659 158 3734 doctis
179 3671 217 3735 et
240 3664 392 3735 indoctis
415 3668 560 3732 essentia
583 3688 643 3734 seu
667 3671 854 3757 (quatenus
876 3663 1028 3734 essentia
1051 3671 1105 3734 est
1127 3665 1221 3756 prin·

63 3768 173 3863 cipium
195 3772 422 3865 operationis)
446 3787 588 3855 nutura,
614 3774 777 3843 distincti
800 3779 919 3843 autem
941 3774 1034 3844 inter
1057 3797 1105 3861 se,
1132 3798 1219 3869 quo·

62 3897 123 3947 rum
143 3886 195 3949 est
217 3887 350 3950 natura
372 3881 562 3951 communis
578 3898 595 3966 ,·
612 3880 837 3971 appellantur
867 3880 1075 3971 hypostases
1101 3889 1138 3954 st
1159 3884 1219 3972 (si

61 3994 170 4059 natura
191 3996 247 4060 est
268 3989 547 4076 intellectualis)
570 4010 736 4079 personae
749 3990 813 4078 (1).
838 3988 1012 4059 Professio
1027 4012 1112 4082 ergo
1128 3991 1219 4062 chri·

117 4176 156 4251 (1)
173 4181 333 4250 Ocnoeptns
352 4180 399 4235 hic
418 4181 511 4248 obiter
530 4182 694 4250 propositos
722 4186 843 4237 naturas
863 4186 892 4235 et
910 4181 1078 4251 hypostasis
1101 4182 1219 4238 interim

61 4270 129 4325 nobis
145 4274 258 4330 sufficit.
277 4272 433 4329 Isstlssirns
453 4271 486 4326 do
506 4273 559 4327 hac
577 4288 607 4327 ra
627 4272 753 4333 diximus
773 4274 804 4327 in
823 4274 916 4327 Tract.
943 4273 977 4327 dc
996 4274 1215 4339 Inoamationo,

59 4370 87 4411 οι
102 4376 151 4429 qno
168 4362 295 4417 interius
314 4378 364 4418 suo
384 4366 444 4419 loco
464 4365 605 4421 nonnulla
617 4367 786 4433 repetemus,
802 4366 945 4433 quaterem
958 4379 1028 4433 opus
1040 4365 1141 4420 lnerlt.
1155 4365 1221 4418 Per·
1272 4372 1276 4380 '

60 4455 198 4516 somnum
216 4457 263 4509 est
283 4452 441 4509 declaratio
461 4453 489 4510 8.
505 4454 624 4510 Ioannis
645 4454 822 4511 Donassent:
840 4454 1034 4523 sHypostasls
1055 4469 1111 4509 nou
1130 4453 1221 4519 signi-
