3172 4950
658 346 837 409 -395-

188 461 236 523 tra
253 455 291 522 in
308 452 376 523 bac
389 453 568 523 'lumitate
583 474 652 520 non
666 453 799 522 dicitur
809 452 949 520 Verbum
964 451 1032 517 Dei
1046 450 1117 517 nisi
1127 448 1256 533 Filius,
1269 471 1332 518 uec
1420 476 1423 482 ·

188 563 293 629 hum
307 563 377 629 Dei
392 562 462 630 nisi
480 561 636 652 Spiritus
650 561 843 630 Sanctus...
862 560 953 626 Hinc
970 559 1182 641 factumest,
1202 565 1244 625 ut
1256 581 1332 648 pro·

188 669 236 738 uie
257 669 513 760 (hypostatice)
536 669 602 737 Dei
625 669 778 737 Verbum
802 666 906 734 etiam
930 665 996 734 Dei
1013 666 1186 755 sapientia
1203 665 1332 733 dicere-

188 800 247 862 ur,
271 800 349 845 cum
372 777 637 864 (essentialiter)
661 776 710 844 sit
734 775 910 865 sapientia
932 782 968 842 et
990 774 1094 842 Pater
1118 780 1153 842 et
1176 774 1333 863 Spiritus

188 883 323 953 iunctus.
340 884 379 953 Si
402 906 486 974 ergo
510 885 648 975 proprie
666 883 803 974 aliquid
818 882 942 950 horum
959 882 1069 951 trium
1082 884 1331 949 ctoritasnun-

188 992 320 1081 repanda
342 998 420 1076 est,
447 992 531 1083 quid
554 991 674 1082 aptius
698 1012 800 1080 quam
823 997 865 1057 ut
888 989 952 1058 hoo
976 989 1025 1057 sit
1048 989 1204 1079 Spiritus
1228 989 1333 1058 Sano-

188 1104 263 1167 tus...
278 1098 380 1167 Sicut
403 1122 486 1188 ergo
511 1097 653 1166 unicum
677 1097 743 1165 Dei
767 1097 921 1165 Verbum
944 1097 1084 1186 proprie
1100 1116 1332 1164 vocamusno-

188 1204 255 1273 uine
276 1208 483 1293 sapientiae,
501 1230 578 1274 cum
602 1206 650 1273 sit
673 1204 927 1272 universaliter
951 1203 1143 1290 (communi
1166 1203 1333 1290 essentia)

188 1312 378 1403 itSpiritus
403 1314 555 1383 Sanctus
578 1321 613 1381 et
636 1313 742 1381 Pater
765 1313 839 1403 ipse
863 1313 1058 1402 sapientia,
1092 1313 1145 1379 ita
1177 1312 1333 1402 Spiritus

188 1418 313 1489 iunctm
336 1422 475 1513 proprie
498 1427 724 1511 nuncupatur
752 1420 921 1488 vocabulo
945 1422 1155 1502 claritatis,
1184 1442 1260 1488 cum
1285 1420 1333 1487 sit

188 1528 412 1597 universaliter
433 1529 589 1597 charitas
614 1534 649 1595 et
671 1529 779 1596 Pater
802 1534 838 1595 et
860 1526 978 1594 Filius
1001 1528 1181 1616 (probatur
1199 1533 1332 1595 utrum-

188 1656 235 1725 que
253 1659 292 1703 ex
316 1636 348 1703 1.
365 1636 442 1703 Cor.
456 1636 485 1703 Ι.
505 1636 576 1722 24.;
596 1636 627 1703 1.
647 1634 698 1704 Ιο.
717 1620 786 1704 Ν.
805 1636 897 1720 7.)...
918 1634 1029 1702 Video
1052 1658 1104 1703 me
1128 1635 1170 1702 de
1195 1634 1332 1725 Spiritu

188 1736 291 1810 Sancto
313 1742 352 1810 in
376 1743 446 1810 isto
470 1743 560 1809 libro
584 1742 771 1811 secundum
797 1741 1000 1831 Scripturas
1023 1741 1088 1810 boe
1111 1742 1329 1831 disputasse,

188 1850 257 1939 quod
276 1850 436 1919 fidelibus
460 1850 590 1919 sufficit
613 1849 805 1918 scientibus
828 1850 897 1917 iam
920 1851 1033 1920 Deum
1063 1872 1137 1918 esse
1160 1850 1332 1941 Spiritum

189 1952 370 2027 Sanctum...
389 1960 439 2027 De
464 1962 627 2027 ereatura
650 1959 754 2027 etiam
785 1959 998 2049 quemfecit
1025 1959 1138 2043 Deus,
1164 1965 1332 2051 quantum

189 2062 363 2149 viluimus,
389 2065 629 2133 admonuimus
651 2089 731 2150 eos,
758 2065 818 2155 qui
841 2065 1010 2133 rationem
1027 2067 1069 2134 de
1084 2068 1188 2134 rebus
1200 2066 1333 2135 talibus

191 2180 337 2259 mount,
364 2181 405 2242 ut
427 2173 625 2241 invisibilia
648 2175 724 2242 eius
741 2197 801 2263 per
825 2196 865 2243 ea
889 2196 977 2265 quae
1001 2175 1215 2259 factasunt,
1241 2174 1333 2243 sicut

190 2287 313 2365 panni,
338 2281 519 2350 intellecta
542 2283 792 2373 conspicerent,
812 2290 848 2351 et
871 2283 1018 2349 maxime
1042 2305 1102 2372 per
1125 2281 1332 2353 rationalem

191 2384 231 2453 ul
248 2386 517 2456 intellectualem
541 2395 749 2474 creaturam,
768 2412 855 2480 quae
880 2391 976 2457 facta
999 2396 1053 2457 est
1075 2388 1120 2456 ad
1143 2388 1331 2477 imaginem

188 2488 254 2579 liei,
276 2519 337 2585 per
360 2498 450 2588 quod
474 2497 574 2566 velut
589 2498 794 2588 speculum,
821 2504 988 2588 quantum
1012 2504 1170 2588 possent,
1203 2498 1235 2564 si
1257 2519 1327 2587 pos·

190 2607 265 2687 seut,
289 2610 469 2673 cernerent
497 2604 708 2674 Trinitatem
732 2606 844 2675 Deum
867 2606 905 2674 in
928 2613 1050 2674 nostra
1073 2607 1234 2672 memorio
1257 2603 1332 2692 (in-

188 2704 304 2779 oleam
327 2711 515 2779 informato
539 2711 629 2779 ideis
652 2712 894 2781 habitualibus
919 2713 965 2782 ci.
986 2735 1093 2801 supra
1115 2738 1148 2802 p.
1160 2712 1242 2798 223)
1264 2712 1326 2799 (1),

189 2814 398 2911 intelligentia
423 2824 520 2905 (actu
543 2819 836 2906 intellectionis),
863 2821 1079 2887 voluntate...
1108 2818 1197 2887 Saue
1221 2820 1332 2887 Deum

188 2916 300 2995 Patrem
322 2936 358 2996 et
381 2929 490 2996 Deum
514 2928 657 3013 Filium,
676 2927 782 2996 idest
798 2929 909 2996 Deum
933 2929 1124 3017 genitorem
1141 2928 1202 3018 qui
1218 2926 1332 3011 omnia

189 3050 255 3119 quae
276 3036 557 3105 substantialiter
581 3036 709 3120 babet,
744 3036 781 3103 in
816 3044 996 3107 coaeterno
1027 3037 1096 3106 sibi
1125 3035 1240 3103 Verbo
1271 3056 1333 3101 suo

188 3130 257 3209 dixit
277 3144 423 3233 quodam
446 3144 557 3228 modo,
584 3151 621 3211 et
644 3143 757 3233 ipsum
780 3143 935 3212 Verbum
958 3145 1035 3213 eius
1051 3144 1174 3227 Deum,
1194 3142 1253 3234 qui
1269 3164 1332 3210 nec

188 3238 247 3327 plus
265 3270 324 3316 uec
348 3249 465 3316 minus
488 3249 623 3341 aliquid
647 3249 753 3317 habet
783 3250 889 3317 etiam
920 3250 994 3340 ipse
1025 3248 1329 3332 substantialiter,

188 3366 266 3437 quam
289 3356 379 3447 quod
404 3363 457 3424 est
479 3356 516 3423 in
538 3356 613 3442 illo,
630 3357 691 3447 qui
714 3356 869 3424 Verbum
885 3379 952 3424 non
970 3358 1183 3425 mendaciter
1199 3358 1259 3425 sed
1275 3380 1332 3425 ve-

188 3457 290 3530 nater
312 3464 459 3552 genuit,
487 3464 770 3557 quemadmodum
794 3466 904 3555 potui,
919 3490 987 3533 uon
1010 3465 1164 3534 utillud
1188 3466 1257 3532 iam
1281 3466 1332 3534 ia·

188 3558 226 3631 lia
243 3569 282 3637 ad
312 3572 438 3640 faciem
469 3573 529 3641 sed
559 3596 621 3661 per
651 3572 741 3640 hauc
772 3572 1038 3641 similitudinem
1069 3573 1106 3639 in
1137 3572 1333 3659 aenigmate

188 3676 516 3770 quantulumcumque
539 3679 752 3748 coniiciendo
779 3681 971 3765 videretur,
990 3681 1028 3748 in
1051 3681 1212 3745 memoria
1228 3685 1264 3747 et
1280 3680 1332 3742 in-

189 3776 360 3871 ‘eligantia
383 3786 510 3855 mentis
533 3794 671 3856 nostrae
688 3788 890 3877 significare
914 3788 1049 3874 curavi;
1068 3786 1250 3856 memoriae
1268 3785 1332 3854 tri·

188 3872 270 3957 blena
290 3914 388 3960 omne
412 3892 501 3982 quod
525 3892 673 3978 scimus,
699 3894 838 3961 etiamsi
861 3918 929 3962 non
952 3895 1032 3963 inde
1050 3894 1254 3984 cogitemus,
1280 3893 1333 3960 in-

188 3988 378 4087 obgenum
404 4024 486 4070 vero
510 4002 649 4091 proprio
673 4002 770 4070 modo
789 4004 936 4094 quodam
952 4002 1177 4092 cogitationis
1201 4008 1333 4089 (actua-

223 4173 258 4249 (1)
272 4180 327 4235 Ubi
346 4180 380 4234 de
402 4183 464 4235 sola
482 4183 657 4246 cogitatione
686 4183 732 4235 sui
760 4183 853 4249 ipsius
877 4184 992 4249 agitur,
1012 4183 1194 4249 Augustinus
1213 4187 1333 4236 moutam

188 4250 255 4323 lpum
270 4272 399 4339 appellat
416 4273 586 4324 memoriam:
609 4271 712 4338 «quod
733 4271 790 4325 albi
809 4276 854 4325 cst
873 4288 970 4338 mens,
993 4274 1127 4326 memoria
1152 4274 1215 4326 sino
1234 4272 1334 4325 absur-

188 4336 256 4411 iius,
271 4362 392 4417 dicenda
411 4367 472 4429 ast,
494 4363 627 4430 quesibi
647 4367 761 4430 praesto
780 4367 842 4427 est,
865 4368 898 4417 ut
916 4379 967 4416 sua
986 4364 1159 4429 cogitatione
1178 4362 1273 4431 possit
1291 4360 1333 4412 iu-

188 4432 269 4515 ι’Μιῂ
290 4455 321 4506 ot
336 4457 490 4520 utrumque
509 4454 556 4508 sul
574 4469 668 4509 amoro
687 4456 847 4521 coniungi»
868 4455 949 4508 ‘irin
966 4456 988 4508 l.
1000 4455 1078 4509 xlv.
1090 4468 1119 4507 u.
1133 4453 1176 4504 14.
