3172 4950
716 322 753 338 -
775 289 837 352 3oe
858 321 897 337 -

220 400 359 471 formali
393 399 529 469 ratione
559 397 668 467 trium
702 396 933 468 relativorum
962 402 1001 467 et
1029 394 1294 489 uniuscuiusque
1316 417 1351 467 oo

220 508 387 579 rumdam.

285 613 324 682 Si
350 635 431 683 vero
454 613 676 678 subsistentia
698 611 850 680 sumitur
871 610 909 679 in
933 609 1071 700 duplici
1095 611 1237 680 diversa
1256 610 1357 702 signit-

220 719 379 806 cation03
404 718 517 810 primo
540 717 657 786 laxius
687 718 752 786 sub
782 717 919 787 duabus
947 717 1191 788 tantummodo
1220 718 1360 809 prioribus

220 829 314 897 notis
332 878 340 912 ,
366 833 408 896 ut
431 827 480 896 sit
502 827 702 895 substantia
718 825 913 916 singularis
930 825 1072 916 integra
1087 825 1254 911 existens,
1271 832 1362 897 etna

221 942 400 1025 assumpta
423 936 467 1003 ad
492 934 628 1002 modum
643 941 791 1004 naturae
807 934 851 1001 ab
866 933 1053 1024 hypostasi
1068 932 1256 1023 superiori3
1269 932 1363 1003 deiris

220 1043 382 1113 strictius
420 1065 497 1135 oum
520 1041 643 1111 addita
665 1048 748 1110 nota
770 1041 880 1110 tertie
895 1040 1312 1112 incommunicabilitatis:
1327 1038 1364 1111 tio

221 1174 303 1221 sane
330 1151 394 1219 illa
418 1151 529 1242 priori
552 1152 666 1220 minus
700 1150 803 1241 plena
837 1150 1096 1241 significatione
1119 1150 1252 1240 poterit
1270 1148 1365 1221 tina

221 1257 380 1327 absoluta
403 1257 555 1326 essentia
578 1256 649 1325 diei
665 1256 978 1341 subsistentiarum
1001 1256 1184 1343 (sumendo
1198 1254 1365 1325 nomena

158 1406 162 1413 ·
221 1370 365 1451 straete)
389 1366 560 1435 essentiae
583 1361 713 1453 poterit
735 1360 889 1432 adscribi
912 1362 1143 1433 subsistentia
1166 1364 1366 1449 absoluturi

220 1496 242 1541 a
264 1473 426 1564 pluribus
447 1472 625 1542 veteribus
648 1476 730 1540 ante
746 1469 923 1540 saeculnm
935 1470 1000 1540 IV.
1015 1470 1137 1540 labens
1161 1474 1200 1541 in
1213 1473 1366 1564 Deoprss

220 1581 403 1651 dicabatur
431 1601 500 1647 una
516 1578 731 1668 hypostasis,
749 1578 776 1645 i.
795 1599 827 1646 e.
845 1599 916 1646 nna
930 1576 1127 1668 singularis
1139 1578 1365 1671 pes-festinus

218 1688 363 1759 realiter
378 1688 531 1758 existens
547 1686 746 1754 substantia
764 1686 926 1755 absoluta
941 1686 978 1754 in
995 1687 1111 1756 tribua
1122 1687 1365 1779 distinctispu·

221 1797 315 1867 sonis
330 1795 426 1882 (vide
443 1816 549 1884 supra
564 1819 597 1884 p.
606 1793 683 1863 122.
695 1816 770 1886 sqq.
781 1800 818 1862 et
838 1793 957 1863 Traot.
982 1793 1025 1864 de
1047 1793 1220 1882 Incarn.).
1247 1790 1367 1865 unus·

139 1940 144 1949 ·
220 1904 383 1974 dicantur
400 1904 437 1971 in
452 1904 613 1972 Decesse
629 1924 698 1970 nna
721 1901 950 1972 subsistentia
964 1904 1126 1972 absoluta
1143 1910 1180 1973 et
1193 1912 1266 1974 tres
1280 1900 1367 1973 subi·

221 2012 369 2081 stantiae
384 2010 554 2080 relativae
578 2011 742 2080 sumendo
763 2033 885 2079 nomen
901 2008 1089 2080 secundnm
1106 2011 1278 2102 duplicem
1291 2008 1366 2079 ills·

221 2121 394 2190 diversam
410 2120 714 2210 significationem,
733 2126 775 2188 ut
790 2119 921 2188 Suarea
936 2120 977 2188 11.
993 2142 1043 2189 cc.
1058 2126 1207 2189 mentem
1223 2140 1312 2187 snam
1322 2138 1365 2185 sr-

220 2228 381 2319 plicavit,
399 2228 490 2297 nihil
514 2227 649 2320 quidem
675 2227 811 2297 dicetur
834 2227 947 2320 quoad
970 2250 1042 2297 rem
1064 2227 1178 2319 ipsam
1194 2228 1363 2296 amoenat

222 2336 391 2422 veritate;
418 2336 478 2404 sed
501 2336 630 2427 absque
653 2333 726 2403 ullo
742 2336 862 2404 fructu
879 2357 1001 2403 nomen
1016 2356 1039 2403 a
1054 2357 1119 2405 sna
1134 2332 1362 2425 signification

221 2442 366 2512 solemni
389 2442 588 2512 deflectitur
611 2441 656 2510 ad
680 2441 790 2510 alium
813 2464 972 2529 sensnm;
999 2446 1106 2534 atque
1130 2442 1184 2511 ita
1205 2442 1284 2510 dum
1295 2434 1358 2509 illul

222 2553 258 2620 in
282 2574 351 2620 nno
374 2552 558 2642 eodemque
582 2552 752 2641 mysterio
774 2550 980 2641 explicando
1003 2557 1199 2641 usurpatur
1214 2566 1356 2619 senecas

222 2658 346 2750 cipiti,
373 2666 467 2728 certe
489 2682 557 2727 non
581 2659 777 2729 consulitur
801 2659 978 2744 claritati,
998 2658 1058 2728 sed
1073 2665 1355 2749 conceptuunpe

220 2768 414 2837 turbationi
437 2768 571 2836 occasio
595 2767 700 2836 datur
723 2791 792 2835 non
816 2767 913 2835 modo
937 2768 974 2835 in
998 2767 1160 2836 doctrina
1176 2766 1218 2835 de
1231 2766 1289 2836 SS.
1304 2758 1354 2831 l'n‘·

222 2876 332 2945 nitate
356 2876 543 2944 sedetiam
568 2876 605 2943 in
628 2875 861 2965 explicatione
885 2874 1049 2964 mysterii
1073 2871 1326 2943 Incarnatioris.

287 2985 357 3067 Qui
375 3008 457 3053 vero
480 2984 654 3073 perillam
676 2983 871 3052 absolutam
892 2983 1156 3051 subsistentiam
1173 2979 1355 3074 aliquidue·

220 3091 315 3183 plius
337 3091 549 3181 intelligunt
572 3112 674 3182 quam
694 3090 785 3183 quod
801 3090 933 3159 dictum
949 3096 1014 3175 est,
1030 3090 1057 3157 ii
1075 3090 1151 3158 sine
1168 3089 1272 3159 dubio
1283 3084 1356 3156 ὢν

221 3198 332 3289 quoad
356 3222 428 3267 rcm
450 3202 561 3289 ipsam
586 3198 774 3267 falluntur.
800 3197 859 3266 Sic
882 3197 1070 3266 Caietanus
1093 3196 1134 3265 ll.
1162 3220 1213 3266 cc.
1230 3189 1356 3267 insistit·

222 3305 311 3397 quod
335 3306 607 3395 praescindendo
630 3329 651 3373 a
674 3307 832 3396 personis
855 3314 910 3375 est
942 3313 978 3374 et
1008 3305 1167 3395 intelligi
1195 3304 1291 3375 debet
1312 3314 1358 3369 aa

222 3413 321 3482 modo
343 3413 437 3482 Deus
460 3414 520 3482 sed
544 3419 600 3500 (ut
622 3414 689 3500 ait)
707 3415 761 3480 tic
777 3415 880 3496 Dens,
898 3412 1064 3482 videlicet
1080 3435 1173 3480 unus
1188 3412 1358 3482 habentur

221 3528 337 3590 turam
368 3521 549 3607 divinam3
583 3522 674 3590 unde
704 3527 830 3611 putat,
863 3521 973 3591 Deum
1004 3522 1054 3591 sic
1085 3529 1287 3613 conceptum
1308 3530 1359 3586 esst

222 3630 440 3721 suppositum
463 3638 499 3698 et
521 3651 703 3719 personam
727 3629 813 3698 licet
835 3652 903 3697 non
926 3629 1063 3698 omnino
1096 3630 1283 3719 completo,
1303 3617 1360 3717 qs!

221 3746 276 3807 cst
297 3738 433 3829 aliquid
456 3759 633 3806 commune
645 3737 760 3805 tribus
777 3737 956 3806 distinctis
972 3736 1142 3827 personis.
1152 3736 1206 3805 At
1221 3727 1359 3806 veronis

222 3845 363 3915 dicatur
386 3847 476 3912 Deus
504 3845 579 3914 sive
603 3847 658 3911 bic
680 3846 785 3926 Deus,
806 3845 837 3913 is
861 3868 929 3912 non
952 3852 1007 3914 est
1029 3843 1122 3913 alins
1147 3867 1253 3937 quam
1273 3843 1360 3915 aar.

220 3952 359 4036 Filius,
387 3951 543 4042 Spiritus
567 3950 718 4020 Sanctus
741 3959 815 4020 tres
838 3951 943 4019 simul
966 3972 1131 4041 personae
1160 3959 1197 4021 et
1219 3944 1362 4043 qnnnlibtl

222 4059 429 4128 carumdem.
444 4060 609 4151 Adeoque
621 4059 801 4149 supposita
813 4058 1027 4129 revelatione
1041 4059 1153 4128 trium
1169 4070 1367 4149 personam.

221 4165 421 4234 divinarum
444 4188 566 4235 nomen
590 4166 681 4233 Deus
705 4168 780 4235 sive
804 4168 858 4233 bic
882 4167 973 4234 Deus
995 4189 1064 4234 non
1087 4165 1273 4257 significat
1292 4154 1367 4233 aliti

221 4295 324 4367 quam
346 4274 502 4342 divinam
525 4279 690 4343 naturam
714 4296 817 4343 unam
833 4298 901 4343 non
918 4273 1227 4365 multiplicabilem
1242 4296 1315 4345 cnm
1326 4264 1369 4341 sl·

221 4383 478 4473 significatione
502 4383 749 4453 subsistentiae
762 4384 819 4453 vel
831 4382 1098 4454 indeterminate
1113 4391 1153 4453 et
1174 4383 1213 4453 in
1236 4382 1371 4461 sonim
