3180 4944
836 136 840 144 ·
867 127 905 145 -
928 95 986 161 let
1007 129 1046 147 -

373 203 463 299 quod
480 201 598 294 primo
632 199 798 271 videntur
833 193 1052 292 considerare
1085 202 1321 294 operationem
1342 201 1434 275 Filii
1456 223 1545 297 qnae

370 335 438 382 non
462 310 511 378 sit
533 307 662 392 Petris,
689 329 755 400 quo
779 307 854 398 ipso
876 308 1121 382 adstrueretnr
1143 310 1272 402 duplex
1287 316 1431 398 natara;
1449 309 1541 402 quot

372 419 496 491 deinde
518 438 679 507 expresse
703 416 871 486 videntur
886 439 1024 488 censere
1040 425 1204 488 naturam
1223 418 1311 491 Filii
1325 417 1540 505 inferiorem,

371 533 534 596 naturam
556 522 675 592 Petris
699 521 934 592 sublimiorem
958 532 994 594 et
1016 524 1127 594 solum
1150 526 1290 597 Patrem
1321 525 1540 597 immensum.

437 637 490 704 At
511 633 624 726 quoad
647 631 797 723 primum
820 654 889 700 nou
911 632 1086 703 diversam
1109 636 1341 725 operationem
1361 644 1540 724 statuunt,

372 744 433 817 sed
449 743 682 836 operationem
697 746 733 810 et
748 740 1063 811 manifestationem
1078 743 1198 813 Patris
1212 768 1274 836 per
1288 746 1436 818 Filium.
1449 746 1543 819 Fun·

372 853 570 925 dementum
594 857 722 934 autem,
748 873 811 919 cur
835 873 902 918 non
926 850 1030 920 Pater
1053 851 1114 921 sed
1146 852 1264 923 Filiae
1286 854 1324 925 iu
1347 855 1393 926 V.
1413 856 1458 927 Τ.
1482 868 1541 947 ap³

372 961 531 1053 paruerit
556 968 592 1030 et
618 959 663 1043 ed
687 958 899 1027 condendum
922 982 1050 1028 novum
1063 959 1322 1033 Testamentum
1335 963 1541 1035 incarnatus

371 1069 431 1153 sit,
449 1067 615 1137 exhibent
630 1066 667 1134 in
682 1064 770 1155 ipsis
787 1063 1049 1135 characteribus
1064 1068 1318 1157 personalibus,
1338 1070 1423 1163 quia
1439 1070 1543 1143 Pater

360 1162 425 1251 vest
446 1167 656 1268 principium
679 1171 779 1256 Filii,
806 1170 924 1243 Filiae
946 1181 1123 1268 tamquam
1156 1177 1313 1267 perfecta
1346 1178 1464 1269 imago
1486 1182 1542 1249 est

371 1307 414 1353 ex
436 1284 543 1355 Patre
566 1290 608 1351 ut
631 1304 652 1349 a
675 1279 860 1372 principio.
887 1281 980 1365 Quia
1010 1283 1148 1355 scilieet
1180 1285 1303 1356 Filiae
1319 1286 1365 1357 ad
1387 1285 1487 1356 intra
1507 1289 1543 1356 et

371 1391 410 1462 iu
433 1393 603 1462 relatione
627 1389 671 1458 ad
705 1388 845 1459 Patrem
868 1397 923 1460 est
944 1391 1049 1484 plena
1082 1393 1322 1465 manifestatio
1356 1391 1477 1465 Petris
1499 1396 1542 1462 ut

372 1498 681 1573 consubstantialis
704 1498 820 1587 imago
842 1498 974 1586 Patris,
994 1507 1036 1571 ut
1049 1501 1213 1592 splendor
1232 1495 1452 1590 (ἂπαυγασμα)
1468 1499 1542 1592 glo-

371 1610 447 1678 riae
469 1615 507 1678 et
529 1610 646 1698 ligura
671 1601 842 1698 (χαρακτηρ
864 1605 1055 1696 expressio)
1090 1603 1307 1674 substantiae
1329 1604 1430 1691 eins,
1465 1604 1545 1675 idon

371 1718 476 1788 etiam
500 1716 611 1785 omnis
635 1713 873 1783 manifestatio
895 1713 940 1781 ad
955 1720 1065 1781 extra
1087 1713 1125 1782 in
1148 1713 1268 1782 ordine
1291 1712 1337 1782 ed
1359 1717 1542 1783 creaturas

372 1831 428 1895 est
451 1847 520 1918 per·
534 1823 678 1893 Filium.
708 1852 723 1887 u
742 1823 881 1892 Patrem
905 1821 1042 1913 quidem
1059 1820 1275 1891 invisibilem
1288 1827 1325 1897 et
1339 1818 1542 1891 indetermi-

372 1931 522 2005 nabilem
546 1936 715 2024 quantum
737 1929 782 1999 ad
805 1953 867 2000 nos
889 1936 966 2013 est,
993 1929 1171 2020 cognoscit
1193 1952 1294 1999 suum
1316 1926 1433 2022 ipsius
1455 1928 1542 2000 Ver·

371 2041 476 2128 bum;
501 2046 537 2109 et
559 2063 637 2111 cum
661 2038 710 2108 sit
731 2036 1026 2124 inennarrabilis,
1051 2036 1126 2128 ipse
1148 2043 1293 2109 enarrat
1314 2059 1393 2107 eum
1426 2034 1539 2115 nobis,

369 2147 523 2217 Rursum
547 2154 663 2216 autem
686 2145 838 2215 Verbum
862 2169 964 2215 suum
986 2145 1083 2225 solus
1116 2145 1294 2236 cognoscit
1316 2145 1466 2217 Pater...
1491 2143 1541 2217 Et

368 2264 510 2349 propter
529 2253 598 2324 boo
619 2253 737 2322 Filius
758 2252 895 2322 revelat
916 2252 1131 2343 agnitionem
1148 2251 1267 2321 Petris
1281 2275 1343 2344 por
1357 2273 1459 2322 snam
1471 2272 1541 2323 ms·

368 2363 641 2433 attestationem.
666 2360 815 2451 Agnitio
839 2359 930 2434 enim
954 2358 1072 2430 Petris
1095 2366 1150 2431 est
1169 2358 1260 2428 Filii
1286 2356 1540 2455 manifestatio3

369 2472 484 2543 omnia
507 2471 598 2541 enim
621 2454 683 2562 per
706 2468 860 2538 Verbum
883 2468 1198 2540 manifestantur...
1224 2454 1544 2559 Omnibus-igitur

364 2579 544 2651 revelavit
565 2602 602 2649 se
625 2579 729 2648 Pater
753 2579 911 2648 omnibus
934 2578 1087 2648 Verbum
1111 2602 1213 2648 auum
1235 2576 1378 2649 visibile
1394 2576 1542 2660 iaciens,

367 2694 404 2758 et
425 2711 566 2757 rursum
590 2690 743 2758 Verbum
767 2688 927 2756 omnibus
950 2687 1156 2756 ostendebat
1171 2688 1310 2756 Patrem
1330 2691 1370 2755 st
1392 2683 1541 2768 Filium,

368 2818 446 2866 cum
469 2797 514 2865 ab
536 2796 694 2891 omnibus
728 2797 951 2865 videretur...
977 2794 1164 2864 Invisibili
1187 2796 1276 2862 enim
1298 2793 1395 2862 Filii
1418 2792 1540 2875 Peter,

368 2904 507 2971 visibile
529 2919 641 2971 cutem
658 2906 780 2974 Patria
802 2905 947 2973 Filius»
973 2903 1066 2973 Iren.
1077 2903 1103 2972 l.
1115 2903 1217 2972 IV-o.
1229 2903 1261 2970 6.
1274 2900 1397 2982 11376.
1412 2898 1542 2970 Eodem

345 3033 472 3085 *seusu
496 3010 651 3080 Clemens
674 3011 778 3081 Alex.
796 3012 867 3083 ait:
896 3040 912 3075 a
925 3010 1042 3101 facies
1064 3011 1132 3078 Dei
1155 2999 1204 3078 eit
1228 3009 1383 3090 Verbum,
1409 3030 1478 3103 quo
1500 3003 1542 3073 ii·

369 3117 562 3185 luminatur
586 3119 707 3205 (nobis
730 3125 773 3189 ut
795 3118 966 3189 obiectum
990 3117 1226 3208 cognitionis)
1248 3117 1341 3187 Deus
1363 3127 1397 3185 st
1410 3131 1541 3205 ‘coquo-

362 3230 506 3295 sciturs
523 3227 675 3317 Peedag.
691 3227 721 3297 Ι.
738 3251 768 3296 o.
784 3229 816 3296 7.
831 3252 866 3318 p.
882 3227 958 3312 110;
979 3226 1107 3295 Strom.
1124 3226 1168 3295 V.
1182 3249 1218 3316 p.
1233 3225 1311 3293 562.
1325 3222 1543 3314 Fxpresaius

368 3335 528 3427 deinceps
552 3335 746 3426 Gregorius
768 3335 855 3404 Nan.
876 3359 925 3407 or.
944 3334 989 3401 30
1012 3333 1073 3421 (al.
1093 3333 1165 3418 36).
1183 3357 1218 3400 n.
1238 3333 1283 3401 20
1304 3331 1398 3403 inter
1422 3339 1542 3403 cetera

366 3445 517 3531 uomina,
544 3468 632 3536 quae
655 3446 705 3514 ibi
728 3450 927 3541 enumeret,
952 3442 1086 3513 Filium
1109 3443 1162 3513 ait
1184 3440 1356 3534 appellari
1364 3522 1367 3528 Ι
1382 3440 1541 3525 Verbum,

363 3579 386 3615 >a
404 3552 488 3642 quia
510 3550 554 3620 ad
576 3542 716 3621 Patrem
740 3551 792 3620 ita
815 3574 851 3620 se
874 3550 1002 3634 habet,
1029 3556 1070 3620 ut
1093 3549 1237 3620 verbum
1259 3547 1305 3618 ad
1328 3552 1542 3619 mentem...

366 3657 531 3731 Fortasse
555 3661 661 3731 etiam
685 3660 764 3753 quis
787 3660 921 3732 dixerit
943 3661 997 3733 ita
1019 3683 1055 3730 se
1078 3659 1204 3729 habere
1228 3657 1385 3746 (Filium
1406 3658 1455 3729 ad
1477 3658 1544 3734 Pa·

367 3865 500 3918 crsstnrs
517 3861 641 3929 visibili;
662 3863 749 3917 Pater
762 3878 829 3918 vero
848 3878 900 3918 nec
917 3863 997 3917 mitti
1015 3866 1111 3932 potest
1128 3878 1180 3918 neo
1207 3865 1366 3918 creaturam
1394 3860 1547 3919 visibus·

367 3950 534 4018 assumpsit.
557 3951 747 4005 unionibus
767 3953 916 4005 voluntate
935 3952 1032 4007 Patris
1051 3952 1258 4021 omnipotentis
1269 3952 1395 4005 omnium
1405 3952 1546 4006 sonsum

365 4048 464 4097 auctor
477 4040 589 4107 existit,
605 4040 701 4095 virtus
714 4041 847 4095 sensibus
865 4057 921 4095 non
935 4041 1149 4111 perceptibilis.
1162 4043 1225 4096 Non
1238 4043 1315 4096 enim
1333 4041 1364 4096 id
1378 4040 1547 4110 quoderat,

366 4132 505 4185 risnsest
519 4146 575 4184 non
595 4131 762 4184 valentibus
781 4145 844 4184 enm
866 4147 966 4199 capere
985 4138 1103 4202 propter
1120 4133 1351 4189 imbecillitatem
1372 4131 1484 4200 carnin
1503 4146 1549 4188 u·

366 4226 488 4275 sumens
500 4219 593 4289 igitur
611 4235 723 4276 earnem
741 4219 876 4275 sensilem
891 4219 1010 4276 advenit
1021 4243 1034 4273 s
1055 4222 1271 4277 etc.01em.ibt.
