3172 4950
743 374 746 381 .
864 363 902 377 -
924 330 965 393 50
984 362 1023 377 .-

361 439 425 509 ciis
449 440 652 508 humanitus
683 437 976 529 cognoscibilibus
1007 438 1252 509 manifestetur
1283 438 1419 509 veritas
1451 438 1538 511 defi·

361 548 500 633 nienda,
526 554 562 616 et
585 548 622 615 in
645 572 682 616 re
705 546 880 638 praesenti
905 547 1027 616 divina
1050 547 1148 638 origo
1179 547 1263 617 libri
1293 570 1354 618 sen
1387 554 1536 635 textus,

361 657 405 725 ad
422 680 522 748 quem
545 656 714 725 iudicium
737 655 914 724 Ecclesiae
938 656 1103 724 refertur.
1118 656 1301 727 Rationem
1318 658 1408 727 haue
1423 657 1537 727 mani·

362 764 572 833 testationis·
584 771 620 832 et
642 764 910 853 propositionem
926 763 1156 832 extrinsecam
1175 763 1352 848 veritatis,
1370 764 1537 857 adquam

254 904 260 913 ·
362 872 520 941 definitio
551 873 615 941 sub
646 872 851 939 assistentia
881 870 1038 959 Spiritus
1062 871 1182 941 Sancti
1206 872 1339 941 edenda
1370 871 1533 962 respicit,

361 980 554 1049 Concilium
579 981 692 1070 ipsum
718 980 852 1048 indicat
867 1002 941 1048 esse
965 979 1155 1069 publicum,
1173 978 1378 1049 diuturnum
1401 986 1439 1049 et
1456 1002 1536 1049 eon·

362 1094 513 1158 stantem
538 1111 637 1157 usum
662 1086 850 1172 Ecclesiae,
871 1110 937 1179 quo
961 1088 1090 1178 absque
1106 1085 1268 1156 ulteriori
1283 1087 1442 1157 examine
1456 1110 1536 1157 con·

361 1199 488 1282 stabat,
508 1196 570 1265 hos
586 1196 695 1264 libros
719 1218 795 1265 cum
820 1196 978 1263 omnibus
1001 1195 1075 1263 suis
1091 1193 1251 1285 partibus
1266 1218 1308 1265 ex
1324 1194 1452 1265 multis
1466 1196 1536 1264 sal·

361 1312 430 1373 tem
465 1304 534 1371 iam
569 1303 717 1371 saeculis
750 1310 907 1392 receptos
939 1302 1048 1371 fuisse
1082 1310 1259 1392 tamquam
1291 1303 1447 1395 verbum·
1468 1303 1536 1373 Dei

361 1411 542 1501 seriptum.
559 1410 652 1478 Haec
668 1432 769 1499 porro
785 1409 879 1476 ratio
898 1410 973 1499 ipsa
990 1431 1053 1499 pro
1070 1407 1294 1477 fundamento
1309 1407 1416 1479 habet
1438 1410 1536 1501 prin·

360 1518 501 1608 cipium,
517 1518 608 1609 quod
625 1518 781 1607 Spiritus
799 1517 962 1585 veritatis
987 1516 1154 1585 assistens
1171 1515 1349 1586 Ecclesiae
1371 1522 1409 1587 et
1431 1518 1534 1587 indu·

360 1648 440 1695 oens
463 1625 500 1692 in
524 1648 654 1693 omnem
679 1624 864 1692 verit-atem
889 1623 1089 1713 permittere
1119 1646 1187 1691 non
1211 1624 1349 1713 potuit,
1381 1629 1424 1693 ut
1457 1625 1534 1694 nni·

362 1753 463 1801 versa
484 1731 643 1801 Ecclesia
659 1731 695 1797 iu
714 1729 788 1797 suis
811 1730 947 1799 actibus
971 1730 1133 1819 publicis,
1152 1729 1189 1797 in
1212 1730 1294 1799 fidei
1316 1731 1480 1817 decretis,
1498 1732 1535 1831 in

360 1838 538 1928 liturgia,
561 1838 598 1905 in
622 1838 844 1906 institutione
869 1836 989 1928 populi
1014 1837 1220 1923 christiani,
1239 1838 1277 1905 in
1300 1838 1535 1929 explicatione

360 1951 395 2014 et
417 1945 616 2014 defensione
640 1944 819 2012 doctrinae
843 1966 904 2033 per
929 1943 1039 2011 multa
1063 1944 1203 2041 saecpla
1237 1944 1382 2014 haberet
1415 1951 1454 2017 et
1476 1969 1533 2016 ve·

360 2058 542 2122 neraretur
566 2059 742 2143 tamquam
765 2053 910 2119 verbum
933 2051 998 2119 Dei
1029 2052 1199 2141 seriptum
1223 2052 1336 2138 illud,
1371 2054 1465 2145 quod
1496 2076 1534 2125 re

358 2167 474 2229 tamen
496 2160 574 2250 ipsa
596 2160 667 2227 tale
690 2182 757 2226 non
782 2165 883 2228 esset.
913 2160 1078 2250 Adeoque
1102 2183 1170 2228 non
1195 2160 1304 2229 solum
1328 2161 1535 2233 assistentia

360 2268 517 2359 Spiritus
541 2267 685 2351 Sancti,
713 2274 883 2359 quatenus
907 2273 1086 2357 spectatur
1109 2290 1271 2359 praesens
1294 2268 1463 2357 Concilio,
1481 2278 1536 2341 est

359 2376 570 2467 principium
602 2378 780 2461 activum,
806 2398 827 2442 a
852 2399 919 2467 qua
947 2376 1120 2465 repetitur
1151 2376 1365 2446 definitionis
1383 2368 1533 2449 'infalli-

360 2484 500 2569 bilitas,
527 2484 715 2553 sedetiam
740 2484 943 2551 assistentia
957 2484 1123 2567 ¹eiusdem
1151 2483 1332 2575 Spiritus,
1358 2493 1535 2577 qnatenus

360 2597 539 2684 spectatur
562 2600 729 2683 perpetua
753 2592 790 2659 in
813 2592 996 2677 Ecclesia,
1030 2598 1107 2660 erat
1129 2591 1284 2663 Concilio
1306 2594 1400 2661 ratio
1423 2594 1533 2665 obiec-

359 2701 436 2769 tiva
463 2700 678 2768 delinitionis
705 2699 858 2769 eiusdem
890 2701 962 2786 (cf.
993 2700 1153 2768 Tractat.
1183 2699 1225 2768 de
1255 2699 1453 2792 Scripturis
1481 2703 1533 2773 di·

360 2808 489 2893 vinis).

427 2914 597 2995 Quamvis
617 2937 698 2983 vero
722 2913 965 2984 infallibilitas
987 2916 1202 2985 definitionis
1234 2916 1382 3007 pendeat
1412 2919 1457 2987 ab
1479 2940 1533 2989 aa·

362 3020 525 3088 sistentia
549 3020 706 3109 Spiritus
730 3020 851 3089 Sancti
876 3023 940 3089 sub
964 3044 1032 3113 qna
1055 3022 1197 3107 editur,
1223 3030 1259 3093 et
1281 3022 1364 3093 huic
1387 3028 1533 3114 promis-

360 3150 418 3197 sae
434 3127 657 3196 assistentiae
682 3128 855 3196 certitudo
878 3138 1000 3197 nostra
1022 3130 1064 3198 de
1080 3130 1232 3199 veritate
1247 3131 1464 3203 definitionis
1480 3136 1534 3205 in·

360 3235 509 3319 nitatur3
536 3234 690 3323 pertinet
712 3240 827 3303 tamen
857 3236 902 3303 ad
926 3258 1051 3303 munus
1075 3236 1272 3325 theologiae
1295 3237 1476 3329 inquirere
1498 3247 1535 3311 et

361 3340 539 3410 declarare
563 3340 698 3408 modurn
722 3340 848 3430 ipsum,
869 3365 934 3433 quo
951 3343 1165 3433 praedicatio
1180 3349 1216 3412 et
1232 3348 1451 3429 conservatio
1475 3374 1534 3420 ve·

362 3447 482 3517 ritatis
496 3470 557 3538 per
573 3453 729 3516 aetatum
753 3450 936 3518 decursum
955 3474 991 3519 se
1007 3450 1181 3520 habuerit.
1196 3452 1361 3544 Adeoque
1374 3453 1413 3521 in
1428 3478 1533 3547 quae·

361 3554 472 3623 stione
495 3554 670 3644 praesenti
692 3578 874 3645 possumus
901 3557 1077 3649 inquirere
1101 3557 1208 3628 huius
1224 3566 1343 3628 textus
1365 3560 1416 3631 Io.
1435 3562 1482 3633 V.
1497 3566 1531 3635 7.

362 3684 461 3729 usum
484 3662 521 3729 in
543 3662 703 3730 Ecclesia
726 3664 852 3752 priscis
883 3665 1119 3754 temporibus,
1154 3673 1190 3736 et
1219 3667 1356 3738 modum
1387 3691 1455 3761 quo
1486 3672 1533 3743 ad

362 3788 423 3835 nos
447 3790 554 3858 usque
578 3775 805 3838 conservatus
828 3771 888 3839 sit.

428 3875 461 3940 A
485 3875 623 3943 saeculo
639 3876 762 3945 saltem
778 3877 831 3944 IX
854 3884 999 3964 textum,
1018 3880 1059 3948 de
1076 3903 1143 3971 quo
1158 3880 1293 3971 agitur,
1312 3882 1348 3949 in
1364 3882 1534 3955 universa

360 3980 517 4050 Ecclesia
541 3983 732 4051 occidentis
755 3985 892 4073 publico
910 3992 982 4055 'usu
1006 3987 1165 4057 habitum
1199 3990 1309 4059 fuisse
1334 3996 1374 4059 ut
1395 3999 1534 4082 partem

362 4113 390 4158 s.
406 4088 631 4179 Scripturas,
656 4114 698 4159 ex
722 4092 826 4182 paulo
849 4102 929 4163 ante
953 4095 1058 4165 dietis
1082 4102 1214 4165 certum
1241 4091 1465 4170 essaenos
1482 4126 1535 4173 so·

361 4196 433 4265 lum
457 4204 662 4285 argumento
686 4201 996 4290 praescriptionis,
1032 4205 1149 4294 qnod,
1181 4206 1348 4295 spectatis
1378 4230 1535 4297 praeser-

361 4304 425 4372 tim
457 4304 707 4374 const-itntione
730 4314 766 4376 et
789 4309 972 4400 principiis
1003 4310 1207 4398 Ecclesiae,
1233 4313 1318 4383 talis
1350 4336 1436 4384 usus
1464 4340 1535 4388 non

362 4411 431 4480 nisi
454 4411 671 4480 derivatione
693 4435 736 4481 ex
759 4415 973 4507 antiquitate
998 4418 1169 4509 explicari
1191 4425 1318 4509 potest,
1344 4421 1404 4492 sed
1427 4424 1533 4495 etiam
