3172 4950
670 331 708 346 ..
730 298 790 361 333
811 331 849 346 ..

188 404 311 477 amali
323 405 460 475 ratione
473 404 702 475 relativorum
714 405 788 475 sint
803 405 895 475 inter
908 427 944 475 ss
956 404 1136 493 distincti)
1153 405 1296 476 realiter
1307 407 1345 476 in

188 514 304 585 livinis
323 514 509 583 invenitur
523 541 540 575 n
567 512 602 581 S.
619 513 741 582 Thom.
764 514 806 583 de
827 514 964 583 Potent.
980 539 1013 606 q.
1032 514 1065 583 8.
1083 536 1115 583 a.
1136 514 1168 583 2.
1188 515 1232 584 ad
1253 514 1285 584 2.
1308 514 1341 584 3.

188 622 254 691 al.
268 647 302 713 q.
320 620 377 690 28.
399 643 431 689 a.
448 621 482 689 2.
633 643 636 649 ·
1213 637 1216 643 ·

238 730 312 800 Hoc
337 730 428 799 idem
456 729 691 816 lucidissime,
729 736 897 822 qnantum
929 731 1092 818 mysterii
1124 730 1346 820 profunditas

188 839 327 931 potitur,
352 816 537 928 expressit·
549 837 729 906 Cardinal.
749 837 937 907 Caietanns
960 839 998 905 in
1015 838 1052 909 1.,
1064 864 1097 931 q.
1109 838 1207 906 aaa.
1222 838 1254 906 1.
1272 866 1289 901 c
1302 838 1345 907 Iu

188 946 263 1031 Bao,
286 946 359 1031 ait,
385 945 574 1015 secundum
596 968 670 1014 rem
702 945 776 1014 sive
800 944 838 1013 in
862 945 981 1015 ordino
1008 946 1097 1014 reali
1120 950 1175 1015 est
1197 968 1267 1013 una
1289 968 1346 1015 res

188 1060 240 1145 [nt
258 1077 375 1123 omnes
398 1053 573 1123 Catholici
596 1054 722 1123 debent
745 1053 875 1140 fateri)
899 1068 1076 1144 non'pure
1100 1054 1261 1123 absoluta
1283 1077 1346 1124 nec
1430 1142 1435 1151 Ι

188 1184 259 1255 pnre
286 1161 487 1252 respectiva
513 1184 577 1230 neo
606 1161 719 1229 mixta
751 1166 815 1229 ant
846 1161 1035 1249 composita
1071 1168 1134 1231 ant
1167 1162 1346 1231 resultans

188 1288 223 1339 cx
241 1275 412 1361 utraque,
438 1267 499 1337 sed
528 1267 800 1336 eminentissime
824 1273 860 1336 et
882 1268 1078 1337 formaliter
1102 1268 1232 1338 hahens
1256 1271 1346 1361 quod

188 1382 234 1447 nt
251 1375 450 1467 respectivi,
477 1376 544 1443 imo
567 1376 759 1445 multarum
782 1398 901 1457 rerum,
926 1377 1199 1467 respectivarum
1223 1377 1345 1464 (trium

188 1484 317 1557 realiter
339 1483 570 1553 relativorum
594 1483 638 1552 ad
662 1482 813 1553 invicem
836 1491 872 1553 et
895 1483 959 1553 hoo
982 1485 1057 1575 ipso
1085 1485 1230 1554 realiter
1253 1485 1346 1555 inter

188 1616 221 1665 ns
237 1594 506 1679 distinctorum),
525 1600 561 1661 et
577 1592 668 1685 quod
683 1600 738 1661 est
753 1593 922 1681 absoluti3
948 1595 1001 1663 ita
1016 1594 1053 1661 in
1069 1593 1189 1662 ordine
1206 1593 1347 1663 formali

188 1724 241 1773 nen
258 1705 433 1773 rationum
456 1701 657 1772 formalium
680 1704 868 1772 seeundum
893 1726 929 1772 se
953 1709 1009 1790 (ut
1025 1704 1062 1772 in
1076 1703 1148 1771 Deo
1172 1706 1252 1788 est),
1278 1726 1347 1789 non
1386 1724 1392 1735 ·

188 1811 286 1905 quad
308 1834 371 1880 nos
393 1810 564 1903 loquendo
580 1810 655 1906 (qui
672 1834 779 1909 unum
795 1811 885 1880 illud
909 1810 1122 1901 concipimus
1137 1810 1261 1879 multis
1277 1810 1344 1880 dis-

188 1920 297 1991 tinctis
317 1920 519 1990 notionibus
542 1920 812 2011 inadaequatis)‚
831 1925 886 1989 est
901 1919 938 1987 in
954 1920 1025 1988 Deo
1049 1919 1153 1988 unica
1167 1919 1261 1987 ratio
1277 1920 1347 1988 for-

188 2030 277 2099 nnis
289 2052 358 2098 non
375 2052 460 2120 pure
476 2029 636 2097 absoluta
659 2050 722 2096 neo
738 2051 826 2118 pure
842 2028 1052 2118 respectiva,
1071 2050 1140 2096 non
1157 2050 1242 2118 pure
1260 2050 1346 2097 oom-

188 2137 395 2209 mnninabilis
419 2161 481 2207 nec
504 2160 590 2228 pure
613 2137 962 2222 incommunicabilis,
988 2137 1048 2225 sed
1075 2136 1348 2206 eminentissime

188 2262 226 2315 ts
242 2246 433 2315 formaliter
462 2245 643 2314 continens
666 2253 702 2314 et
725 2245 897 2338 quidquid
920 2245 1100 2314 absolutae
1123 2243 1348 2334 perfectionis

188 2358 237 2421 aa
253 2360 287 2423 et
308 2352 478 2447 qnidquid
497 2353 656 2422 Trinitas
680 2353 877 2442 respectiva
899 2352 1055 2441 exigit...
1077 2352 1139 2438 (1).
1159 2352 1264 2419 Pater
1279 2373 1347 2419 non

190 2456 346 2553 intelligit
361 2461 547 2530 essentiam
570 2468 605 2529 et
627 2461 878 2550 paternitatem
895 2466 935 2527 nt
951 2459 1019 2528 duo
1035 2459 1169 2529 obiecta
1185 2458 1349 2527 formalia

191 2560 362 2637 coeundum
385 2590 433 2652 se,
460 2568 519 2636 sed
543 2573 584 2637 ut
607 2591 715 2636 unum
736 2568 932 2639 formaliter
948 2574 983 2636 et
999 2567 1111 2635 multa
1127 2566 1345 2651 virtualiter,

191 2675 318 2745 nonita
340 2676 432 2769 qnod
454 2676 582 2744 inille
605 2696 737 2743 summa
760 2699 798 2744 re
821 2683 925 2766 atque
958 2674 1093 2743 ratione
1125 2673 1265 2743 formali
1288 2696 1348 2763 pa-

192 2784 323 2855 tcmitas
344 2792 382 2853 et
403 2785 556 2854 meantia
579 2785 653 2854 sint
675 2783 816 2871 (solum)
841 2783 1071 2867 virtualiter,
1098 2782 1157 2852 sed
1181 2783 1234 2850 ita
1258 2783 1349 2874 quod

195 2887 254 2960 tint
271 2892 465 2963 formaliter
488 2898 524 2961 et
546 2893 693 2961 realiter
718 2893 769 2978 (h.
788 2915 819 2959 e.
838 2891 929 2983 qnod
953 2913 1024 2959 una
1047 2913 1103 2959 res
1119 2896 1155 2959 et
1171 2911 1240 2958 una
1258 2889 1349 2958 ratio

197 2994 332 3071 lammis
353 3007 409 3071 est
430 3001 548 3092 reipsa
571 3008 646 3069 tum
670 3001 824 3069 essentia
855 2998 1017 3066 absoluta
1048 3004 1125 3068 tum
1152 2996 1350 3088 paternitas

198 3103 325 3178 attice
346 3110 393 3178 ad
414 3108 548 3178 Filium
572 3114 613 3177 ut
636 3108 680 3176 ad
703 3107 919 3193 terminum),
946 3104 1005 3174 sed
1033 3105 1214 3175 distinctio
1230 3127 1350 3173 earum

200 3216 241 3281 st
254 3216 467 3300 virtualiter,
494 3216 577 3308 qnia
599 3215 654 3284 ita
677 3215 727 3283 ibi
743 3220 838 3298 sunt,
857 3237 898 3282 ac
915 3215 945 3282 si
961 3219 1078 3282 essent
1094 3213 1295 3296 distinctae,
1313 3218 1351 3282 et

201 3336 298 3393 ruens
320 3325 404 3418 quia
427 3325 481 3393 ita
505 3330 590 3411 (una
613 3345 670 3391 res
693 3327 728 3390 et
751 3321 843 3389 ratio
867 3321 1040 3406 formalis)
1064 3327 1203 3390 exercet
1224 3341 1351 3387 munus

204 3429 371 3525 ttriusque,
397 3455 438 3501 ac
454 3433 486 3500 si
514 3422 629 3501 essent
651 3430 839 3499 distinctae
860 3456 892 3497 n.
910 3429 1005 3498 Haec
1029 3430 1090 3498 ibi.
1109 3428 1200 3498 Vide
1222 3428 1347 3499 Didae.

203 3524 279 3606 lm.
294 3540 385 3631 disp.
404 3539 457 3607 XI
467 3564 476 3627 ;
501 3538 668 3607 Molinam
683 3539 720 3605 in
736 3538 769 3605 1.
789 3563 821 3629 q.
838 3537 894 3605 28.
912 3537 1003 3628 disp.
1018 3537 1089 3604 III.

248 3644 275 3713 l
292 3648 452 3739 Apparet
475 3646 593 3731 facile,
612 3645 876 3715 fundamentum
898 3668 972 3714 esse
989 3646 1167 3715 diversum
1185 3651 1221 3712 et
1236 3665 1349 3711 neces·

204 3746 312 3825 itam
334 3756 439 3845 longe
463 3754 627 3824 maiorem
650 3753 889 3823 distinctionis
912 3753 1005 3824 inter
1038 3751 1220 3822 formalem
1243 3749 1358 3821 ratio·-

234 3968 271 4047 (1)
286 3975 360 4029 Haeo
380 3973 513 4041 disputat
524 3973 678 4028 Caietanns
692 3977 792 4027 contra
805 3974 873 4027 illos
886 3973 1035 4041 Scotistns,
1054 3975 1104 4040 qni
1123 3974 1200 4027 inter
1221 3973 1351 4028 diversas

195 4062 298 4118 ntloncs
308 4066 342 4117 in
360 4065 418 4117 Deo
438 4068 468 4116 et
485 4063 654 4117 nominatim
674 4064 753 4116 inter
773 4064 936 4117 absolutum
952 4077 984 4115 ac
997 4064 1153 4116 relativum
1167 4078 1222 4116 non
1238 4063 1352 4131 quidem

190 4152 277 4208 Man
291 4155 507 4209 distinctionem
521 4153 681 4207 admittunt
693 4152 781 4226 (qnod
795 4157 872 4207 esset
887 4149 1084 4224 haereticum),
1098 4155 1147 4206 aad
1161 4159 1255 4207 tamen
1267 4154 1350 4207 maio·

188 4256 233 4299 tu
246 4260 331 4315 qnam
342 4248 388 4298 est
407 4243 557 4298 distinctio
576 4244 715 4310 rationis,
736 4245 810 4298 nnds
828 4261 888 4297 eam
901 4246 1054 4313 appellant
1068 4243 1282 4298 distinctionem
1301 4260 1352 4295 me·

188 4334 249 4389 lien
260 4336 308 4391 vel
316 4335 481 4403 semelem,
496 4336 526 4387 h.
538 4352 563 4388 e.
578 4351 650 4402 qnae
664 4336 705 4388 sit
719 4336 859 4389 obicotive
872 4337 902 4388 in
917 4337 973 4389 Deo
986 4337 1065 4388 inter
1078 4333 1351 4400 diverssssormali-

188 4434 250 4495 vta,
269 4428 301 4481 et
318 4440 377 4481 non
395 4426 488 4480 solum
507 4440 541 4478 ex
553 4425 719 4495 imperfecto
737 4429 835 4480 nostro
855 4424 935 4480 modo
954 4423 1140 4490 intelligendi
1159 4422 1347 4490 concipiatur.
