3172 4950
671 301 792 361 -439
813 334 850 347 -

642 488 794 562 SECTIO
821 488 881 561 III.

298 634 336 681 DE
351 632 574 683 PBOGESSIONE
591 634 739 683 seimus
756 635 875 683 sanem
890 635 935 681 EX
954 636 1061 683 Parae:
1077 636 1120 683 ΕΤ
1135 635 1225 682 FILIO

657 778 811 848 CAPUT
834 780 865 849 Ι.

375 926 418 969 DE
438 928 628 973 quenalem
648 929 857 973 euocasswnn
876 928 1018 973 SPIRITUS
1037 927 1149 971 aaron

329 1016 349 1055 Δ
376 1016 481 1059 raras
506 1018 656 1069 mooun
682 1019 851 1061 usvenans
877 1020 910 1060 IN
936 1018 977 1061 SS·
999 1017 1193 1061 scelerum.

614 1159 757 1220 THESIS
778 1160 910 1220 XXXII.

259 1278 420 1343 Procereio
442 1282 588 1361 Spiritus
605 1284 723 1347 Sancti
748 1290 849 1347 etiam
874 1306 895 1347 c
918 1287 1006 1347 Filio
1026 1287 1268 1347 demonstratur

440 1402 482 1445 eoe
504 1386 623 1449 diserta
644 1389 796 1449 doctrina
815 1387 1073 1466 Scriptura-rum.

237 1546 404 1601 eProceesio
431 1548 558 1615 SpIritns
584 1550 681 1604 Sancti
707 1551 818 1605 allilia
837 1566 926 1618 aeque
945 1568 977 1603 ae
996 1568 1012 1603 a
1030 1551 1115 1604 Patre
1135 1549 1348 1606 demonstratur

195 1648 245 1687 *ex
255 1634 363 1690 dlserta
375 1636 506 1691 doctrina
516 1641 609 1707 ipsius
620 1641 691 1695 Filii
701 1643 732 1694 in
743 1641 901 1709 Scriptnris
911 1642 1079 1706 consignata
1090 1642 1131 1694 Io.
1142 1640 1345 1709 XVI.lb.aqq.;

193 1728 265 1779 *tun
282 1742 319 1780 ex
336 1726 466 1782 iudicata
484 1732 585 1784 multia
602 1732 635 1784 iu
653 1733 724 1788 locis
744 1732 884 1784 relatione
902 1731 1025 1798 Spiritus
1038 1732 1121 1789 Filii.
1142 1748 1197 1785 non
1218 1746 1298 1786 aecus
1317 1748 1348 1785 ac

190 1820 252 1869 *ut
266 1816 391 1881 Spiritus
410 1818 515 1872 Patria.
532 1841 545 1868 n

242 2003 271 2072 Ι.
287 2002 577 2075 Manifestissime
600 1988 716 2075 Filius
738 2029 807 2074 non
830 2006 941 2075 solum
965 2006 1169 2075 relationem
1193 2006 1349 2097 Spiritus

188 2104 296 2181 innoti
319 2112 364 2181 ad
388 2136 424 2182 se
439 2112 564 2204 ipsum,
584 2114 642 2182 sed
660 2114 764 2182 etiam
780 2114 950 2184 rationem
967 2114 1073 2183 huius
1090 2115 1274 2182 relationis
1291 2113 1348 2182 de-

188 2214 289 2288 leret
310 2218 362 2287 Io.
376 2220 475 2290 XVI.
489 2221 603 2289 13-15.
619 2221 682 2306 ita,
709 2229 749 2290 ut
772 2221 836 2290 hoc
860 2222 937 2311 ipso
954 2221 1044 2314 quod
1070 2222 1225 2312 Spiritus
1243 2220 1347 2290 Sanc·

188 2344 235 2393 ns
258 2326 417 2416 procedit
440 2349 462 2393 a
484 2327 601 2412 Patre,
617 2327 756 2395 dicetur
779 2349 887 2419 aeque
902 2328 1085 2418 procedere
1101 2349 1121 2394 a
1139 2327 1245 2411 Filio,
1264 2326 1348 2419 qnia

188 2432 336 2523 {namvis
359 2432 464 2501 Pater
486 2456 557 2502 non
581 2435 629 2502 sit
650 2434 778 2519 Filius,
805 2457 921 2503 omnes
935 2441 1050 2502 tamen
1066 2434 1295 2524 perfectiones
1312 2440 1349 2502 et

188 2538 340 2607 brmales
360 2540 516 2608 rationes
537 2546 691 2632 (praeter
714 2565 787 2611 esse
811 2543 951 2611 Patrem
974 2549 1010 2610 et
1031 2564 1104 2610 esse
1127 2540 1271 2624 Filium,
1287 2562 1347 2609 seu

188 2646 266 2739 [uod
289 2646 431 2737 perinde
455 2656 510 2716 eat
525 2700 533 2733 ,
551 2656 690 2740 praeter
708 2649 967 2739 generationem
986 2649 1092 2718 Verbi
1110 2656 1145 2717 et
1167 2646 1347 2717 formalem

188 2754 344 2823 ationem
366 2754 489 2843 Verbi)
514 2757 650 2824 omnino
674 2780 869 2826 communes
893 2763 977 2826 sunt
998 2763 1034 2825 et
1057 2780 1164 2825 unum
1188 2756 1225 2823 in
1241 2756 1346 2823 Patre

188 2866 278 2953 itque
302 2861 343 2935 in
362 2861 476 2945 Filio,
502 2868 538 2932 et
559 2863 703 2953 proinde
726 2863 832 2932 etiam
856 2863 893 2931 in
910 2868 1057 2955 utroque
1074 2884 1144 2931 nna
1159 2870 1213 2931 est
1229 2862 1347 2931 virtus
1389 2846 1394 2853 ’

188 2992 235 3039 eu
258 2993 351 3038 unns
373 2976 474 3039 actus
498 2970 657 3061 spirandi
680 2994 860 3061 personam
883 2971 1025 3039 tertiam
1042 2993 1101 3061 per
1118 2969 1346 3039 communica-

188 3076 304 3146 ionem
328 3077 435 3146 unius
458 3078 641 3149 essentiae.

242 3183 364 3253 «Cum
388 3186 526 3255 venerit
549 3184 611 3254 ille
635 3184 792 3276 Spiritus
816 3186 982 3255 veritatis
1010 3183 1148 3273 (ἑκεινος,
1177 3210 1209 3251 τε
1229 3208 1344 3273 recepe

188 3315 227 3365 ut
243 3286 423 3379 eleasar),
443 3293 580 3362 docebit
596 3316 658 3363 vos
683 3316 814 3362 omnem
846 3294 1057 3382 veritatem
1082 3317 1150 3362 non
1181 3295 1272 3362 enim
1296 3293 1345 3362 lo·

188 3405 303 3492 [uetur
326 3422 347 3468 a
371 3400 566 3491 semetipso,
592 3400 652 3469 sed
677 3422 910 3491 quaecumque
936 3400 1059 3469 audiet
1082 3400 1144 3487 (1),
1169 3400 1344 3493 loquetur;

188 3514 210 3577 et
231 3530 321 3602 quae
343 3515 494 3578 ventura
511 3515 606 3594 aunt,
625 3508 852 3575 annuntiabit
875 3509 987 3577 vobis.
1012 3507 1079 3576 Ille
1103 3531 1155 3576 me
1176 3508 1346 3577 clarifica·

188 3618 251 3703 ria,
278 3616 361 3708 quiea
384 3616 425 3685 de
456 3639 530 3684 meo
560 3615 735 3706 accipiet,
768 3614 1058 3684 etannuntiabit
1085 3615 1198 3682 vobis.
1223 3614 1348 3682 Omnia

188 3746 409 3818 [uaecumque
432 3723 538 3793 habet
561 3724 679 3808 Pater,
706 3745 780 3792 mea
803 3730 898 3793 sunt.
925 3724 1114 3813 Propterea
1137 3722 1235 3790 dixi:
1263 3722 1346 3813 qnia

188 3834 214 3903 ie
226 3856 301 3903 meo
314 3831 463 3923 accipiet
476 3833 539 3920 (2),
556 3838 592 3900 et
605 3822 831 3901 annuntiabit
843 3831 954 3900 vobis.
972 3859 987 3894 n
1008 3830 1166 3921 Spiritus
1183 3829 1347 3927 veritatis

194 4028 200 4039 '
226 4032 270 4109 (1)
287 4036 389 4103 AIIqui
407 4036 462 4089 PP.
476 4036 584 4088 habent
602 4034 692 4095 credit,
714 4033 766 4087 alii
787 4034 921 4085 necdr'err't.
941 4032 1013 4087 Vide
1032 4032 1164 4086 Sabatier
1182 4033 1264 4086 Vera.
1277 4030 1345 4083 Ital.

188 4126 270 4181 ttiam
288 4130 387 4178 textus
406 4140 523 4190 graecus
542 4124 654 4191 patitur
672 4124 830 4177 versionem
850 4123 983 4175 audierit.

225 4212 268 4289 (2)
287 4216 368 4269 alent
378 4217 504 4280 Vulgata
523 4215 610 4267 habet
626 4215 712 4268 etiam
725 4216 823 4267 textus
837 4230 955 4279 graecas
969 4215 1098 4279 receptus
1111 4216 1177 4280 post
1194 4210 1346 4295 Eeancum

188 4306 350 4376 raphanum
360 4304 478 4375 ληψεται
493 4306 525 4358 in
538 4306 645 4370 futur05
658 4304 708 4357 sed
721 4304 828 4357 habent
840 4304 972 4375 λαμβανει
984 4304 1015 4355 in
1026 4303 1172 4371 praesenti
1189 4298 1276 4353 codd.
1286 4300 1347 4367 pln-

188 4399 239 4453 lrni
256 4396 348 4470 (iuter
362 4411 431 4464 quos
441 4397 598 4451 Vaticanus
609 4396 641 4457 Β,
654 4394 821 4453 sinuatione,
835 4396 865 4445 et
874 4391 1110 4457 Oontabrigensis
1120 4386 1166 4457 D);
1186 4388 1242 4441 PP=
1254 4388 1347 4452 graeci
