3172 4950
868 350 906 365 -
931 320 1027 380 14..

362 427 592 518 prophetae...
609 426 647 496 in
670 426 761 519 quod
783 425 841 495 vel
873 424 976 517 quale
1004 430 1142 517 tempus
1171 424 1389 516 significaret
1417 425 1455 494 in
1485 428 1539 496 eis

362 534 519 626 Spiritus
555 534 690 605 Christi
728 536 980 627 praenuntians
1003 530 1057 614 (το
1085 529 1114 598 ἐν
1142 528 1242 605 duce
1264 555 1380 619 πνευμα
1409 556 1538 626 χριστου

362 647 645 735 προμαρτυρσμενον)
668 665 746 730 eas,
772 666 860 737 quae
876 644 914 711 in
929 642 1071 711 Christo
1094 648 1191 726 sunt,
1215 641 1393 733 passiones
1415 648 1452 712 et
1475 664 1537 733 po·

361 751 527 821 steriores
548 750 683 841 glorias
699 779 716 814 n
743 752 775 822 1.
792 752 868 820 Pet.
886 752 916 820 I.
939 753 994 822 10.
1016 750 1218 821 Universim
1252 779 1268 814 u
1293 772 1391 818 nemo
1419 756 1538 839 potest

361 857 475 927 dioere
498 858 602 947 (tide,
628 882 687 951 spe
708 866 745 929 et
767 859 953 944 charitate,
979 859 1071 928 siout
1093 860 1264 947 oportet),
1290 856 1459 925 Dominus
1483 856 1537 927 Ie·

363 988 423 1034 sus
446 966 508 1053 (l),
534 966 604 1035 nisi
626 967 664 1036 in
688 967 825 1058 Spiritu
849 967 989 1036 Sancto.
1006 965 1208 1035 Divisiones
1232 987 1315 1034 vero
1334 964 1537 1055 gratiarnm

361 1078 467 1159 sunt,
491 1073 583 1144 idem
604 1082 720 1145 antem
743 1076 941 1167 Spiritus...
955 1073 1032 1143 Alii
1055 1073 1193 1167 quidem
1217 1073 1322 1143 datur
1345 1096 1407 1164 per
1423 1072 1537 1163 Spiri-

360 1188 436 1251 tum
459 1204 569 1251 sermo
592 1183 840 1274 sapientiae...
858 1183 953 1252 Haeo
972 1187 1088 1250 autem
1111 1180 1226 1248 omnia
1255 1187 1420 1270 operatur
1443 1203 1537 1250 unns

360 1296 465 1384 atque
475 1291 567 1361 idem
579 1292 736 1384 Spiritus
747 1292 908 1363 dividens
920 1291 1085 1381 singulis,
1095 1295 1201 1382 prout
1213 1289 1318 1359 vultn
1334 1288 1535 1359 lcorxn.

361 1400 383 1467 3
405 1424 496 1493 sqq.;
513 1401 601 1471 Heb.
619 1401 669 1469 Π.
687 1403 721 1471 4.
987 1391 991 1397 ’

427 1508 525 1591 Quae
548 1508 680 1579 dieitur
702 1531 770 1578 vox
793 1508 933 1577 Domini
956 1509 993 1576 in
1016 1508 1238 1578 Testamenta
1266 1506 1390 1591 veteri,
1416 1506 1538 1577 eadem

361 1624 508 1689 vooatur
545 1616 581 1686 in
613 1639 703 1687 novo
726 1618 947 1687 Testamento
983 1617 1174 1709 praedictio
1199 1615 1356 1708 Spiritus
1387 1615 1535 1684 Sancti:

363 1726 529 1797 «Audivi
544 1749 661 1797 vocem
679 1728 821 1795 Domini
838 1708 997 1828 (uiui...
1016 1729 1104 1797 vade
1127 1732 1163 1795 et
1177 1725 1271 1796 dioes
1285 1724 1413 1816 populo
1429 1723 1536 1794 huie:

360 1834 480 1903 audite
491 1833 685 1919 audientes,
700 1840 736 1904 et
750 1835 859 1906 nolite
870 1837 1069 1927 intelligere
1082 1864 1099 1901 n
1114 1844 1180 1907 eto.
1197 1834 1314 1904 Is.VI.
1329 1833 1399 1903 8.9.
1421 1835 1537 1904 «Bene

342 1942 515 2032 ‚Spiritus
538 1943 683 2010 Sanctus
704 1941 842 2013 loeutus
864 1950 919 2013 est
941 1968 1002 2035 per
1024 1945 1154 2013 Isaism
1177 1946 1221 2015 sd
1251 1948 1369 2034 patres
1395 1947 1536 2012 nostros

360 2048 490 2119 disens:
511 2049 598 2119 vade
621 2050 666 2119 ed
689 2050 853 2141 populum
877 2053 984 2121 istum
1007 2060 1044 2122 et
1065 2054 1122 2122 dio
1145 2053 1189 2122 sd
1213 2074 1282 2121 eos:
1307 2072 1392 2120 aure
1414 2051 1535 2121 audie·

360 2156 422 2241 tis,
440 2162 477 2226 et
497 2180 565 2226 non
587 2156 799 2249 intelligetis
817 2187 833 2221 n
852 2166 919 2229 eto.
932 2162 1014 2230 Aet.
1030 2161 1201 2231 XXVIII.
1215 2161 1272 2229 25.
1286 2160 1343 2228 26.

426 2264 575 2355 Insuper
596 2263 761 2335 Christus
783 2266 951 2336 Dominus
973 2268 1048 2358 ipse
1071 2268 1258 2338 seeundum
1280 2267 1536 2336 humanitatem

359 2378 396 2443 et
417 2373 454 2441 in
477 2372 696 2443 humanitate
719 2375 879 2465 ungitur,
906 2378 1158 2461 sanctificatur,
1185 2376 1340 2445 mittitur
1357 2396 1378 2441 a
1394 2374 1536 2464 Spiritu

360 2482 501 2551 Sanoto:
531 2490 603 2551 ant
624 2481 779 2552 revolvit
800 2484 929 2553 librum
954 2486 1005 2571 (in
1029 2506 1212 2574 synagoga
1234 2483 1454 2569 Nazarethi),
1472 2483 1537 2551 in-

359 2589 459 2661 venit
480 2588 605 2675 losum,
631 2590 691 2659 ubi
715 2592 884 2683 seriptum
901 2601 992 2663 erat:
1011 2594 1166 2684 Spiritus
1182 2593 1322 2663 Domini
1345 2580 1450 2683 super
1466 2613 1532 2676 me,

358 2702 498 2788 propter
521 2697 612 2789 quod
634 2699 739 2768 unxit
760 2722 824 2785 me,
839 2701 1082 2790 evangelizare
1097 2698 1308 2792 pauperibus
1323 2699 1532 2768 misitne...

358 2804 479 2896 Coepit
500 2813 615 2876 sutem
638 2807 752 2876 disere
774 2808 819 2876 sd
843 2808 949 2894 illos,
974 2810 1058 2901 quia
1080 2808 1183 2878 hodie
1205 2807 1349 2898 impleta
1372 2813 1426 2876 est
1447 2806 1536 2876 haee

358 2912 541 3004 prophetia
557 2915 751 2984 inauribus
765 2916 896 2985 vestris
910 2917 1023 2985 nLue.
1038 2916 1101 2985 IV.
1109 2917 1151 2984 18
1163 2940 1237 3009 sqq.
1255 2917 1320 3002 (De
1332 2939 1370 2984 re
1381 2937 1422 2983 ae
1434 2915 1536 2985 modo

359 3020 465 3091 huius
488 3022 775 3092 sanctificationis
799 3024 880 3093 vide
903 3024 1022 3093 Traet.
1049 3024 1091 3093 de
1117 3024 1309 3111 Inoarnat).
1324 3021 1416 3092 Hine
1439 3023 1537 3093 siout

357 3129 545 3198 meandum
568 3128 822 3200 humanitatem
845 3137 960 3222 potest
981 3130 1157 3221 intelligi,
1183 3132 1273 3224 quod
1296 3131 1459 3200 Christus
1481 3131 1535 3200 di-

357 3236 418 3305 oit:
440 3264 458 3303 s
474 3238 581 3306 Pater
596 3238 706 3308 maior
721 3262 773 3308 me
792 3246 846 3309 est
863 3268 880 3303 n
895 3241 960 3326 (Io.
974 3241 1072 3311 XIV.
1088 3241 1158 3329 28),
1173 3240 1227 3310 its
1239 3240 1426 3310 meandum
1442 3239 1534 3331 quod

359 3345 456 3415 homo
478 3354 544 3431 est,
569 3346 711 3417 exhibet
733 3347 906 3439 Spiritum
929 3356 1092 3419 Sanotum
1110 3351 1272 3419 maiorem
1296 3373 1343 3419 se:
1373 3376 1389 3411 a
1417 3347 1456 3418 Si
1472 3370 1533 3415 au·

295 3542 300 3553 Ι
356 3460 427 3523 tem
450 3478 514 3545 ego
537 3456 574 3523 in
599 3455 737 3545 Spiritu
758 3458 825 3527 Dei
846 3459 948 3528 eiieio
970 3459 1162 3543 daemones,
1188 3459 1302 3549 igitur
1324 3457 1534 3548 pervenitin

357 3583 419 3629 vos
440 3584 587 3652 regnum
603 3563 709 3631 Dei...
720 3563 877 3655 Spiritus
894 3564 1107 3656 blasphemie
1133 3589 1202 3634 non
1225 3566 1468 3634 remittetur...
1484 3564 1534 3634 Et

358 3667 564 3762 quicumque
588 3669 721 3740 dixerit
743 3672 886 3740 verbum
910 3681 1031 3742 eontra
1047 3672 1179 3742 Filium
1202 3672 1364 3757 hominis,
1379 3670 1534 3741 remitte·

356 3784 418 3845 tur
439 3776 484 3864 ei,
509 3778 571 3868 qui
593 3783 711 3847 autem
734 3772 866 3848 dixerit
889 3786 1010 3850 eontra
1041 3781 1215 3871 Spiritum
1240 3780 1430 3865 Sanctum,
1464 3802 1534 3848 non

356 3884 556 3954 remittetur
578 3884 643 3954 eir
668 3884 732 3954 Mt.
755 3885 840 3954 XII.
859 3887 904 3955 28
917 3912 991 3980 sqq.
1011 3888 1060 3956 Ut
1083 3887 1119 3957 h.
1135 3887 1160 3956 1.
1175 3909 1258 3978 prae
1274 3887 1348 3955 illis
1370 3886 1531 3972 Indaeis,

248 4084 254 4091 Ι
357 3992 418 4082 qui
441 3990 622 4062 Christum
644 3996 882 4065 tantummodo
916 3996 1087 4065 hominem
1111 3996 1308 4085 putabant,
1334 3997 1378 4088 fit
1399 4017 1533 4087 comps·

356 4098 449 4167 ratio
471 4098 564 4169 inter
585 4106 765 4191 pmoatum
789 4110 910 4171 conus
932 4103 1064 4173 Filium
1087 4104 1239 4171 hominis
1262 4110 1298 4172 et
1321 4109 1442 4173 eontra
1455 4103 1534 4195 Spi-

357 4206 467 4277 ritum
490 4206 663 4289 Senatum,
675 4208 770 4295 (vide
786 4208 960 4279 Athenas.
979 4216 1100 4280 eontra
1115 4212 1239 4280 Arian.
1254 4217 1344 4280 orat.
1358 4210 1389 4279 I.
1407 4234 1442 4279 n.
1459 4212 1532 4298 50),

425 4350 467 4429 (1)
485 4354 586 4419 Ὀυδεις
605 4362 717 4412 severa·
733 4356 814 4412 ἓιπειν
836 4376 918 4431 nepos
935 4358 1038 4417 Ἰησονν
1058 4361 1105 4413 vel
1123 4361 1154 4414 in
1174 4360 1243 4416 aliis
1262 4358 1349 4416 codd.
1365 4364 1394 4413 et
1411 4361 1468 4414 PP.
1483 4381 1532 4416 κυ-

354 4464 406 4515 pm
425 4444 542 4509 Ἰησους.
