3172 4950
701 326 739 340 -
761 296 822 355 342
843 327 882 344 -

220 407 264 477 sd
286 402 544 497 producentem,
569 420 638 467 non
667 406 782 489 potest
811 401 956 471 realiter
982 410 1019 472 et
1041 403 1194 475 identice
1215 427 1277 475 non
1293 430 1345 479 ena

220 536 291 595 eus,
308 510 425 603 quia...
441 506 498 575 hic
513 514 690 596 respectus
714 508 902 578 constituit
916 515 952 578 et
968 510 1165 603 distinguit
1186 516 1345 587 formaliter

219 644 319 691 unum
334 618 377 685 ab
391 615 520 701 altero,
538 638 621 704 ergo
637 622 692 683 est
708 638 769 685 eus
780 616 886 686 reale.
905 620 982 688 Non
998 626 1117 689 tamen
1134 620 1193 691 hic
1204 632 1345 713 respectae

216 724 444 815 distinguitur
466 723 610 793 realiter
633 725 676 791 ab
699 725 776 815 ipsa
797 727 950 795 essentia
973 728 1097 797 divina
1125 730 1234 822 (quia,
1257 740 1291 799 ut
1307 730 1345 799 de·

214 832 431 914 duravimus,
457 831 534 920 ipsa
555 832 707 899 essentia
730 840 868 922 praeter
899 834 1069 904 rationem
1097 837 1250 906 absoluti
1269 838 1346 905 labet

212 941 376 1011 rationem
398 936 600 1021 relativit..
615 936 699 1006 Cum
723 937 859 1005 nullum
878 937 1068 1007 relativum
1085 940 1199 1030 possit
1212 964 1278 1011 esse
1290 948 1345 1011 tan

212 1056 283 1119 tum
299 1045 485 1117 relativum
509 1045 568 1113 sed
593 1044 714 1113 debeat
737 1044 793 1111 vel
816 1046 926 1135 recipi
949 1046 986 1114 in
1002 1047 1123 1136 aliquo
1146 1046 1345 1117 absolutord

211 1180 285 1227 caua
300 1176 339 1223 eo
355 1151 577 1236 identificari,
596 1160 725 1221 etcum
741 1152 868 1222 relatio
884 1161 1023 1243 recepta
1054 1154 1104 1224 sit
1133 1154 1343 1241 accidentalis,

208 1258 332 1333 relatio
360 1255 483 1325 diviua
513 1265 689 1349 tamquam
713 1260 959 1328 substantialis
988 1268 1025 1329 et
1055 1285 1125 1330 non
1146 1261 1344 1332 accidentalia

207 1372 306 1442 debet
327 1366 468 1458 proinde
495 1387 564 1432 non
589 1364 697 1453 recipi
721 1367 780 1434 sed
805 1366 1016 1437 identificari
1039 1392 1119 1438 cum
1142 1372 1343 1443 essentiari

207 1476 320 1547 soluta
333 1502 350 1537 n
368 1472 576 1543 Pallaviciu.
596 1472 622 1541 1.
641 1497 672 1542 o.
690 1497 726 1543 n.
744 1474 823 1543 355.
847 1474 925 1543 386.

641 1664 786 1727 TIIESIS
807 1668 924 1729 XXIII.

314 1790 511 1859 Declaratio,
535 1792 691 1867 paromodo
712 1792 849 1855 dictatae
868 1813 1027 1871 sterconae
1047 1800 1259 1859 relationibus

568 1893 726 1949 constitui
751 1893 996 1969 intellegantur.

255 2070 269 2097 a
282 2044 437 2113 &rocetta
461 2044 577 2096 notione
597 2044 786 2112 hypostaseos
811 2064 842 2102 ac
867 2064 1022 2115 personae,
1047 2064 1082 2102 ax
1105 2044 1340 2103 demonstratlade

205 2138 384 2193 „identitate
402 2134 475 2187 reali
485 2138 515 2185 et
526 2133 713 2189 distinctione
734 2139 857 2191 virtuali
877 2140 955 2193 iuter
974 2140 1137 2194 absolutum
1162 2158 1196 2195 ac
1215 2140 1338 2195 relatiua

203 2254 216 2277 s
230 2232 260 2285 iu
280 2230 336 2283 Deo
361 2224 531 2292 declaratur,
552 2224 669 2279 divinas
683 2244 819 2293 personas
839 2228 1001 2283 tormallter
1013 2232 1154 2285 constitui
1168 2230 1338 2285 relationibus

203 2342 215 2366 n
230 2320 260 2373 si
282 2318 357 2371 enim
377 2315 499 2369 invicem
522 2322 721 2383 comparentur
740 2322 868 2371 essentia
881 2324 910 2372 ot
931 2321 1106 2389 relationes,
1128 2323 1190 2374 sola
1211 2318 1340 2375 ralatiodl·

202 2432 214 2457 s
229 2408 354 2473 stluguit
372 2406 509 2459 habentes
529 2420 611 2460 uuam
626 2423 798 2462 communem
818 2410 981 2477 essentiam,
997 2416 1026 2463 et
1040 2415 1191 2479 propterea
1204 2412 1297 2465 relatio
1310 2422 1339 2461 ee

203 2522 214 2541 ·
230 2498 289 2551 deut
310 2500 354 2547 est
372 2494 501 2547 formalis
521 2496 595 2547 ratio
616 2496 732 2549 divinae
752 2498 939 2565 hypostaseos
957 2515 1005 2552 seu
1026 2516 1175 2567 personae;
1197 2502 1222 2553 ai
1240 2516 1299 2553 rero
1312 2510 1340 2550 rt·

201 2612 214 2630 ·
229 2588 300 2642 latio
317 2584 515 2637 susbstantinlie
532 2592 676 2649 spectatur
690 2588 814 2653 plenius,
831 2588 953 2655 ipsamet
966 2590 1067 2641 diuina
1080 2592 1184 2641 relatio
1197 2594 1289 2658 utpote
1298 2586 1339 2641 sel·

199 2702 212 2725 s
225 2678 332 2733 miseria
351 2676 471 2725 reditiva
493 2680 538 2725 est
557 2674 659 2728 divina
672 2693 803 2742 persona.
819 2680 906 2731 Porro
925 2680 955 2733 iu
975 2682 1187 2748 comparatione
1202 2680 1338 2747 oripieiaat

199 2792 211 2813 s
226 2766 374 2819 relationis
393 2769 510 2832 propter
524 2767 564 2817 rei
576 2765 760 2821 identitatem
780 2785 918 2835 personae
932 2770 1048 2824 divinae
1062 2787 1152 2839 aequa
1167 2772 1338 2837 originitnrat

197 2882 210 2903 ο
226 2857 410 2911 relationibus
428 2856 604 2909 constitutae
624 2858 754 2923 intelllgi
773 2868 913 2925 possunt;
935 2864 979 2913 est
1005 2865 1100 2914 tamen
1117 2863 1192 2915 ratio
1212 2862 1241 2913 in
1265 2864 1337 2913 uastat

197 2974 209 2995 s
226 2948 304 3005 mildo
323 2945 510 3014 concipiendi,
534 2962 583 2999 cur
602 2948 698 3013 potius
720 2950 907 3002 relationibus
925 2966 1008 3017 quam
1029 2950 1193 3015 oripinibne
1209 2949 1337 3005 formaliter

197 3064 209 3085 ·
227 3040 365 3097 eorrstitui
385 3038 547 3091 dicautur·

261 3200 290 3267 1.
309 3194 484 3287 Imprimis
508 3194 566 3264 hio
589 3196 728 3264 onrnino
748 3200 981 3268 necessarium
1001 3205 1056 3269 est
1075 3200 1112 3268 in
1129 3198 1334 3293 promptulae

195 3314 282 3393 ltere,
309 3328 397 3397 quae
429 3304 471 3373 de
503 3303 645 3393 propria
668 3305 804 3374 ratione
834 3305 1038 3397 hypostasis
1067 3329 1109 3377 ac
1141 3302 1334 3399 personarit

194 3414 450 3507 corripstratioue
466 3436 544 3481 cum
560 3414 759 3481 substantia
774 3437 835 3483 seu
851 3422 979 3484 natura
1003 3416 1216 3506 amplissime
1230 3418 1333 3487 deuor-

190 3532 305 3597 atrata
329 3530 412 3591 sunt
435 3522 470 3593 in
497 3521 617 3591 Tract.
637 3521 678 3590 de
702 3522 957 3592 incarnatione.
976 3524 1190 3613 Hypostasis
1208 3532 1258 3595 est
1274 3522 1332 3587 cia·

190 3634 334 3701 dinatus
358 3632 599 3714 arelatentis»,
625 3638 797 3722 quatenus
827 3632 1022 3721 appositum
1046 3632 1229 3701 indiuiduo
1250 3633 1332 3701 delet·

190 3744 301 3815 rninrat
323 3739 555 3809 substantiam
580 3761 647 3806 non
671 3738 771 3807 modo
794 3739 1009 3827 singularem
1025 3741 1061 3808 in
1078 3728 1330 3830 oppositiouetd

188 3848 422 3925 universalem
447 3845 654 3933 (cuiusmodi
679 3853 762 3914 sunt
784 3869 913 3935 genera
934 3853 970 3915 et
992 3848 1151 3937 species),
1174 3872 1240 3917 non
1261 3838 1331 3913 modo

186 3956 420 4031 srulrstnntinm
446 3954 619 4043 integram
636 3952 673 4021 in
696 3954 910 4043 oppositione
933 3954 978 4023 ad
1001 3964 1136 4045 partem
1154 3940 1329 4043 (cuiusmodi

183 4080 238 4139 stat
261 4089 387 4157 ‹ntrpus
412 4064 467 4133 vel
498 4064 614 4129 anima
638 4062 675 4129 in
699 4061 872 4148 homine),
899 4086 966 4132 non
999 4066 1097 4133 modo
1127 4062 1329 4135 substantiam

184 4190 292 4253 totius
318 4176 354 4245 in
379 4198 414 4241 sc
439 4170 762 4241 contradiatinetam
787 4193 809 4238 a
832 4172 1044 4255 substantia,
1071 4196 1160 4263 quae
1182 4173 1261 4242 licet
1280 4166 1328 4236 sia·

183 4288 324 4385 gaalnris
346 4292 383 4353 ct
405 4282 546 4371 integra
569 4278 618 4347 sit
636 4302 701 4367 per
724 4278 856 4345 modeim
879 4280 993 4369 partis
1016 4280 1111 4348 facta
1128 4274 1327 4389 naturaaltt·

181 4400 260 4477 alata
284 4396 513 4489 luypoataaeos
537 4386 746 4475 (cuiusmodi
778 4396 833 4455 est
866 4387 1018 4455 humana
1045 4395 1176 4458 natura
1196 4378 1325 4459 Christi
