3172 4950
705 351 743 365 -
763 318 824 379 52⁴
844 349 883 365 -

210 430 342 502 dicitur
364 426 549 519 procedere
571 446 614 493 ex
635 424 765 510 Putre,
789 445 859 492 non
881 420 979 492 tollit
993 417 1243 512 processionem
1255 419 1342 490 exli·

209 537 294 608 lion
318 538 459 607 Besssr.
479 535 521 604 de
544 532 684 623 Spiritu
707 531 834 600 Sancto
864 535 998 622 (opusc.
1016 550 1095 598 our.
1112 551 1150 618 p.
1167 525 1244 596 208.
1261 527 1342 614 itt),

211 649 258 718 oi.
272 648 369 737 Hug.
382 645 568 715 Etherien.
583 642 609 711 l.
624 640 674 709 ΙΙ.
690 665 720 711 o.
737 640 792 710 16.
808 665 882 732 sqq.
1101 630 1117 657 ’

276 755 351 824 Iam
373 753 411 823 in
433 753 527 822 thesi
550 751 720 820 XXXIV.
744 746 979 832 ostendimus,
1003 744 1043 815 in
1063 743 1276 816 revelatione
1293 767 1347 836 pro·

210 861 376 935 cessionis
388 859 545 950 Spiritus
557 857 679 928 Sancti
692 855 1053 926 exPatrenonsolum
1075 875 1147 922 non
1168 851 1350 923 excludisd

210 967 337 1037 saltem
359 963 528 1056 implicite
550 963 743 1033 revelatam
758 959 930 1031 contineri
949 958 1203 1051 processionem
1217 957 1312 1028 simul
1321 980 1352 1028 ex

209 1073 315 1159 Filio,
336 1072 397 1165 qui
412 1071 511 1142 Petri
534 1068 842 1141 consubstantialis
864 1090 903 1137 eo
917 1067 994 1158 ipso
1008 1091 1117 1138 uuum
1139 1074 1197 1138 est
1217 1089 1292 1138 curn
1306 1067 1353 1135 Po·

210 1186 266 1252 tre
289 1181 327 1250 in
350 1178 530 1264 omnibus,
556 1176 617 1246 ubi
641 1200 711 1247 non
741 1174 861 1245 obviat
890 1173 1075 1245 relationis
1102 1172 1287 1265 oppositio.
1305 1172 1356 1242 llic

209 1286 322 1359 solum
344 1285 460 1355 odhuo
482 1284 675 1353 memorabo
698 1283 741 1351 ab
764 1280 1055 1352 Archimeudrita
1077 1280 1246 1351 chaldaeo
1265 1278 1358 1349 Adon

210 1395 276 1467 snb
298 1391 467 1462 Pontifioe
489 1390 598 1461 Paulo
621 1390 666 1460 V.
678 1390 796 1460 datam
816 1388 971 1459 lucidum
1000 1387 1272 1479 expositionem,
1295 1409 1358 1480 quo

210 1500 309 1571 modo
333 1498 511 1590 supposito
533 1498 706 1588 dogmate,
724 1497 815 1590 quod
830 1496 936 1567 Peter
950 1501 988 1565 et
1005 1494 1124 1565 Filius
1149 1518 1259 1566 unum
1279 1501 1358 1579 aunt,

212 1607 249 1677 in
273 1606 350 1698 ipsa
373 1605 585 1697 professione
608 1602 840 1695 processionis
862 1601 1020 1694 Spiritus
1042 1601 1168 1672 Sancti
1200 1624 1245 1671 ex
1275 1601 1362 1671 Patre

211 1714 432 1784 contineatur
455 1711 629 1804 implicite
650 1708 820 1803 professio
842 1708 1072 1802 processionis
1093 1730 1139 1778 ex
1160 1707 1273 1779 Filio.
1296 1709 1362 1778 «lle

212 1819 351 1911 Spiritu
375 1820 521 1905 Sancto,
547 1819 609 1911 qui
631 1840 653 1887 e
674 1817 780 1888 Patre
802 1815 980 1909 procedit,
1005 1820 1048 1884 ut
1078 1816 1241 1886 fetentur
1270 1815 1362 1886 orion·

210 1926 314 2012 tales,
340 1933 376 1996 et
398 1928 522 1997 Patres
544 1925 723 2021 Ecclesiae
745 1946 891 2014 megnee
913 1924 1041 1993 Romae
1064 1922 1128 2016 qui
1150 1923 1361 2015 profitentur,

211 2032 303 2125 quod
325 2054 367 2101 ex
389 2033 495 2101 Patre
518 2038 555 2101 et
576 2030 669 2101 Filio
692 2029 868 2122 procedit,
897 2036 1047 2120 utroque
1075 2050 1161 2119 pars
1192 2034 1364 2104 veritatem

210 2137 383 2229 agnoscit.
396 2137 446 2207 Et
468 2161 577 2207 unum
599 2135 837 2208 testimonium
861 2158 984 2207 verum
1007 2134 1102 2206 veris
1119 2136 1285 2209 fidelibus
1305 2141 1364 2209 sut-

210 2244 308 2330 ficit,
333 2243 398 2314 ille
420 2267 540 2340 nempe
562 2266 632 2315 vox
654 2264 743 2336 quoe
765 2265 808 2313 ex
831 2265 889 2313 ore
904 2241 1127 2314 dilectissimi
1142 2245 1228 2315 Iesu
1244 2246 1366 2337 prolate

210 2359 288 2422 est:
313 2373 377 2444 ego
412 2350 503 2421 enim
526 2360 562 2422 et
582 2353 688 2421 Pater
711 2372 807 2422 meus
829 2374 937 2419 unum
960 2373 1123 2422 sumus...
1148 2350 1200 2422 Et
1233 2353 1267 2424 si
1294 2358 1366 2424 sunt

211 2480 320 2528 unum
329 2444 370 2528 'et
384 2480 453 2527 non
468 2458 536 2528 duo
553 2458 744 2546 (essentie),
759 2479 847 2549 quee
870 2455 998 2527 divisio
1013 2464 1067 2527 est
1082 2457 1177 2530 inter
1201 2459 1364 2529 illamve

211 2587 285 2636 cem
307 2587 411 2659 quem
434 2566 659 2652 confitemur,
684 2564 849 2635 nimirum
873 2565 964 2655 quod
990 2564 1148 2655 Spiritus
1178 2566 1366 2637 Sanctusx

210 2672 316 2743 Patre
337 2673 528 2765 procedat,
553 2674 597 2741 ab
620 2695 662 2742 eo
684 2671 775 2765 quod
798 2693 840 2740 ex
863 2672 968 2740 Patre
998 2678 1035 2740 et
1062 2672 1158 2743 Filio
1181 2672 1365 2765 procedat?

209 2778 300 2850 Ecce
322 2802 432 2850 unum
454 2784 538 2849 sunt
560 2785 597 2850 et
618 2803 687 2848 non
709 2779 777 2849 duo
799 2785 836 2848 et
857 2778 958 2847 nulle
980 2777 1110 2849 divisio
1132 2785 1189 2850 est
1212 2780 1305 2852 inter
1332 2779 1368 2850 il·

210 2883 368 2955 los...De
391 2885 529 2978 Spiritu
552 2891 669 2954 eutem
692 2884 819 2956 Sancto
842 2885 945 2955 dixit:
974 2884 1035 2953 ille
1064 2886 1106 2955 de
1129 2909 1206 2956 meo
1232 2887 1370 2979 accipiet

210 2997 248 3062 et
270 2992 489 3063 renuntiabit
502 2991 622 3081 vobis;
649 3015 745 3062 omne
768 2992 860 3084 quod
883 2992 987 3062 habet
1008 2994 1114 3063 Pater
1131 3016 1243 3081 meus,
1267 3017 1368 3064 meum

210 3106 275 3168 est.
290 3098 339 3168 Et
361 3099 392 3169 si
416 3099 469 3169 ita
491 3122 560 3168 nou
582 3106 636 3169 est
658 3100 786 3169 divisio
810 3100 903 3169 inter
925 3119 1089 3191 personas
1118 3099 1368 3193 incompreheu-

211 3204 330 3274 sibiles
354 3205 498 3277 deitatis
514 3207 777 3278 absconditae...
797 3207 877 3301 quis
893 3229 1056 3300 umquam
1070 3207 1261 3280 discrimn
1275 3214 1370 3300 ponet

210 3312 304 3381 iuter
327 3309 426 3379 illem
450 3334 587 3399 vocem,
614 3312 771 3403 Spiritus
801 3335 844 3382 ex
865 3312 971 3383 Patre
1000 3313 1176 3403 procedit,
1211 3317 1256 3385 ab
1288 3315 1366 3398 ille,

210 3417 365 3507 Spiritus
388 3439 431 3487 ex
453 3419 558 3488 Patre
581 3426 618 3489 et
638 3418 733 3489 Filio
756 3419 931 3511 procedit?
954 3419 1023 3491 Sed
1045 3420 1239 3491 orientales
1256 3420 1368 3511 (divisi

209 3525 412 3612 oGreeois)
435 3526 582 3614 dicunt,
609 3528 700 3620 quod
723 3550 765 3596 ex
788 3524 892 3597 Patre
916 3526 1098 3618 procedit,
1125 3528 1211 3619 quia
1235 3528 1365 3611 sciunt,

209 3633 301 3726 quod
323 3632 416 3703 nihil
438 3633 593 3726 possidet
615 3635 720 3705 Peter
742 3640 881 3725 praeter
897 3634 934 3705 id
950 3635 1042 3727 quod
1056 3634 1164 3705 habet
1177 3636 1305 3723 Filius,
1318 3658 1367 3704 ne·

210 3762 277 3833 que
298 3740 416 3811 Filius
438 3747 576 3833 prester
598 3742 762 3827 Patrem,
791 3741 1076 3834 quemadmodum
1104 3742 1306 3813 didicerunt
1331 3765 1367 3810 ex

208 3844 302 3915 Filio
327 3846 433 3941 vivo,
460 3848 521 3940 qui
544 3848 638 3919 dixit
659 3848 782 3918 Patri:
808 3870 906 3917 omne
930 3847 1021 3939 quod
1043 3847 1165 3934 habeo,
1186 3855 1289 3918 tuum
1309 3855 1364 3933 est3

209 3958 246 4021 et
271 3953 363 4044 quod
397 3955 527 4040 habes,
562 3977 674 4024 meum
704 3962 770 4025 est.
791 3954 841 4025 Et
871 3955 994 4025 Patres
1023 3954 1204 4025 Ecclesiae
1235 3977 1367 4047 megnee

210 4058 411 4146 (Romanae)
435 4060 562 4131 volunt
584 4063 786 4149 ostendere,
812 4063 903 4156 quod
924 4061 1042 4131 Filius
1056 4085 1126 4130 mon
1142 4069 1198 4132 est
1212 4063 1366 4133 abiectior

208 4162 313 4233 Putre
337 4166 413 4235 ullo
434 4167 473 4236 in
494 4190 574 4237 re...
600 4170 724 4240 dicunt
746 4170 881 4260 igitur,
907 4170 998 4263 quod
1020 4193 1064 4239 ex
1090 4170 1198 4240 Patre
1221 4178 1258 4240 et
1283 4167 1366 4239 Filio

208 4272 365 4360 procedit
394 4272 550 4364 Spiritus
571 4275 766 4361 solutoris,
792 4283 828 4346 et
850 4297 935 4346 vere
957 4280 1012 4345 est
1040 4276 1214 4367 professio
1237 4277 1365 4345 illorum

210 4374 284 4445 sine
307 4377 441 4449 dubio»
466 4382 651 4451 msemani
671 4382 766 4453 Bibl.
780 4381 841 4454 Or.
851 4382 973 4455 am.
987 4382 1086 4455 P.II.
1093 4407 1129 4476 p.
1140 4382 1221 4455 234.
