3172 4950
548 369 586 382 -
608 337 649 397 37
670 369 708 382 -

74 440 156 507 sint...
180 445 220 508 ut
243 461 360 508 omnes
382 444 558 537 tamquam
575 464 596 509 a
611 464 663 510 me
680 441 810 531 gestari
828 463 934 510 unum
950 443 1023 527 sint
1038 464 1162 531 corpus
1177 447 1213 510 et

71 568 136 612 unus
146 546 303 636 spiritus,
318 553 569 638 accurrantqua
581 549 617 616 iu
631 548 746 618 virum
758 549 950 637 perfectum
963 546 1210 638 (apuliae).

68 652 179 722 libuini
202 677 318 724 omnes
342 655 402 747 qui
425 656 467 725 de
490 655 602 747 ipsius
626 678 768 746 corpore
798 655 1079 746 participamus,
1105 677 1212 723 uuum

67 784 165 851 corpus
179 762 348 832 efficimur
364 785 471 832 unum
482 764 666 832 Dominum
682 752 719 832 iu
735 765 904 833 nobismet
916 763 1003 854 ipsis
1019 764 1210 831 habentes„

66 870 214 940 Athenas.
234 871 282 939 ib.
297 895 333 940 n.
348 871 404 938 22.
426 871 709 941 Praeclarissime
733 878 978 962 argumentum
1001 872 1039 939 in
1061 871 1213 940 Arianos

65 979 216 1048 convertit
232 979 270 1048 S.
288 979 450 1050 Hilarius
466 979 508 1048 de
524 979 623 1049 Trin.
639 979 771 1050 LVIII.
786 1004 821 1048 n.
842 980 956 1066 13-17,
975 979 1035 1049 ubi
1051 979 1144 1048 inter
1161 1001 1213 1047 re·

10 1122 12 1127 ·
64 1085 139 1177 liqna
160 1086 224 1155 ait:
246 1115 263 1150 a
274 1093 316 1157 ut
332 1086 405 1157 sint
419 1110 539 1173 unum,
558 1088 651 1156 siout
666 1110 728 1157 nos
744 1111 851 1156 unum
873 1109 1004 1174 sumum
1024 1108 1088 1176 ego
1105 1086 1142 1153 in
1158 1085 1214 1152 his

63 1200 139 1262 ettu
160 1194 198 1263 in
222 1217 288 1279 me,
313 1202 356 1266 ut
379 1195 452 1266 sint
474 1196 623 1286 perfecti
646 1196 683 1266 in
699 1220 818 1264 unum.
836 1196 906 1265 Eos
922 1218 1025 1280 nunc,
1045 1194 1107 1285 qui
1121 1194 1214 1262 inter

62 1301 178 1372 Putrem
193 1309 231 1372 et
244 1302 379 1372 Filium
402 1304 598 1374 voluntatis
621 1304 789 1394 ingerunt
812 1303 995 1388 unitatem,
1021 1302 1212 1392 interrogo,

61 1417 158 1479 utrum
180 1435 243 1502 per
266 1417 415 1482 naturae
438 1413 609 1481 unitatem
633 1412 735 1481 hodie
757 1412 921 1481 Christus
938 1412 974 1479 in
991 1410 1090 1479 nobis
1106 1408 1215 1478 sitan

60 1541 105 1608 per
124 1520 342 1590 concordiam
364 1521 584 1590 voluntatis?
608 1521 647 1591 si
670 1521 761 1590 enim
784 1543 865 1590 vere
881 1519 1034 1588 Verbum
1047 1539 1127 1586 earo
1143 1517 1214 1584 fae·
1259 1505 1262 1509 ¹

60 1635 117 1698 tun
139 1635 210 1714 est,
236 1634 274 1698 et
296 1651 378 1698 vere
400 1651 463 1698 nos
486 1628 639 1698 Verbum
664 1651 800 1699 carnem
824 1628 899 1697 cibo
923 1625 1092 1695 dominico
1109 1623 1214 1692 sumi·

59 1758 130 1823 nus,
153 1737 320 1828 quomodo
343 1760 412 1806 non
434 1737 646 1806 naturaliter
670 1759 807 1806 manere
831 1737 867 1804 iu
890 1735 990 1802 nobis
1013 1733 1214 1802 existiman-

59 1844 111 1912 dus
130 1845 244 1915 esti...
268 1844 309 1913 si
333 1868 414 1915 vere
438 1844 552 1935 igitur
575 1866 714 1914 earnem
737 1843 893 1933 corporis
916 1841 1029 1911 nostri
1052 1839 1216 1908 Christus

58 1954 275 2047 asumpsit...
293 1975 423 2045 nosque
446 1975 528 2022 vere
551 1955 615 2021 sub
638 1952 806 2042 mysterio
830 1973 967 2021 carnem
983 1948 1137 2040 corporis
1160 1946 1215 2015 sui

58 2061 222 2147 sumimus,
240 2067 277 2131 et
291 2084 352 2154 per
375 2059 439 2130 hoo
462 2084 570 2131 unum
594 2061 736 2146 crimus,
763 2059 846 2152 quia
868 2059 973 2127 Pater
997 2059 1034 2127 in
1057 2079 1096 2126 eo
1112 2061 1166 2125 est
1182 2060 1228 2123 et'

58 2167 108 2237 ille
128 2168 164 2237 in
186 2168 314 2255 nobis,
342 2169 508 2262 quomodo
532 2169 730 2239 voluntatis
761 2167 880 2238 unitas
904 2164 1101 2236 asseritur?
1116 2191 1132 2227 r
1148 2169 1213 2233 ete.

59 2275 283 2362 (vicariam.
303 2277 345 2346 de
366 2274 589 2363 Eucharist.)
614 2275 676 2363 (1).

115 2514 155 2590 (1)
172 2515 336 2573 cavendum
354 2515 402 2570 hic
420 2515 533 2569 omnino
553 2520 598 2569 est
616 2530 720 2569 nuova
739 2514 860 2583 quadam
874 2513 1007 2582 opinione
1020 2513 1158 2567 hactenus
1172 2512 1215 2566 in-

57 2610 93 2660 ter
107 2607 267 2662 Catholicae
286 2605 421 2660 inaudito
432 2645 439 2673 ,
461 2621 517 2674 qua
541 2605 676 2660 Christus
695 2606 833 2659 Dominus
852 2605 1003 2657 secundnm
1015 2603 1217 2656 humanitatem

56 2713 124 2751 mm
140 2714 195 2751 non
216 2699 307 2752 solum
325 2699 357 2750 in
375 2698 451 2751 coelo
470 2698 700 2751 connaturaliter
718 2700 748 2750 et
759 2698 791 2751 iu
803 2695 988 2750 Eucharistiae
1002 2711 1053 2762 per
1066 2695 1214 2748 transsub-

55 2789 262 2843 stantiationem
281 2787 539 2855 sacramentaliter,
561 2785 609 2839 sed
629 2787 715 2840 etiam
734 2789 819 2840 extra
840 2785 1053 2839 Sacramentum
1077 2784 1108 2835 in
1129 2784 1217 2836 omni·

56 2874 202 2930 iniustis
221 2875 342 2930 realiter
360 2890 495 2943 praesens
514 2878 544 2928 et
562 2875 731 2929 inhabitans
750 2890 813 2928 esse
837 2874 1001 2928 affirmatur.
1021 2873 1064 2925 Ex
1078 2870 1158 2925 modo
1178 2873 1218 2926 lo·

57 2966 150 3033 ouandi
163 2968 285 3020 istorum
300 2965 455 3020 recentium
471 2969 628 3020 ascetarum
648 2968 772 3019 ceterum
787 2964 895 3033 pietate
902 2964 1113 3032 'praestantium
1126 2963 1218 3030 suspi-

55 3056 107 3108 ari
123 3057 186 3123 quis
204 3059 310 3124 posset,
326 3070 373 3109 eos
392 3057 561 3121 argumenta
585 3058 615 3107 et
639 3053 845 3123 fundamenta,
866 3055 970 3122 quibus
990 3054 1036 3107 usi
1058 3053 1126 3107 olim
1149 3053 1219 3106 sunt

58 3145 238 3214 utiquetaril,
258 3158 316 3199 non
335 3145 408 3198 satis
427 3144 532 3198 habere
549 3147 708 3213 perspecta.
732 3143 894 3198 Tenendum
913 3159 980 3197 saue
1000 3147 1063 3210 eet,
1084 3141 1159 3210 quod
1177 3140 1220 3194 ait

57 3232 82 3287 S.
94 3235 289 3291 &inventura
306 3236 334 3288 3.
349 3235 418 3288 diet.
430 3237 510 3304 ihc.
522 3236 548 3288 2:
563 3235 710 3290 «Ratione
728 3235 937 3301 humanitatis,
960 3238 1099 3302 quantum
1119 3235 1164 3285 est
1182 3229 1217 3283 de

58 3339 93 3385 ae,
110 3325 139 3378 in
156 3342 210 3381 uno
228 3330 343 3381 tantum
361 3327 422 3381 loco
446 3328 492 3381 est
509 3322 686 3397 (Uiriatus),
708 3325 783 3394 quod
803 3326 878 3380 enim
904 3326 944 3378 sit
962 3325 993 3376 in
1013 3324 1148 3391 pluribus
1167 3322 1219 3374 hoc

59 3419 99 3466 eet
113 3417 161 3470 sub
178 3417 378 3484 sacramento,
399 3416 554 3471 seeundum
580 3414 654 3483 quod
680 3415 751 3468 dicit
776 3414 983 3480 Innocentius,
1012 3413 1125 3465 seilicet
1144 3407 1218 3477 quod

60 3501 176 3560 (ihrietue
186 3507 295 3560 (licitur
307 3521 371 3559 etse
383 3505 489 3560 alieubi
502 3505 751 3568 sacramentaliter,
773 3504 879 3558 alicubi
896 3502 1095 3570 personaliter,
1112 3499 1219 3554 alicubi

61 3592 183 3649 localiter.
196 3595 343 3658 hocaliter
361 3598 406 3649 eet
423 3594 455 3649 in
474 3595 560 3662 coelo,
582 3593 831 3649 sacramentaliter
850 3597 895 3647 est
914 3593 944 3644 in
965 3591 1064 3658 altari,
1086 3603 1219 3659 persona·

62 3680 121 3737 liter
138 3685 266 3755 (persona
278 3680 394 3757 (livine)
410 3685 552 3755 ubique.»
