3172 4950
718 282 756 299 -
777 249 839 314 210
858 281 897 298 -

218 370 314 433 certa
338 357 508 453 quaedam
534 356 733 441 attributa,
759 366 843 425 uta
874 356 973 425 nobis
1005 355 1278 448 concipiuntur,
1300 366 1367 431 sat

219 467 410 561 peculiaris
433 466 553 559 aliqua
576 466 741 552 affinitas;
767 464 982 555 praedicatio
1005 464 1171 557 specialis
1193 464 1313 534 talium
1328 472 1365 539 at

221 578 435 647 tributorum
459 575 500 643 de
526 595 596 640 una
619 595 767 663 persona
790 571 1063 643 intellectionem
1087 573 1365 665 characterispro

221 684 291 777 prii
315 681 509 773 personalis
533 704 602 749 non
625 682 767 749 iuvaret
791 682 850 749 sed
874 681 991 771 potius
1014 681 1221 773 impediret:
1251 682 1364 753 «ailo

221 813 368 886 quamur
391 791 432 859 de
456 791 693 881 appropriatis
717 800 882 882 quantum
907 790 950 858 ad
967 789 1122 859 ordinem
1145 791 1205 860 vel
1225 791 1364 881 origmea

221 921 322 991 quem
346 905 534 967 connotant
550 950 558 983 ,
585 898 636 967 sic
652 898 924 989 appropriantur
940 919 961 965 a
978 906 1077 989 parte
1092 898 1147 969 rei
1161 908 1299 991 propter
1309 922 1364 969 coa

223 1005 435 1074 venientium
451 1028 528 1072 cum
551 1006 705 1095 propriis
735 1026 973 1095 personarum.
996 1004 1097 1074 Unde
1125 1006 1211 1099 quia
1241 1006 1365 1076 Patere

221 1111 319 1180 nullu
341 1120 406 1196 est,
425 1119 461 1181 et
475 1112 592 1182 Filius
607 1134 628 1179 a
644 1113 760 1197 Patre,
779 1119 815 1181 et
831 1112 989 1202 Spiritus
1005 1112 1159 1183 Sanctus
1173 1115 1219 1181 ab
1234 1122 1362 1207 uuoqas,

221 1228 258 1288 et
279 1220 479 1288 huiusmodi
501 1220 584 1288 ordo
607 1220 807 1289 attenditur
831 1220 869 1288 in
893 1221 1049 1312 potentia
1082 1227 1119 1290 et
1152 1222 1317 1312 sapientia
1339 1226 1383 1305 ti¹

222 1327 400 1413 bonitate;
432 1327 508 1396 ideo
542 1335 641 1418 patet
664 1329 756 1396 ratio
779 1329 1040 1419 appropriandi.
1071 1329 1172 1397 Unde
1195 1329 1282 1414 illa,
1301 1348 1365 1421 quae

222 1458 290 1504 non
315 1443 503 1505 connotant
529 1436 647 1528 aliquo
670 1436 768 1505 modo
784 1437 938 1505 ordinem
954 1436 1011 1506 vel
1028 1437 1212 1527 originem,
1229 1442 1364 1507 uonsuui

221 1544 497 1635 appropriabilia
519 1570 535 1603 a
562 1544 599 1611 S.
614 1544 809 1613 Bonsvent.
826 1544 863 1613 iu
877 1545 909 1612 1.
925 1545 1008 1613 dist.
1023 1544 1078 1613 34.
1096 1570 1129 1637 q.
1145 1546 1180 1613 3.

289 1652 462 1734 Quoniam
487 1674 570 1720 vero
592 1651 813 1721 characteres
835 1653 1036 1742 personales
1065 1658 1215 1743 possunt
1242 1650 1365 1724 cosio

222 1760 296 1828 rari
321 1762 385 1828 sub
408 1760 568 1850 pluribus
592 1762 790 1830 rationibus
813 1760 993 1845 diversis,
1019 1761 1207 1831 secundum
1238 1758 1366 1854 quase'a

223 1870 432 1959 respondent
455 1870 597 1939 diversa
620 1873 818 1959 attributa;
844 1870 926 1941 hinc
950 1872 992 1940 fit
1008 1877 1049 1939 ut
1064 1870 1125 1938 uni
1141 1888 1365 1961 personsepoa

224 1977 297 2045 sint
319 1978 538 2068 appropriari
562 1979 664 2071 plura
688 1982 883 2065 attributa,
909 1987 945 2049 et
975 1979 1131 2048 vicissim
1165 2001 1269 2048 unum
1289 1972 1365 2045 attri·

224 2084 345 2154 butum
369 2086 480 2176 possit
502 2088 723 2178 appropriari
747 2111 815 2156 non
839 2088 901 2156 nui
929 2087 1041 2156 solum
1072 2086 1133 2156 sed
1164 2088 1228 2156 sub
1255 2084 1366 2155 diser!

224 2191 499 2261 consideratione
522 2195 627 2262 etiam
652 2194 736 2263 aliis
759 2195 930 2285 personis.
945 2194 1004 2264 Sic
1026 2216 1056 2263 e.
1075 2218 1111 2284 g.
1129 2198 1242 2261 cistas
1269 2210 1365 2285 apprc

223 2399 399 2468 dupliciter:
422 2413 477 2452 uuo
498 2398 579 2451 modo
599 2413 648 2467 per
668 2400 743 2452 viam
765 2398 981 2461 similitudinis,
1003 2400 1078 2453 sicut
1097 2416 1130 2454 ea
1149 2417 1222 2470 quae
1244 2400 1363 2470 pertineat

223 2488 258 2543 ad
277 2490 455 2543 intellectum
475 2490 700 2555 appropriantur
719 2489 805 2545 Filio.
819 2490 870 2557 qui
883 2488 1012 2555 procedit
1030 2505 1082 2555 per
1100 2488 1211 2543 modum
1229 2490 1366 2544 intellectu

224 2585 256 2635 ut
275 2581 416 2645 Verbum
437 2581 496 2633 alio
514 2579 594 2633 modo
614 2596 665 2646 par
684 2579 795 2633 modum
820 2581 1080 2641 dissimilitudinis,
1103 2581 1181 2634 sicut
1200 2580 1320 2649 potentia
1332 2592 1366 2645 ap

223 2673 389 2740 propriatur
408 2671 499 2735 Patri,
521 2676 554 2723 ut
571 2669 753 2735 Augustinus
772 2669 853 2735 dicit,
875 2671 943 2738 quia
963 2669 1036 2737 apud
1056 2673 1217 2737 ucspatres
1229 2673 1366 2724 aulantem

223 2766 340 2830 propter
358 2766 533 2813 senectutem
553 2759 669 2823 infirmi,
684 2775 719 2812 ne
733 2761 791 2812 tale
806 2759 917 2826 aliquid
932 2760 1107 2826 suspicemur
1120 2759 1151 2811 iu
1166 2760 1223 2812 Deo
1239 2781 1252 2807 s
1263 2756 1364 2813 ΜΗ.

224 2853 306 2921 q.ss.
318 2867 345 2904 a.
357 2852 383 2902 7.
398 2872 410 2897 a
425 2850 629 2918 ⁴tppropriatio
639 2850 671 2903 iit
682 2856 712 2901 st
725 2848 881 2902 secuudum
901 2848 1041 2903 rationem
1061 2848 1306 2913 similitudimem
1321 2860 1365 2901 aaa·

224 2942 377 3005 uideretur,
399 2940 472 3008 quod
487 2942 517 2994 iu
539 2940 649 2994 divinis
670 2942 801 3008 personis
820 2946 874 2995 cst:
896 2944 927 2992 et
947 2940 1100 2993 secuudum
1115 2942 1254 2994 rationem
1270 2934 1366 2993 diasiai·

224 3031 378 3096 litudinis‚
403 3031 428 3083 ai
448 3030 645 3084 consideretur
664 3030 738 3098 quod
763 3033 794 3084 in
815 3031 958 3083 creaturis
981 3034 1072 3083 cst...
1092 3031 1243 3098 Sapientia
1261 3027 1367 3084 similite·

224 3120 320 3173 dinem
342 3119 430 3173 habet
450 3135 511 3171 cum
540 3120 617 3172 Filio
636 3121 763 3179 coelesti.
786 3120 818 3172 in
838 3124 976 3186 quantum
998 3124 1044 3171 ast
1064 3120 1204 3184 Verbum,
1227 3118 1295 3188 quod
1311 3112 1367 3169 aiiil

224 3207 303 3261 aliud
327 3212 372 3260 est
394 3223 478 3274 quarn
495 3213 646 3274 conceptus
669 3208 846 3274 sapientiae;
868 3207 964 3260 dcdcit
984 3214 1077 3260 autem
1096 3208 1242 3261 interdum
1265 3209 1368 3261 illiciat·

225 3312 293 3351 reno
319 3303 436 3366 propter
461 3298 597 3365 temporis
620 3299 793 3365 paucitatem
818 3304 872 3350 etc.
886 3297 959 3350 ibid.
972 3316 998 3350 a.
1013 3299 1040 3350 8.
1061 3298 1192 3352 cetarum
1215 3296 1368 3364 summan

225 3403 307 3456 quem
325 3389 482 3455 Angelicus
500 3390 640 3456 appellat,
655 3405 711 3440 nou
732 3388 846 3456 quidem
867 3389 1000 3456 loquitur
1015 3388 1049 3441 de
1069 3390 1121 3442 hoc
1139 3390 1195 3443 tali
1213 3388 1369 3443 iuudaneate

225 3480 481 3549 appropriationia,
503 3479 550 3533 sed
572 3481 662 3533 solum
682 3479 790 3532 alicubi
810 3480 871 3532 ait:
893 3480 967 3546 apud
988 3479 1117 3532 homines
1142 3484 1226 3548 pater
1244 3477 1370 3533 deicitur

225 3570 387 3635 nescendo;
409 3576 439 3623 at
461 3586 517 3623 uon
538 3572 593 3622 illa
614 3569 768 3639 (nativitas
786 3567 871 3638 Filii)
890 3570 932 3622 sic
950 3575 1013 3634 est,
1034 3570 1084 3622 ubi
1105 3585 1156 3623 uec
1181 3570 1284 3625 crescit
1297 3565 1370 3621 tilia

226 3676 276 3715 nec
294 3662 419 3714 senescit
440 3663 526 3714 Pater
548 3666 639 3712 contr.
653 3660 801 3712 Maximin.
817 3662 837 3711 l.
854 3662 892 3714 11.
904 3677 928 3713 c.
945 3662 988 3712 14.
1001 3677 1030 3713 n.
1045 3661 1073 3712 6.
1094 3659 1138 3712 Ad
1150 3675 1209 3714 rem
1223 3650 1372 3729 ipsamque!

225 3755 352 3818 spectat,
375 3752 471 3819 potius
490 3752 534 3804 ita
553 3749 687 3802 dicemus:
709 3751 778 3802 licet
797 3749 1014 3803 fundamentum
1026 3750 1274 3818 appropriatiouie
1286 3756 1372 3815 seuptt

225 3841 266 3893 sit
282 3841 450 3897 similitudo.
472 3855 572 3907 scopus
595 3846 688 3892 umen
708 3838 834 3893 directus
853 3844 882 3892 ct
896 3840 1029 3907 princeps
1048 3844 1218 3907 potestesse
1240 3832 1373 3908 duplexdi

227 3944 346 3995 versua3
368 3929 536 3998 quandoque
556 3931 631 3983 enim
651 3946 701 3997 per
725 3931 989 3998 appropriationem
1015 3930 1184 3983 intenditur
1201 3924 1375 3985 maritarat·

225 4018 413 4086 proprietatis
435 4017 655 4083 distinguentis,
678 4018 847 4086 quaudoque
866 4018 1031 4089 (supposita
1049 4014 1259 4090 distinctione)
1276 4018 1378 4073 declat*

226 4109 274 4160 tur
295 4107 457 4174 aequalitas
469 4123 651 4175 personarum
666 4116 696 4160 et
710 4110 807 4161 unitas
819 4110 850 4162 in
860 4109 1014 4161 attributis
1028 4110 1180 4162 absolutis.
1196 4109 1335 4163 Videlicet
1344 4118 1379 4177 pt

225 4200 286 4248 teet
304 4198 484 4265 appropriari
507 4214 532 4250 e.
547 4214 574 4263 g.
596 4200 740 4267 sapientia
758 4198 844 4263 Filio,
869 4200 914 4251 rel
935 4204 968 4251 ut
981 4199 1167 4265 intelligatur
1187 4200 1325 4269 processio
1342 4208 1382 4267 pti

226 4282 337 4337 modum
349 4285 575 4351 intellectus‚vcl
587 4292 619 4340 ut
629 4288 766 4355 explicite
777 4288 963 4353 intelligatur
977 4286 1196 4355 vindiceturque
1208 4288 1286 4342 liiiio
1302 4286 1383 4345 eada!

226 4373 359 4429 abacista
371 4374 524 4444 sapientis,
539 4391 611 4445 quae
625 4380 670 4429 est
683 4377 790 4430 Patris.
803 4376 847 4430 (li.
858 4377 888 4432 S.
900 4376 1092 4431 Beneventi.
1104 4376 1175 4432 dist.
1186 4377 1232 4431 st.
1245 4394 1274 4447 q.
1283 4378 1310 4432 a.
1322 4375 1383 4433 adi
