3172 4950
711 299 749 314 -
770 267 890 331 216-

210 371 236 440 l.
247 370 297 441 II.
311 394 346 442 n.
360 372 391 440 1.
409 392 449 441 es
461 371 588 441 habeat
603 371 707 463 paulo
723 372 829 444 aliter
844 373 1025 465 disposita:
1042 402 1060 439 a
1070 372 1271 443 unusDeus
1280 372 1358 441 Pate·

209 503 251 549 ex
269 503 337 572 qno
353 480 479 564 omnia,
493 488 530 549 et
541 504 632 549 unus
646 482 849 573 unigenitus
860 482 1029 551 Dominus
1043 481 1271 553 nosterIesus
1285 480 1357 551 Chri

210 592 302 689 stus,
318 610 380 676 per
395 610 494 679 quem
508 588 634 674 omnia,
649 594 687 656 et
700 611 792 657 unus
804 589 961 679 Spiritus
983 589 1111 659 donum
1127 590 1165 658 in
1182 589 1357 658 omnibus...

210 716 280 763 una
296 702 449 785 potestas
464 718 506 764 ex
527 697 738 788 quaomnia,
761 719 831 767 una
854 698 1036 789 progenies
1060 722 1122 789 per
1137 720 1243 791 quam
1257 697 1357 765 omnis.

209 805 385 894 perfectae
403 805 476 894 spei
494 827 617 873 munus
638 828 756 874 unum.
783 806 855 875 Nec
878 805 995 876 deesse
1018 805 1209 899 quidquam
1232 826 1357 874 consum·

210 911 355 980 matioui
378 917 498 981 tantae
515 914 723 1004 reperietur,
739 913 837 982 intra
860 937 963 1007 quam
986 914 1035 983 sit
1057 914 1094 982 iu
1118 914 1224 983 Patre
1241 910 1357 983 etFilio

211 1028 248 1089 et
270 1018 409 1108 Spiritu
425 1018 565 1107 Sancto,
592 1023 750 1111 infinitas
776 1024 813 1087 ia
838 1037 987 1105 aetnae,
1013 1024 1140 1123 speeies
1164 1023 1202 1087 in
1222 1020 1354 1111 impias,

211 1152 290 1195 asoa
308 1132 344 1194 ia
360 1154 506 1199 micam.
527 1158 544 1193 a
570 1131 833 1221 Interpretatur
861 1155 944 1202 vero
963 1130 1192 1222 Augustinus
1206 1129 1273 1199 l.c.
1287 1134 1354 1197 etex

211 1257 250 1303 eo
274 1236 310 1304 S.
327 1235 477 1306 Thomas
501 1238 534 1306 1.
553 1263 586 1330 q.
605 1238 661 1306 39.
675 1261 708 1306 a.
724 1240 759 1307 8.
777 1239 861 1309 haec
884 1240 948 1325 ita,
978 1247 1020 1308 ut
1042 1240 1233 1306 aeternitas
1246 1257 1354 1324 respon

211 1339 293 1413 dest
315 1345 522 1434 proprietati
545 1346 666 1414 Patris
691 1352 869 1439 nmquam
903 1346 1071 1438 principii
1095 1346 1170 1415 sine
1192 1341 1353 1436 principia

211 1453 336 1542 speeies
358 1475 420 1521 seu
443 1453 671 1543 pulchritudo
695 1454 903 1546 proprietati
927 1454 1027 1540 Filii,
1047 1462 1220 1547 quatenus
1241 1458 1354 1541 estper

211 1559 305 1629 fecta
327 1560 442 1651 imago
465 1562 583 1630 Patris
606 1585 647 1631 ex
664 1562 741 1654 ipso
758 1564 855 1633 modo
871 1554 1102 1654 prodessiouis
1119 1585 1181 1654 per
1193 1555 1354 1652 &osredo

211 1690 307 1755 nem,
333 1694 412 1736 esras
435 1692 496 1739 seu
522 1700 538 1733 u
556 1670 718 1755 dilectio,
746 1672 931 1743 delectatio
954 1680 991 1742 et
1013 1671 1207 1742 felicitas»
1233 1664 1355 1762 proprie

211 1777 279 1847 tati
298 1776 454 1868 Spiritus
470 1778 591 1849 Sancti
609 1781 825 1870 procedentis
846 1806 907 1873 per
926 1803 1074 1850 amorem
1094 1779 1215 1848 Patris
1227 1800 1267 1847 ac
1280 1770 1355 1844 Filii.

279 1885 399 1955 Facile
423 1888 491 1956 iam
516 1889 721 1978 explicabis,
736 1892 873 1983 quando
885 1893 929 1960 ab
945 1891 1062 1960 eodem
1076 1889 1356 1978 Augustinopra

213 1992 377 2062 dicantur
404 2028 420 2060 a
435 1997 471 2063 in
496 1996 600 2066 Patre
625 2000 755 2083 unitas,
771 2000 809 2068 in
831 2000 925 2070 Filio
948 2000 1163 2092 aequalitas,
1189 1998 1226 2067 iu
1248 1990 1355 2088 spiriu

213 2100 342 2171 Sancto
359 2104 509 2171 unitatis
525 2106 819 2199 aequalitatisque
836 2107 1031 2195 concordia
1041 2114 1078 2176 et
1092 2108 1178 2175 haec
1194 2104 1263 2174 tria
1276 2120 1355 2171 nuos

212 2214 327 2278 omnia
350 2221 492 2302 propter
511 2213 676 2300 Patrem,
704 2215 866 2308 aequalia
890 2224 1031 2306 propter
1054 2215 1208 2299 Filium,
1233 2226 1355 2283 connexe

213 2310 328 2387 omnia
352 2333 493 2411 propter
517 2322 687 2413 Spiritum
706 2323 885 2394 Sanctum.
903 2352 919 2387 n
939 2325 1060 2394 Doctr.
1076 2322 1202 2394 christ.
1218 2321 1244 2389 l.
1261 2319 1288 2388 1.
1299 2341 1324 2388 c.
1333 2316 1355 2384 d.

214 2428 304 2499 Vide
329 2429 366 2499 S.
380 2430 619 2501 Beneventur.
640 2433 672 2501 1.
689 2433 771 2501 dist.
791 2434 846 2502 31.
865 2456 898 2502 a.
918 2434 952 2503 2.
971 2458 1004 2526 q.
1018 2434 1051 2501 3.
1078 2434 1170 2502 Item
1195 2434 1275 2503 alia:
1299 2428 1355 2496 acet

213 2560 298 2628 ergo
322 2539 427 2608 Pater
449 2540 543 2608 Filio
566 2542 713 2611 veritati
737 2542 836 2631 origo
859 2565 981 2627 verax,
1007 2548 1044 2611 et
1065 2541 1184 2611 Filius
1208 2541 1249 2611 ds
1269 2528 1355 2608 veraci

215 2647 320 2717 Patre
343 2659 421 2717 orta
445 2649 593 2734 raritas,
611 2656 648 2718 et
671 2648 828 2740 Spiritus
852 2650 1004 2719 Sanctus
1019 2672 1041 2717 a
1058 2651 1163 2719 Patre
1180 2652 1265 2719 bono
1278 2638 1355 2717 stri

213 2753 263 2822 lio
286 2756 373 2823 hono
396 2758 508 2825 effusa
532 2758 670 2826 bonitas
688 2787 703 2819 n
724 2756 833 2827 Serm.
849 2758 905 2825 71.
924 2782 961 2826 ιι.
973 2758 1027 2826 18.
1042 2758 1184 2827 Pariter
1200 2757 1238 2826 in
1253 2751 1355 2845 symbt

214 2862 261 2931 lis
284 2863 466 2932 distinctio
489 2872 543 2934 est
565 2867 631 2935 Dei
658 2867 777 2937 Patria
805 2868 1048 2956 omnipotentis
1061 2915 1071 2947 ,
1102 2867 1288 2945 creatoris,·
1306 2868 1355 2930 tu

214 2969 303 3039 Filii
325 2971 489 3054 Domini,
525 2973 683 3062 Spiritus
707 2973 829 3043 Sancti
853 2975 1085 3063 vivificantis,
1110 2977 1174 3064 qui
1197 2975 1354 3040 locutam

210 3102 275 3168 per
286 3081 483 3168 propteroa.
499 3080 656 3172 Denique
671 3081 715 3148 ad
732 3081 854 3149 orandi
868 3082 1004 3150 modum
1021 3081 1112 3172 quod
1128 3085 1274 3170 spectat,
1286 3068 1354 3145 Chri

216 3192 293 3253 stus
317 3184 486 3254 Dominus
509 3187 583 3277 ipse
601 3189 786 3256 secundum
805 3186 1056 3256 humanitatem
1069 3194 1145 3256 tum
1162 3183 1354 3256 obedientior

215 3300 252 3361 et
274 3294 536 3363 satisfactiones
559 3320 621 3386 pro
646 3297 746 3366 nobis
769 3302 845 3366 tum
869 3298 1044 3366 orationes
1067 3295 1235 3386 explicite
1260 3283 1354 3363 direxit

215 3400 260 3470 ad
282 3402 392 3471 Deum
411 3403 561 3488 Patrem,
578 3407 739 3496 quamvis
754 3405 840 3475 haec
856 3406 971 3474 omnia
986 3408 1205 3475 referrentur
1221 3403 1265 3473 ad
1279 3400 1354 3471 Dan

215 3531 322 3580 unum
333 3518 369 3581 et
383 3511 528 3599 trinun13
542 3514 762 3606 eamdemque
776 3522 913 3605 praeter
926 3515 1017 3582 alias
1033 3516 1180 3582 formam
1196 3509 1354 3581 orandiut

216 3621 347 3706 docuit,
362 3643 464 3713 qnam
488 3630 524 3691 et
535 3622 694 3691 Ecclesia
710 3623 748 3691 in
764 3645 863 3691 sacra
880 3622 1030 3712 liturgia
1046 3619 1353 3716 frequentissimum

215 3729 350 3819 quitur,
367 3730 426 3797 ubi
442 3737 589 3820 rogatur
606 3730 710 3799 Pater
736 3731 952 3822 omnipotens
968 3739 1132 3801 aeternus
1149 3730 1246 3799 Deus
1261 3748 1314 3818 par
1328 3717 1353 3789 lt

215 3859 290 3905 sum
302 3837 482 3906 Christum
498 3839 682 3907 Dominum
706 3839 872 3907 Nostrum
885 3839 1018 3908 Filium
1035 3840 1123 3923 eius,
1138 3839 1201 3931 qui
1217 3860 1292 3908 cum
1310 3832 1353 3922 ip!

214 3951 341 4036 regnat
355 3946 393 4013 in
410 3947 545 4015 unitate
563 3947 720 4037 Spiritus
737 3948 858 4017 Sancti
874 3949 980 4017 Deus.
1000 3949 1097 4031 Quae
1110 3949 1227 4016 omnia
1240 3956 1353 4038 praesul

215 4053 281 4122 tim
299 4053 336 4121 in
356 4054 596 4123 coniunctione
609 4079 685 4124 cum
699 4056 782 4124 aliis
798 4057 932 4142 formis,
948 4056 1075 4149 quibus
1091 4055 1265 4146 dirigitur
1279 4040 1353 4121 orati

215 4162 260 4230 ad
278 4162 410 4231 Filium
434 4170 469 4232 et
492 4163 536 4231 ad
554 4164 727 4253 Spiritum
745 4164 924 4249 Sanctum,
942 4165 1120 4255 pertinent
1140 4165 1185 4232 ad
1201 4161 1353 4254 exprimet

216 4270 294 4337 dam
327 4271 497 4340 unitatem
520 4272 586 4341 Dei
617 4273 653 4340 in
688 4275 912 4344 distinctione
937 4297 1163 4364 personarum
1187 4269 1291 4340 simul
1311 4280 1353 4335 cul

216 4378 337 4448 ordine
352 4381 622 4471 processionum.
638 4382 728 4452 Vide
740 4384 862 4453 Didae.
879 4384 970 4453 Ruiz
987 4384 1077 4475 disp.
1093 4382 1150 4451 82.
1167 4390 1252 4451 sect.
1266 4380 1299 4447 4.
1310 4366 1353 4445 eti
