3172 4950
880 334 918 352 ..
941 302 1001 364 tle
1023 333 1061 351 ..

388 421 441 487 sto
465 413 566 484 iuxts
587 410 735 480 Paulum
758 431 801 479 ex
823 407 917 477 Filio
940 407 977 475 h.
992 430 1023 476 e.
1039 429 1081 476 ex
1104 407 1240 500 duplici
1261 408 1352 479 Filii
1374 411 1520 499 attributo,

388 523 478 616 qnod
502 520 617 589 Filius
641 540 707 586 non
732 516 945 586 est.nlienns
959 535 982 582 s
1005 515 1135 586 deitate
1166 522 1337 606 paterne,
1369 523 1410 587 ut
1436 542 1521 590 oonoe

387 632 478 700 dunt
498 625 826 710 Pneumstomoohi,
851 628 889 692 et
912 623 1002 716 quod
1025 622 1114 691 Filii
1136 629 1192 694 est
1207 624 1368 715 Spiritus
1391 625 1520 714 Senotus¹

388 745 430 806 ut
451 736 584 804 Peulns
600 734 700 803 docet
716 739 752 801 et
767 730 1071 801 Pneumetomsohi
1087 732 1235 802 maxime
1250 733 1461 804 contendunt
1474 736 1525 823 (sod

388 843 612 915 excludentes
633 841 800 925 Petrem),
826 863 868 910 ex
892 840 958 908 heo
980 839 1123 931 inqnem
1145 839 1282 932 duplici
1296 841 1431 911 retioue
1444 841 1525 912 inli-

390 952 440 1020 lio
464 950 623 1043 sequitur
645 955 831 1039 utrumque
853 954 961 1038 ospnt
981 948 1025 1015 eb
1047 948 1263 1019 adversariis
1277 955 1452 1039 negatum,
1465 951 1527 1044 quod

392 1059 548 1149 Spiritus
571 1063 625 1125 est
647 1056 752 1126 etiarn
775 1076 797 1123 e
819 1056 924 1124 Patre
947 1060 983 1124 et
1006 1057 1096 1147 quod
1120 1062 1175 1125 est
1195 1059 1369 1126 essentiae
1391 1057 1526 1128 einsden.

392 1167 481 1237 Nem
504 1170 558 1234 eet
580 1163 699 1232 Petris
722 1162 879 1252 Spiritus
901 1163 995 1232 siout
1017 1169 1071 1232 est
1095 1163 1251 1253 Spiritus
1272 1163 1375 1252 Filii;
1400 1165 1458 1235 sed
1475 1165 1530 1256 Spi-
1575 1144 1578 1239 Ῐ

389 1272 483 1342 ritus
505 1270 592 1339 Filii
614 1275 668 1338 est
691 1268 956 1338 concedentibus
978 1276 1015 1337 et
1030 1268 1318 1338 contendentibus
1332 1271 1530 1358 adversariis,
1576 1276 1578 1301 ²

392 1379 475 1471 quie
497 1384 551 1446 est
573 1398 595 1444 s
616 1375 723 1462 Filio;
749 1397 833 1465 ergo
856 1373 1014 1464 Spiritus
1037 1376 1156 1445 Petris
1178 1382 1256 1462 est,
1283 1378 1368 1468 quis
1389 1384 1443 1448 est
1461 1380 1532 1448 sPs

390 1492 456 1554 tre.
476 1485 583 1553 Porro
607 1482 763 1573 Spiritus
786 1482 930 1551 dooente
952 1482 1062 1551 Psulo
1076 1488 1131 1552 est
1144 1483 1197 1551 its
1213 1484 1373 1575 Spiritus
1394 1485 1533 1571 Filii‚nt

391 1594 440 1664 sit
454 1592 607 1663 eiusdem
631 1591 777 1660 virtutis
799 1612 841 1660 eo
863 1589 980 1659 Filius
1001 1596 1039 1660 et
1060 1592 1206 1682 proinde
1221 1593 1329 1662 etism
1345 1593 1532 1664 eiusdenee

392 1702 548 1788 sentiee;
575 1699 635 1770 sed
658 1699 781 1768 iisdem
804 1696 1022 1768 adversariis
1045 1700 1315 1770 consedentibus
1342 1701 1457 1771 Filius
1483 1723 1533 1769 non

392 1816 448 1880 est
469 1808 606 1877 alienus
628 1807 672 1875 eb
695 1806 846 1876 essentie
869 1811 1037 1897 peterns,
1062 1829 1146 1897 ergo
1174 1808 1281 1877 etium
1305 1808 1459 1900 Spiritus
1483 1830 1533 1877 nou

393 1924 449 1986 est
471 1917 607 1984 alienus
629 1915 673 1982 ab
695 1915 825 1983 eedem.
839 1914 958 2003 Igitur
973 1921 1130 2004 speotetn
1145 1915 1317 2002 doetrins,
1332 1938 1435 2009 quern
1445 1917 1530 1986 'ileo

392 2025 498 2093 dorus
520 2024 715 2112 impugnat,
741 2044 863 2091 sensus
885 2023 1081 2091 verborum:
1109 2023 1267 2093 «Paulus
1291 2025 1472 2093 manifesto
1489 2021 1531 2092 do·

392 2136 471 2216 oet,
497 2131 588 2222 qnod
612 2153 653 2196 ex
676 2129 770 2197 Filio
795 2133 899 2196 etiam
921 2130 1075 2219 Spiritus
1104 2155 1172 2197 non
1198 2146 1247 2198 est
1277 2133 1416 2200 alienos
1441 2128 1529 2198 odei·

394 2253 466 2306 tots
483 2253 632 2327 paterno
646 2263 677 2322 n,
702 2237 893 2306 nltimetim
915 2243 1102 2308 revocetur
1124 2238 1168 2307 ed
1191 2237 1297 2307 huno:
1316 2263 1359 2306 ex
1375 2241 1466 2309 Filio
1484 2240 1532 2330 psi

396 2368 464 2410 non
488 2359 537 2411 est
559 2344 693 2409 alienus
715 2369 736 2409 a
760 2344 888 2412 deitate
905 2359 1056 2434 paterna
1078 2361 1110 2412 et
1132 2349 1228 2412 ouius
1243 2361 1292 2412 est
1315 2347 1534 2437 Spiritus&-

398 2453 451 2520 det
473 2454 654 2541 Spiritus,
678 2466 717 2516 ut
740 2454 844 2517 etiam
867 2455 940 2542 ipse
961 2478 1028 2518 non
1051 2453 1255 2519 titalianus
1288 2479 1311 2519 a
1340 2453 1466 2522 deitate
1485 2477 1534 2544 po·

395 2574 503 2625 ternu
530 2557 582 2627 At
603 2558 667 2627 hoo
690 2557 870 2627 evidenter
893 2559 1090 2648 significet,
1116 2559 1206 2651 quod
1230 2561 1388 2649 Spiritus
1405 2558 1536 2651 procedit

393 2681 425 2732 st
448 2680 496 2732 eet
520 2688 561 2731 eo
584 2665 777 2731 substantia
790 2665 882 2732 Filii
905 2665 966 2756 qui
989 2671 1043 2734 est
1065 2665 1537 2751 oonsnbstentinlisPetri,st

392 2771 469 2840 ideo
481 2771 586 2840 etism
605 2771 761 2860 Spiritus
773 2777 827 2840 est
842 2771 942 2839 Petri
966 2771 1286 2842 consubstantialis.
1301 2773 1428 2843 Merito
1441 2775 1538 2865 itaque

391 2877 494 2945 Cerd.
512 2877 584 2944 Mai
607 2900 649 2945 ex
673 2875 737 2944 hoo
759 2876 834 2944 looo
857 2877 975 2966 potuit
997 2878 1128 2947 inferro
1150 2899 1354 2948 eonsensum
1387 2877 1538 2950 Theodori

392 3006 469 3054 oum
492 2984 657 3052 Patribus
680 2984 919 3072 pugnantibus
934 2984 1457 3056 edversnsPneumstomnohos.
1477 2987 1539 3055 lion

391 3099 507 3161 temen
530 3089 735 3172 dissimulo,
768 3091 811 3158 ab
840 3090 905 3159 heo
930 3091 1005 3161 sive
1031 3092 1109 3159 Enni
1134 3091 1220 3160 Maii
1249 3092 1326 3163 sive
1356 3101 1474 3163 nostre
1498 3093 1538 3160 in·

391 3198 641 3289 terpretntione
665 3197 851 3267 dissentire
878 3199 985 3283 olios,
1009 3199 1103 3268 inter
1125 3222 1210 3291 qnos
1232 3207 1288 3269 eet
1311 3200 1357 3270 ol.
1380 3202 1539 3271 Professor

390 3306 454 3374 Dr.
473 3305 754 3394 Hergenroether
777 3307 938 3394 (Plotius
961 3309 1002 3375 Τ.
1017 3307 1047 3376 Ι.
1061 3331 1096 3398 p.
1111 3308 1219 3390 687.).

458 3411 501 3480 In
524 3413 669 3481 eundem
693 3434 830 3481 sensum
853 3413 1009 3503 intelligi
1032 3436 1131 3504 posse
1161 3420 1328 3504 putemus
1359 3415 1537 3486 Theodore-

390 3527 478 3589 tum.
493 3520 606 3588 Looue
630 3520 689 3611 qni
713 3507 863 3610 proferri
888 3522 989 3606 solet,
1000 3530 1041 3590 ut
1063 3522 1280 3608 ostendatur,
1306 3524 1539 3614 prooessiouen

390 3627 546 3718 Spiritus
563 3627 684 3697 Sonoti
699 3650 741 3696 ex
764 3627 857 3696 Filio
873 3628 1080 3719 simpliciter
1094 3651 1117 3696 e
1134 3630 1353 3700 Theodoreto
1368 3631 1475 3701 tuisse
1493 3649 1538 3696 ne

389 3742 519 3824 getam,
543 3741 661 3803 exstet
684 3734 720 3801 in
743 3734 818 3802 eius
841 3735 1096 3825 oppugnatione
1107 3736 1474 3808 anathematismorum
1483 3735 1539 3824 Cy·

389 3840 466 3907 rilli
488 3840 532 3908 ed
555 3840 676 3909 sueth.
692 3840 757 3907 IX.
772 3839 857 3908 Cum
881 3840 918 3910 S.
944 3841 1102 3930 Cyrillus
1124 3842 1176 3911 ibi
1197 3841 1359 3928 dixisset,
1386 3843 1539 3935 Spiritum

389 3943 554 4013 Senotum
578 3968 651 4015 esse
677 3946 848 4036 Spiritum
870 3948 1048 4038 proprium
1073 3948 1152 4017 Iesu
1176 3947 1334 4035 Christi,
1362 3949 1540 4021 Theodore-

387 4055 447 4118 tus
470 4072 552 4119 sene
575 4051 694 4143 inique
717 4059 753 4120 et
776 4052 964 4143 sophistice
987 4075 1095 4143 egens
1118 4053 1156 4122 in
1178 4060 1254 4123 tote
1285 4054 1351 4125 ille
1374 4056 1540 4149 impugn-

387 4164 482 4234 tione
506 4167 736 4256 suspicionem
759 4168 904 4254 iniecit,
931 4178 1049 4238 utrum
1073 4169 1233 4260 Cyrillus
1255 4172 1350 4242 torte
1367 4168 1541 4242 sensulitr

387 4272 576 4342 oedonieno
599 4273 770 4363 Spiritum
795 4276 927 4345 dixerit
949 4278 1129 4367 proprium
1152 4276 1266 4365 Filii,
1300 4281 1394 4372 quod
1417 4279 1541 4350 scilieet

386 4400 455 4448 non
478 4401 500 4448 s
522 4381 626 4452 Patre
650 4382 709 4451 sed
733 4404 754 4449 a
777 4382 872 4452 Filio
895 4386 1137 4456 tantummodo
1159 4395 1274 4475 esset,
1299 4387 1406 4482 idque
1427 4387 1489 4474 its,
1507 4388 1542 4453 nt
