3172 4950
879 323 916 335 -
939 291 959 351 0
980 323 1017 335 -

360 399 420 462 tus
431 392 592 479 Sanctus,
608 395 773 464 dicuntur
783 394 828 463 ad
840 395 978 464 Patrem
991 393 1129 464 revolvi
1139 399 1176 462 et
1186 391 1418 483 recapitulari
1433 391 1535 460 velut

360 500 405 569 ad
429 501 571 587 fontem,
589 523 676 592 quae
699 501 825 571 relatio
848 502 935 570 Filii
958 502 1003 571 ad
1025 502 1164 570 Patrem
1180 506 1217 569 et
1232 500 1389 588 Spiritus
1412 497 1536 567 Sancti

302 690 305 695 Ι
359 607 405 676 ad
428 608 568 678 Patrem
591 631 632 679 ac
647 610 779 679 Filium
802 610 841 678 in
863 610 1031 681 universa
1053 609 1213 679 doctrina
1236 607 1371 676 Christi
1394 606 1535 695 amplis·

359 715 444 784 aime
456 724 566 807 patet.
581 717 648 787 Sed
660 718 702 787 de
717 717 783 788 hac
796 718 1035 789 coniunctione
1047 718 1198 787 unitatis
1214 740 1292 786 cum
1310 715 1535 784 distinctione

358 824 396 892 iu
419 826 644 918 sequentibus
666 826 805 896 dicendi
827 826 925 896 locus
947 828 1039 915 erit;
1065 826 1171 895 huius
1193 825 1284 894 enim
1307 824 1360 892 rei
1382 822 1535 912 explica-

355 930 407 1000 tio
430 934 616 1007 constituit
637 941 881 1024 argumentum
904 936 1014 1004 totius
1037 934 1231 1025 praesentis
1251 938 1438 1001 tractatus.

422 1040 506 1110 Pari
528 1043 626 1112 modo
648 1043 713 1112 hoc
735 1044 850 1133 ipsum
873 1044 1137 1113 fundamentum
1154 1042 1305 1112 unitatis
1320 1039 1533 1108 substantia-

355 1145 402 1216 lis
424 1151 633 1240 supponitur
656 1152 693 1220 iu
716 1151 929 1243 professione
951 1157 988 1221 et
1008 1151 1240 1242 explicatione
1263 1149 1345 1221 fidei
1369 1146 1533 1216 christia·

355 1278 442 1343 nae,
469 1258 506 1326 in
530 1259 688 1328 omuibus
710 1260 901 1350 symbolis,
933 1261 971 1328 in
1000 1258 1295 1329 declarationibus
1318 1263 1354 1326 et
1376 1255 1532 1345 disputa-

354 1365 510 1434 tionibus
532 1368 720 1437 Doctorum
744 1367 995 1437 eatholicorum
1018 1367 1188 1439 adversus
1211 1387 1345 1436 errores
1361 1363 1479 1433 varios
1496 1370 1533 1432 et

354 1473 449 1541 inter
471 1473 680 1544 seinvicem
702 1477 890 1567 oppositos.

420 1579 464 1648 In
487 1582 667 1670 symbolis,
686 1605 774 1675 quae
790 1591 883 1653 certe
899 1583 1101 1675 exprimunt
1114 1582 1361 1675 professionem
1375 1586 1451 1649 tum
1466 1579 1531 1647 Pa·

354 1694 486 1757 storum
509 1694 584 1758 tum
608 1691 719 1781 plebis
743 1692 911 1777 fidelium,
937 1691 1141 1762 nominatim
1158 1693 1195 1760 in
1210 1690 1367 1781 symbolo
1381 1690 1531 1780 Aposto-

354 1795 422 1864 lico
445 1796 530 1866 fides
556 1827 573 1862 ι
587 1798 625 1866 in
640 1800 781 1867 Deum»
808 1800 866 1869 vel
881 1784 1081 1891 expressius
1107 1829 1123 1865 ι
1141 1799 1179 1867 in
1195 1821 1302 1867 unum
1317 1799 1428 1865 Deum
1443 1824 1459 1858 ιι
1479 1794 1531 1881 (1)

352 1903 487 1993 primus
509 1911 563 1973 est
585 1906 759 1975 articulus
782 1907 882 1979 velut
905 1930 1068 1999 compago
1091 1914 1128 1976 et
1150 1908 1330 1976 continens
1349 1902 1530 1974 vinculum

352 2009 591 2082 distinctionis
626 2014 824 2101 subiectae,
851 2037 920 2108 qua
951 2016 1157 2085 credendum
1185 2021 1240 2084 est
1270 2015 1308 2083 in
1331 2014 1471 2082 Patrem
1493 2019 1531 2080 et

351 2117 483 2188 Filium
504 2128 541 2191 et
563 2122 735 2211 Spiritum
759 2123 938 2193 Sanctum.
955 2125 1056 2193 Hane
1079 2125 1181 2193 fidem
1203 2122 1356 2191 unitatis
1370 2121 1436 2189 Dei
1459 2139 1532 2186 una

351 2249 429 2295 cum
452 2228 676 2298 distinctione
692 2231 800 2299 trium
817 2233 878 2324 qui
894 2237 978 2300 sunt
994 2232 1100 2317 Deus,
1121 2231 1333 2301 docebantur
1348 2235 1385 2298 et
1400 2229 1438 2296 in
1453 2227 1531 2317 ipsa

351 2335 570 2425 susceptione
601 2329 819 2408 Sacramenti
848 2345 1027 2430 tamquam
1057 2347 1225 2408 tesseram
1248 2338 1529 2407 Christianorum

350 2443 508 2533 profiteri
532 2445 742 2516 iubebantur
765 2469 881 2516 omnes
905 2448 1107 2538 baptizandi
1123 2446 1352 2535 (cremetis
1365 2444 1526 2536 Apostol.

350 2550 376 2620 l.
386 2550 470 2620 VII.
482 2574 512 2621 c.
523 2553 579 2641 41;
594 2553 751 2624 Cassian.
767 2554 808 2625 de
820 2556 961 2625 Incarn.
979 2555 1005 2625 l.
1019 2556 1084 2625 VI.
1100 2579 1130 2625 c.
1142 2556 1175 2623 3.
1190 2558 1286 2641 etc).
1300 2555 1400 2623 Hane
1423 2576 1529 2642 repe-

349 2662 433 2728 tunt
454 2665 497 2728 ut
518 2660 620 2731 fidem
642 2662 820 2732 Ecclesiae
842 2662 1055 2733 universalis
1078 2664 1202 2732 Patres
1218 2667 1254 2730 et
1268 2663 1433 2732 Doctores
1445 2661 1527 2730 iude

349 2789 371 2835 a
393 2770 574 2860 primaeva
595 2776 721 2841 aetate.
751 2800 768 2835 ι
781 2771 937 2840 Primum
961 2771 1112 2839 omnium
1128 2771 1240 2856 crede,
1259 2769 1349 2861 quod
1367 2792 1458 2837 unus
1472 2776 1528 2839 est

349 2876 455 2961 Deus,
470 2879 531 2970 qui
546 2878 662 2947 omnia
678 2878 843 2948 creavit»
861 2886 929 2948 etc.
953 2879 1102 2946 Hermae
1125 2877 1249 2945 Pastor
1260 2876 1287 2945 l.
1302 2876 1351 2945 Π.
1363 2877 1477 2946 mand.
1492 2876 1523 2945 Ι.

349 2984 396 3052 cf.
413 2985 597 3074 Recognit.
608 2985 775 3055 Clamant.
791 2986 918 3055 l.II.n.
930 2986 1035 3079 43sq.
1050 2986 1216 3055 Irenaeus
1234 2987 1435 3078 frequenter
1448 3006 1524 3054 con·

348 3096 408 3162 tra
430 3092 675 3163 Gnosticorum
698 3096 931 3165 emanationes
953 3119 996 3165 ex
1018 3094 1086 3163 Dei
1107 3095 1319 3184 pleromate,
1346 3100 1382 3164 et
1404 3100 1526 3163 contra

348 3197 552 3290 figmentum
577 3202 618 3271 de
641 3202 713 3271 Dec
737 3202 807 3271 alio
830 3203 961 3273 veteris
983 3203 1054 3271 alio
1076 3203 1160 3272 novi
1177 3202 1392 3273 Testamenti
1415 3200 1525 3270 incul-

340 3310 406 3378 'cat
428 3308 518 3380 hano
544 3309 735 3399 «regulam
758 3308 923 3378 veritatis
939 3335 955 3373 ιι
973 3290 1050 3379 ΙῘἸ.
1071 3331 1101 3378 c.
1120 3309 1176 3398 223
1203 3307 1268 3378 hoc
1294 3306 1475 3397 «primum
1492 3314 1528 3375 et

420 3526 514 3600 (1)1n
533 3530 661 3583 Ecclesia
685 3529 813 3583 Romana
832 3532 862 3581 et
880 3529 949 3581 aliis
969 3528 1106 3582 Ecclesiis
1124 3528 1349 3596 particularibus
1369 3526 1524 3582 occidentis

347 3616 471 3671 formula
489 3622 693 3688 antiquissima
712 3623 784 3673 erat:
806 3639 819 3667 ιι
834 3618 925 3672 Credo
938 3619 969 3671 in
983 3620 1071 3671 Deum
1084 3620 1197 3671 Patrem
1210 3618 1431 3686 omnipotentem
1444 3639 1456 3665 ιι
1469 3623 1522 3672 etc.

346 3706 416 3779 (vel
429 3710 483 3762 «in
497 3710 553 3762 Dee
567 3711 651 3764 Patre
671 3712 875 3778 omnipotente.
886 3729 898 3756 ιι
908 3703 930 3778 ).
953 3709 1081 3762 Orientis
1095 3725 1162 3762 vero
1176 3709 1328 3773 Ecclesiae,
1351 3708 1450 3773 inquit
1467 3709 1523 3761 Ru·

345 3796 429 3865 fluas,
451 3799 511 3851 fere
531 3816 625 3853 omues
645 3801 688 3854 ita
706 3800 835 3853 tradunt:
853 3800 959 3854 acredo
978 3800 1009 3852 in
1029 3815 1116 3852 unum
1125 3801 1213 3852 Deum
1224 3799 1337 3852 Patrem
1351 3799 1524 3865 omnipoten-

344 3890 422 3938 temn
433 3885 577 3961 etc.(Ruf.
592 3891 624 3942 in
637 3891 742 3958 Expos.
757 3886 908 3962 Symboli).
924 3890 1040 3954 Sensus,
1056 3893 1089 3942 ut
1099 3892 1189 3957 patet,
1203 3893 1299 3942 manet
1310 3889 1423 3941 omuino
1437 3887 1522 3940 idem.

343 3974 535 4040 Eutychiauis
554 3979 816 4045 calumniantibus,
840 3978 915 4045 quod
939 3980 995 4032 Leo
1018 3977 1153 4031 Pontifex
1177 3977 1208 4029 iu
1231 3993 1275 4045 ep.
1291 3976 1328 4030 ad
1352 3977 1523 4030 Flavianum

341 4060 451 4117 dixerit
471 4086 484 4113 ι
502 4066 534 4119 in
552 4068 642 4121 Deum
659 4069 773 4121 Patrem
792 4070 1024 4135 omnipotentem,
1045 4088 1058 4115 ι
1088 4067 1194 4120 omissa
1219 4066 1414 4134 particulata
1436 4082 1523 4119 aarum

342 4152 453 4207 Deum·
465 4160 531 4225 ete,
543 4158 697 4226 respondet
707 4159 835 4225 vigilius
855 4159 1103 4227 repsonsum.
1117 4174 1141 4210 c.
1155 4158 1180 4209 l.
1196 4162 1287 4212 contr.
1303 4157 1430 4225 Eutyeh:
1447 4178 1460 4204 ιι
1470 4158 1525 4210 Ro.

345 4260 404 4297 mae
417 4250 448 4298 et
460 4252 613 4316 autequam
623 4250 749 4303 Nicaeae
762 4249 894 4316 synodus
913 4247 1089 4313 conveniret,
1104 4261 1121 4299 a
1135 4247 1311 4316 temporibus
1325 4248 1524 4315 apostolorum

345 4348 434 4402 usque
452 4336 489 4389 ad
506 4352 583 4395 nuuc
590 4376 645 4393 .....
658 4340 702 4393 ita
719 4339 854 4393 fidelibus
873 4339 1033 4407 symbolum
1052 4334 1200 4405 traditur;
1220 4354 1271 4394 nac
1289 4337 1525 4407 praeiudicantur

346 4426 442 4487 verba,
463 4428 513 4483 ubl
532 4444 633 4487 seusus
650 4431 802 4501 incolumis
822 4432 991 4501 permanet»
1003 4433 1058 4484 etc.
