3180 4944
709 334 746 349 —
767 303 828 364 314
850 334 888 349 -

217 418 334 482 estex
357 408 559 479 intrinsecis
581 408 777 477 rationibus
800 407 951 499 positive
981 409 1220 477 demonstrare
1242 429 1313 476 non
1335 430 1346 476 1

216 520 459 613 pugnantiam,
484 522 520 585 et
543 515 640 584 aliud
664 515 754 608 qnod
778 516 882 585 etiam
899 515 1036 585 ratione
1051 514 1302 604 intelligimus,
1320 538 1343 582 n

214 652 314 720 posse
336 624 567 696 demonstrari
601 624 882 714 repugnantiam.
908 624 965 692 Ad
988 623 1080 693 illud
1108 624 1210 714 prius
1233 623 1346 716 reqnir

131 817 133 822 ¹
215 744 315 806 retur
345 733 533 802 intrinsece
563 732 779 823 perspexisse
802 732 999 819 veritatem,
1027 732 1181 825 quadiu
1207 739 1345 822 myster

216 841 552 936 superrationalibus
567 840 644 909 fieri
668 841 800 932 nequit,
819 841 863 909 ad
880 841 1031 910 alterum
1048 841 1177 910 sufficit
1193 839 1346 909 ostendis

215 952 379 1038 rationes,
398 972 485 1043 quae
500 954 676 1042 tamquam
700 946 977 1019 demonstrantes
992 947 1264 1041 repugnantiam
1289 970 1346 1039 opp

215 1068 360 1146 nuntnr,
386 1059 443 1129 vel
466 1080 534 1126 non
557 1079 631 1126 esse
654 1057 823 1125 veritates
845 1056 1025 1127 evidentes
1048 1057 1106 1128 vel
1121 1079 1190 1125 non
1207 1055 1346 1126 evident

215 1188 410 1260 repugnare
433 1189 516 1235 vero
540 1165 657 1233 sensui
676 1164 853 1255 mysterii.

281 1276 356 1344 Hoc
378 1273 541 1342 ultimum
565 1271 699 1340 ostendi
724 1295 856 1362 semper
878 1278 1004 1363 potest.
1032 1272 1193 1342 Profecto
1220 1273 1346 1345 enims

214 1382 317 1453 ritati
339 1381 517 1452 revelatae
540 1381 673 1451 veritas
696 1380 882 1450 rationalis
908 1382 1078 1452 obiective
1100 1390 1137 1453 et
1159 1382 1199 1451 in
1223 1404 1260 1451 se
1286 1404 1346 1481 reg

215 1515 323 1583 gnare
338 1490 471 1583 nequit3
489 1512 587 1559 secus
602 1487 694 1558 idem
710 1488 812 1558 simul
831 1497 922 1558 esset
937 1512 1057 1559 verum
1074 1497 1110 1560 at
1126 1491 1270 1561 falsum.
1287 1489 1346 1567 Um

214 1598 425 1691 impossibile
443 1603 507 1682 est,
534 1605 575 1666 ut
592 1598 683 1666 ratio
706 1596 888 1688 intelligat
909 1599 1086 1691 quidpiam
1102 1606 1279 1693 tamqnam
1294 1622 1346 1675 ve

213 1713 321 1777 tatem
343 1706 538 1778 evidentem
562 1712 597 1773 et
620 1705 800 1775 evidenter
823 1708 1016 1796 oppositam
1040 1707 1250 1777 revelationi
1268 1708 1302 1776 in
1319 1733 1346 1780 sr

215 1814 366 1905 genuino
389 1835 492 1882 sensu
515 1812 725 1900 intellectae,
745 1837 843 1883 secus
858 1816 950 1883 ratio
966 1814 1185 1904 intelligeret
1200 1821 1241 1884 nt
1256 1818 1346 1886 verite

213 1929 283 1991 tem
306 1920 501 1991 evidentem
523 1919 560 1989 id
584 1921 674 2011 quod
697 1927 751 1988 est
774 1920 921 2007 falsum,
952 1921 1103 2013 adeoque
1130 1921 1246 2013 ipsum
1267 1920 1346 1992 lune

213 2028 363 2099 rationis
378 2030 493 2098 factae
507 2028 552 2097 ad
568 2027 753 2098 veritatem
769 2051 811 2097 ex
824 2050 888 2097 sua
906 2035 1036 2098 natura
1047 2029 1246 2114 inclinaret,
1259 2037 1291 2098 et
1299 2051 1346 2119 pro

214 2136 295 2205 inde
309 2136 404 2204 Deus
427 2136 501 2226 ipse
523 2143 646 2205 auctor
668 2136 817 2205 rationis
831 2136 1013 2206 induceret
1027 2137 1071 2205 ad
1087 2137 1301 2206 iudicandum
1312 2156 1346 2203 ve

213 2266 292 2312 rum
315 2242 405 2335 quod
421 2248 476 2311 est
490 2241 632 2310 falsum.
650 2242 745 2311 Haeo
761 2248 876 2311 nutem
896 2250 980 2312 sunt
994 2244 1177 2313 evidenter
1192 2240 1346 2313 contradis

213 2350 317 2421 toria.
342 2352 417 2420 Hoc
440 2350 554 2440 igitur
577 2349 652 2441 ip'so
675 2350 765 2442 quod
785 2351 852 2419 lide
875 2350 1060 2419 infallibili
1087 2352 1188 2420 nobis
1211 2357 1296 2421 certa
1313 2350 1346 2417 at

213 2459 347 2529 veritas
359 2457 532 2548 mysterii,
548 2480 615 2527 non
628 2457 742 2526 minus
759 2465 891 2528 certum
904 2466 969 2545 est,
984 2458 1021 2541 id
1034 2459 1125 2550 quod
1140 2459 1174 2528 ei
1187 2472 1346 2549 repugnare

213 2565 356 2651 dicitnr,
376 2565 434 2636 vel
457 2588 525 2633 non
548 2587 622 2634 esse
638 2565 822 2634 veritatem
847 2566 905 2636 vel
927 2588 994 2634 non
1014 2589 1096 2637 vere
1113 2556 1346 2658 repugnarevel

210 2695 407 2764 repugnare
431 2672 541 2742 solnm
569 2673 687 2741 sensui
711 2672 884 2762 dogmatis
914 2673 1046 2757 alieno,
1076 2697 1144 2766 quo
1176 2670 1346 2764 mysterium

211 2804 273 2850 nec
297 2781 491 2851 revelatum
515 2803 576 2850 nee
600 2803 722 2850 verum
738 2786 803 2849 est.
834 2782 962 2849 «Dona
981 2781 1179 2870 gratiarum
1204 2774 1346 2851 hoomolo

211 2896 357 2958 naturae
381 2889 580 2973 adduntur,
607 2890 696 2982 quod
720 2911 795 2958 eam
817 2913 885 2958 non
908 2889 1041 2959 tollunt
1063 2891 1123 2960 sed
1146 2892 1258 2981 magis
1276 2881 1346 2979 peri·

212 2997 322 3066 ciunt.
349 2997 448 3065 Unde
472 2996 644 3065 etlumen
669 2997 749 3066 fidei
773 2997 864 3089 quod
888 2997 987 3065 nobis
1019 2997 1134 3087 gratis
1165 2997 1346 3071 infunditur,

210 3127 278 3172 non
302 3103 456 3173 destruit
477 3104 594 3172 lumen
617 3105 792 3173 naturalis
816 3105 1028 3194 cognitionis
1047 3106 1145 3174 nobis
1168 3095 1346 3174 natuiclitd

210 3213 374 3282 inditum.
402 3212 571 3295 Quamvis
594 3219 709 3280 autem
733 3212 895 3280 naturale
918 3210 1033 3280 lumen
1060 3211 1188 3280 mentis
1210 3211 1346 3279 hunam

211 3321 260 3390 sit
280 3321 491 3389 insufficiens
517 3321 561 3390 ad
588 3320 903 3389 manifestationem
933 3343 1050 3389 eorum
1076 3342 1165 3412 qnae
1191 3316 1346 3411 perideo

211 3427 508 3512 manifestantur,
537 3431 653 3495 tamen
681 3426 894 3515 impossibile
925 3433 989 3511 est,
1016 3427 1106 3518 quod
1129 3448 1172 3495 ea-
1202 3440 1346 3519 quaept

210 3533 311 3604 fidem
338 3535 437 3602 nobis
464 3533 656 3602 traduntur
682 3532 875 3620 divinitus,
907 3534 981 3603 sint
1007 3534 1185 3603 contraria
1208 3534 1265 3602 his
1289 3552 1346 3626 que

209 3665 270 3731 per
291 3650 454 3712 naturam
476 3642 574 3711 nobis
598 3648 681 3710 sunt
702 3642 833 3728 indita3
852 3647 1026 3732 oporteret
1040 3642 1132 3710 enim
1148 3642 1297 3711 alterum
1310 3638 1346 3728 (ι’

209 3753 398 3834 teratrum)
421 3771 496 3817 esse
519 3749 669 3817 falsum:
693 3755 730 3818 et
752 3773 831 3818 curn
853 3757 1041 3841 utrumque
1056 3751 1106 3818 sit
1128 3750 1228 3818 nobis
1251 3771 1273 3816 a
1292 3749 1346 3818 Do

208 3855 303 3924 Deus
325 3863 417 3925 esset
438 3856 537 3924 nohis
560 3864 682 3926 auctor
713 3857 903 3942 falsitatis,
930 3859 1021 3950 qnod
1044 3866 1099 3927 est
1121 3858 1344 3948 impossibile.

209 3961 311 4031 Sient
333 3971 448 4033 autem
471 3986 571 4033 sacra
594 3964 754 4035 doctrina
769 3965 940 4035 fundatur
963 3989 1067 4056 super
1081 3967 1199 4035 lumen
1216 3967 1311 4053 fidei,
1327 3968 1346 4036 it

207 4067 427 4160 philosophia
444 4093 547 4161 super
562 4070 679 4140 lumen
694 4072 857 4140 naturale
872 4073 1033 4141 rationis.
1051 4073 1151 4141 Unde
1166 4074 1346 4164 impossihi

207 4183 272 4261 est,
290 4177 380 4268 quod
403 4201 444 4246 ea
467 4201 554 4270 quae
579 4187 662 4248 sunt
678 4180 930 4270 philosophiae,
950 4181 1022 4249 sint
1037 4183 1217 4250 contraria
1231 4183 1278 4251 iis
1294 4204 1346 4276 qm

206 4290 289 4352 sunt
311 4286 411 4373 fidei;
438 4286 497 4355 sed
521 4286 689 4356 deficiunt
710 4290 754 4356 ab
777 4290 839 4358 eis.
860 4288 1050 4358 Continent
1071 4296 1189 4358 tamen
1213 4292 1345 4383 quaeda

205 4389 455 4460 similitudines
478 4414 595 4461 eorum
625 4397 661 4461 et
691 4394 858 4484 quaedam
882 4396 927 4464 ad
950 4417 993 4481 ea
1014 4396 1261 4485 praeambula,
1288 4398 1346 4467 sier
