3172 4950
549 362 587 375 -
609 329 646 389 41
674 360 707 375 -

118 436 193 503 lota
214 436 334 528 itaquo
350 433 542 524 disputatio
562 440 749 503 revocatur
773 434 817 503 ad
841 433 1089 524 quaestionem,
1110 446 1212 525 quam

72 543 189 611 diximus
210 543 252 611 de
276 545 422 609 veritato
439 542 538 630 facti
548 591 558 626 ,
584 547 702 610 utrum
729 541 885 610 definitio
909 546 944 610 et
967 540 1125 610 doctrina
1147 541 1212 609 Eo·

69 651 174 736 clasiae,
198 672 268 742 qua
291 650 439 741 suscipit
461 672 501 718 ac
523 649 686 740 proponit
708 655 883 741 tamquam
915 671 1031 718 sacros
1054 655 1090 717 et
1113 671 1211 718 cano-

67 760 136 828 oioos
156 782 270 828 omnes
292 759 401 827 libros
423 781 547 852 eosque
566 759 754 848 «integros
771 782 847 827 cum
871 759 1029 826 omuibus
1046 758 1119 826 suis
1134 780 1212 848 par·

65 867 146 951 tibus,
169 874 274 958 prout
297 867 334 934 in
357 866 516 936 Ecclesia
539 867 714 937 catholica
736 866 809 956 legi
841 873 1097 936 consueverunt
1118 872 1154 934 et
1176 867 1213 933 in

66 975 151 1044 veteri
168 975 316 1064 vulgata
331 975 445 1043 latina
456 975 609 1045 editione
624 974 838 1059 habentur,n
858 974 1124 1066 comprehendat
1140 980 1213 1044 tex·

63 1088 118 1149 tom
132 1083 160 1151 1.
175 1083 226 1151 Io.
244 1083 289 1151 V.
304 1084 337 1166 7,
352 1082 394 1152 da
418 1104 484 1175 quo
507 1083 640 1172 agitor.
665 1082 882 1174 Quicumque
905 1082 1070 1151 catholici
1092 1082 1213 1172 genui·

63 1191 183 1259 uitatem
204 1195 357 1280 negant,
383 1213 422 1258 eo
444 1190 539 1280 ipso,
564 1197 608 1259 ut
630 1190 724 1275 dixi,
750 1198 881 1281 negant
904 1191 1011 1260 etiam
1034 1195 1215 1258 ceritatem

64 1296 141 1361 laios
156 1297 269 1384 facte}
292 1319 402 1388 neque
425 1297 515 1365 enim
538 1296 576 1364 in
599 1297 742 1365 dubium
766 1321 891 1368 vocare
913 1304 1061 1388 possunt
1075 1305 1139 1368 aut
1156 1320 1214 1368 vo·
1280 1344 1283 1348 ι

63 1402 121 1471 lunt
134 1406 245 1493 ipsum
263 1405 481 1494 principiam
503 1406 604 1486 iaris,
622 1405 659 1473 in
680 1404 780 1473 ouius
802 1405 989 1494 negatione
1012 1405 1214 1474 fundamen·

62 1516 117 1578 tum
137 1518 172 1581 et
193 1511 337 1602 propria
359 1511 452 1581 ratio
471 1512 753 1581 Protestantismi
777 1512 1018 1582 constituitur.
1036 1514 1109 1583 Nos
1124 1514 1215 1583 veri-

62 1622 148 1686 tatem
168 1619 257 1687 facti
280 1619 514 1703 affirmamus,
540 1624 576 1687 et
597 1618 662 1688 hoc
686 1619 761 1709 ipso
784 1620 884 1687 nefas
907 1625 1072 1709 putamus
1095 1620 1215 1710 genai-

62 1725 184 1794 ritatem
207 1732 327 1795 textus
349 1725 547 1816 Apostolici
569 1725 607 1793 in
630 1726 773 1795 dubium
798 1749 933 1796 vocare.

112 1833 288 1904 Gerendus
311 1839 427 1903 autem
461 1834 518 1903 hic
552 1841 607 1903 est
640 1856 846 1925 magnopere
877 1858 973 1905 error
996 1836 1035 1904 in
1057 1836 1216 1924 methodo
1338 1886 1341 1891 -

63 1943 290 2033 inquisitionis,
305 1966 373 2035 quo
388 1943 535 2013 Ioannes
546 1942 636 2011 Iahn
648 1944 769 2035 lapsus
785 1945 892 2013 estin
909 1946 1023 2036 capite
1039 1945 1217 2015 doctrinae

62 2050 103 2117 sin
123 2053 232 2120 minus
248 2051 400 2121 identico
416 2057 508 2121 certa
524 2051 701 2121 simillimo
716 2057 855 2121 nostrae
871 2052 1080 2144 quaestioni.
1098 2053 1218 2145 Inqui-

62 2158 133 2226 sivit
153 2158 184 2227 is
206 2158 318 2249 primo
352 2158 473 2228 critice
496 2165 532 2228 et
553 2158 742 2244 historice,
769 2158 853 2250 quid
877 2159 918 2227 de
942 2160 1153 2229 auctoritate
1176 2159 1217 2227 li-

62 2264 180 2333 brorum
207 2266 594 2335 deuterooanonicorum
616 2266 661 2335 V.
681 2265 722 2334 Τ.
743 2265 958 2335 sentiendum
983 2266 1044 2335 sit.
1062 2266 1146 2334 (lum
1163 2287 1217 2334 ar·

62 2374 215 2459 gumentis
237 2373 333 2443 hisce
356 2372 491 2443 criticis
513 2374 547 2443 ei
569 2373 776 2442 viderentur
791 2371 875 2441 libri
891 2372 1219 2442 inferioris'ordinis

61 2499 91 2547 ao
110 2481 294 2571 dignitatis
317 2502 421 2573 quam
451 2482 524 2551 sint
554 2481 637 2550 libri
660 2480 929 2573 protooanonioi,
954 2479 1137 2565 conclusit,
1162 2479 1218 2548 de·

61 2593 176 2656 oretum
199 2586 445 2657 Tridentinum
468 2611 536 2657 non
559 2587 760 2657 definivisse
783 2608 901 2676 parem
930 2587 1078 2677 gradum
1101 2592 1219 2654 aucto·

60 2693 162 2763 ritatis
185 2695 298 2788 quoad
321 2695 430 2764 libros
453 2697 636 2789 utriusque
657 2697 801 2765 ordinis.
820 2698 898 2767 Non
921 2697 987 2766 hac
1003 2717 1141 2788 quaeso,
1160 2693 1219 2762 sed

60 2802 108 2869 ria
127 2804 303 2873 contraria
325 2809 361 2873 et
383 2809 464 2873 tuta
487 2805 722 2895 procedamus.
749 2804 851 2874 Siout
872 2805 910 2873 in
934 2805 1091 2873 omnibus
1118 2823 1219 2893 quae·

61 2910 215 2981 stiouibns
230 2911 450 3002 theologicis,
468 2911 522 2981 ita
539 2911 597 2982 hio
614 2935 747 3004 quoque
762 2914 912 3003 primum
926 2911 1127 3004 inquiratur
1145 2933 1220 2979 sen·

60 3036 113 3085 sua
127 3018 300 3108 genuinus
323 3019 501 3089 doctrinae
532 3041 571 3087 ac
602 3018 816 3088 definitionis
843 3018 1040 3107 Ecclesiae,
1066 3024 1141 3087 tum
1165 3018 1220 3086 de-

61 3146 137 3191 mum
158 3127 201 3195 de
223 3125 395 3195 historica
417 3132 454 3195 et
477 3125 603 3195 critica
627 3126 887 3196 confirmatione
904 3127 1069 3196 veritatis
1091 3127 1221 3195 erimus

61 3230 207 3318 solliciti,
234 3255 323 3326 quae
338 3233 414 3303 sive
429 3233 564 3324 plenior
580 3233 655 3303 sive
678 3233 794 3303 minus
810 3235 913 3324 plena
928 3234 1028 3303 uobis
1043 3239 1218 3324 suppetat,

62 3360 116 3406 non
136 3341 214 3410 inde
243 3341 372 3431 pendet
401 3341 576 3412 certitudo
599 3364 641 3411 ex
664 3341 786 3411 altiori
817 3340 991 3433 principio
1025 3341 1222 3430 theologico

62 3445 193 3518 firmata.

116 3559 162 3627 Ut
175 3581 313 3626 sensum
329 3557 460 3629 decreti
478 3557 679 3629 Tridentini
695 3558 788 3628 Sese.
806 3558 870 3627 IV.
890 3557 1032 3650 eiusque
1052 3555 1221 3627 extensio-

64 3686 125 3732 nem
145 3689 381 3758 assequamur,
401 3672 520 3736 utrum
542 3668 718 3758 pertineat
741 3668 786 3736 ad
809 3666 1053 3737 declarandam
1076 3666 1223 3735 authen·

66 3770 135 3841 tiam
149 3774 254 3844 huius
268 3775 338 3844 loci
353 3776 395 3845 de
412 3798 480 3868 quo
496 3774 1005 3867 quaeritur,considerabimus
1026 3775 1129 3844 verba
1146 3772 1223 3863 ipsa

68 3888 95 3947 ot
106 3904 234 3975 scopum
250 3883 394 3969 decreti,
410 3883 582 3975 simulque
594 3883 802 3974 peculiarem
814 3883 985 3952 rationem
1002 3881 1170 3952 versiculi
1187 3881 1223 3948 in

69 3992 318 4063 controversiam
330 3991 448 4063 vocati
459 4013 499 4061 ac
512 3992 661 4077 modum,
676 4014 743 4084 quo
760 3997 912 4082 tempore
930 3991 1077 4061 Concilii
1089 3995 1224 4083 partem

69 4092 213 4168 librorum
225 4100 431 4190 Scripturae
453 4120 573 4169 sacrae
596 4099 841 4169 constituebat
860 4099 1046 4168 Decretum
1070 4098 1110 4164 de
1127 4120 1224 4164 occo-

71 4204 140 4272 nicis
150 4208 337 4299 seripturis
352 4207 508 4277 continet
527 4213 676 4299 quatuor
695 4212 776 4297 part
777 4229 826 4276 as·
854 4206 885 4275 1·
903 4206 1002 4276 docet
1017 4205 1222 4288 Concilium,

73 4306 176 4402 duplex
187 4339 260 4386 esse
276 4316 481 4385 institutum
505 4314 676 4400 divinum,
696 4337 762 4406 quo
779 4314 889 4384 omnis
905 4314 1075 4383 salutaris
1093 4311 1225 4384 veritas

74 4423 227 4496 timorum
239 4423 427 4519 disciplina
440 4424 598 4496 revelata
613 4423 658 4494 ad
675 4447 736 4494 uos
754 4448 862 4518 usque
874 4423 1048 4516 pervenit,
1063 4420 1224 4492 traditio-
