3172 4950
623 312 626 319 ·
702 324 740 341 -
763 292 822 354 152
841 324 880 339 -

209 400 275 473 olla
300 398 471 489 Smyrnae
497 418 588 465 anno
610 397 678 466 250
693 399 759 486 (ib.
778 423 813 489 p.
833 398 897 467 122
920 395 1078 490 sqq).1n
1104 400 1258 490 utraque
1279 419 1379 490 quae·

210 508 322 579 stione
339 503 492 574 Taraehi
507 509 545 573 et
558 504 675 573 Pionii
696 503 847 594 gentiles
862 511 1033 575 sonantur
1054 504 1264 575 oonrinoere
1285 525 1380 574 sano·

211 622 267 685 tos
289 620 486 702 martyres,
513 611 581 681 ooli
603 614 648 681 ab
669 613 721 682 eis
744 612 864 703 plures
884 612 977 682 Deos
998 634 1050 699 eo,
1068 612 1160 704 qnod
1181 618 1222 682 st
1243 612 1382 683 Patren

210 728 247 793 et
267 718 448 790 Christum
474 721 630 790 dicerent
653 720 764 789 Mum
799 719 1089 811 omnipotentem
1113 727 1153 790 at
1185 719 1381 790 Christiani

210 828 424 901 eonfitentnr
447 829 586 898 Patrem
601 834 639 898 et
651 827 785 898 Filium
808 849 883 899 esse
898 851 1006 899 unum
1020 827 1249 921 eumdemque
1258 827 1377 913 Deum,

211 959 279 1007 nou
300 937 412 1006 Deum
435 935 585 1006 alterum
608 943 645 1006 et
665 936 829 1024 alternm;
847 934 998 1029 adeoque
1019 935 1105 1007 linet
1129 936 1227 1005 alins
1249 935 1301 1006 sit
1319 935 1377 1004 Pa·

210 1052 278 1131 ter,
301 1045 397 1117 alius
410 1043 538 1132 Filius,
553 1067 621 1114 non
643 1051 759 1116 lamen
783 1045 1054 1136 distinguuntur
1069 1045 1202 1116 deinter
1217 1042 1281 1115 sed
1302 1049 1376 1115 snut

211 1175 302 1223 unus
324 1153 431 1225 Deua.
764 1206 767 1211 .

276 1260 332 1330 Ex
355 1260 544 1352 propositis
566 1266 641 1331 tum
663 1261 808 1331 Petrum
831 1260 1124 1353 explieationibns
1149 1267 1230 1331 tum
1252 1267 1375 1350 marty·

210 1390 288 1437 rum
310 1366 521 1436 testimoniis
536 1374 590 1437 est
605 1367 760 1452 evidens,
778 1367 1013 1438 universalem
1033 1366 1215 1438 Euolesiae
1229 1366 1376 1439 fiueme

210 1474 482 1565 intelligentiam
506 1473 680 1564 dogmatis
711 1474 792 1544 inde
814 1476 859 1545 ab
879 1473 1061 1566 Apostolia
1082 1475 1194 1545 fnisse
1216 1473 1373 1559 moen,

210 1605 299 1677 qnae
322 1585 360 1653 iu
382 1583 536 1653 Concilio
565 1583 719 1656 Nieaeno
740 1591 778 1655 et
802 1585 965 1676 deinceps
995 1583 1206 1674 diligentins
1228 1604 1272 1653 so
1293 1581 1376 1653 ratim

210 1691 359 1785 fixisque
375 1691 537 1761 formulis
553 1692 760 1783 dogmatiois
771 1692 914 1764 defensa
924 1699 991 1777 est,
1005 1693 1183 1782 utdogma
1197 1692 1238 1762 in
1252 1691 1378 1761 direola

211 1800 426 1893 oppositione
446 1801 616 1871 adversus
631 1824 739 1871 novos
762 1824 898 1872 errores
919 1800 1097 1891 integrum
1122 1806 1339 1871 servaretur.

277 1909 328 1978 Π.
354 1908 394 1978 si
417 1910 575 2000 conteras
597 1909 737 1979 Patavii
763 1909 892 1979 librum
915 1909 947 1978 1.
971 1908 1014 1979 de
1038 1909 1139 1978 Tria.
1156 1931 1187 1978 o.
1208 1907 1282 1977 3-5.
1307 1918 1377 1977 uun

210 2015 364 2086 eiusdem
386 2015 644 2105 Prolegomenis
656 2015 701 2085 sd
715 2016 810 2107 ipsos
825 2016 868 2086 de
886 2014 1062 2087 'trinitate
1076 2015 1198 2100 libros,
1215 2036 1287 2084 nou
1300 2012 1378 2083 adso

211 2124 354 2194 obvium
377 2123 448 2193 erit
464 2122 595 2193 olaram
611 2145 651 2194 ao
667 2124 872 2194 distinctam
887 2122 1067 2214 oonoipere
1088 2121 1278 2208 notionem,
1300 2118 1378 2214 quid

209 2231 351 2302 tandem
373 2254 414 2302 ex
437 2230 577 2301 Patavii
599 2232 761 2323 opinione
783 2231 826 2302 de
850 2230 988 2301 unitate
1010 2236 1159 2301 naturae
1180 2235 1219 2300 st
1240 2228 1285 2299 de
1306 2250 1377 2299 uou-

210 2340 513 2412 substantialitate
528 2341 636 2410 trinru
652 2340 853 2411 &vinorum
870 2361 1095 2432 personarum
1116 2344 1216 2409 osrtt
1238 2343 1379 2431 reaque

209 2447 384 2518 sententia
406 2447 618 2516 crediderint
640 2446 763 2517 Patres
784 2471 853 2516 non
876 2447 990 2539 muci,
1010 2445 1071 2539 qui
1086 2445 1285 2515 floruerunt
1304 2450 1379 2513 ante

209 2555 446 2627 definitionem
467 2554 668 2644 Nicaeuam;
689 2555 904 2625 videbuntur
925 2554 1017 2625 enim
1031 2553 1176 2623 Patron
1191 2551 1380 2625 sententiae

209 2661 362 2733 eomodo
378 2669 538 2755 aeoeptae
554 2685 621 2755 quo
637 2685 659 2732 a
674 2662 821 2734 Petavio
839 2662 865 2732 l.
879 2662 910 2732 I.
929 2661 1194 2752 intelliguntur,
1212 2679 1379 2753 repugna·

209 2771 316 2842 reiis
340 2793 428 2864 quae
450 2770 493 2841 ds
515 2772 700 2841 eorundem
730 2772 877 2843 Petrum
907 2773 975 2841 fide
997 2773 1143 2863 ipsemet
1167 2770 1381 2840 demonstrat

209 2882 247 2950 in
273 2880 543 2970 Prolegomenis.
568 2880 783 2950 Posteriores
808 2880 967 2970 theologi
992 2878 1118 2964 multi,
1143 2885 1180 2949 et
1204 2878 1302 2947 inter
1322 2874 1380 2946 hos

208 2987 349 3058 Natalis
374 2988 587 3074 Alexander,
612 2987 792 3076 Uoranus,
820 2991 984 3080 Lumper,
1009 2986 1164 3057 hloehler
1186 2987 1250 3073 (in
1275 2984 1380 3076 Opere

210 3124 229 3161 o
241 3095 461 3165 Athanasius
483 3094 635 3186 Magnus
648 3123 665 3161 n
680 3101 693 3184 )
710 3103 747 3166 et
768 3121 810 3167 ex
826 3096 1037 3188 Anglioanis
1060 3094 1235 3184 Georgius
1256 3090 1380 3163 Bullna

208 3203 402 3273 locutiones
424 3210 641 3274 vetustorum
655 3205 800 3275 Petrum
816 3204 1029 3276 diffieiliores
1044 3200 1272 3292 interpretati
1286 3205 1377 3284 sunt.

207 3335 277 3382 non
293 3319 334 3382 ut
348 3311 517 3383 Petavius
533 3312 558 3381 1.
578 3313 608 3381 I.
629 3313 775 3384 sedulio
791 3336 906 3399 seusu,
924 3313 986 3406 qui
1002 3309 1187 3383 eonveniat
1197 3331 1278 3381 enm
1292 3309 1379 3379 eius·

208 3420 286 3490 dem
308 3420 449 3490 Patavii
471 3419 741 3510 Prolegomeuis;
760 3420 919 3512 hancque
938 3440 1038 3490 suam
1059 3416 1379 3508 interpretationem

208 3550 327 3598 veram
349 3550 434 3615 esse,
453 3552 496 3600 ex
511 3528 599 3620 ipsis
621 3530 767 3599 Patrnm
789 3528 974 3621 principiis
1000 3527 1307 3611 demonstrarunt,
1331 3522 1379 3591 its

208 3642 249 3704 ut
264 3637 306 3706 de
322 3636 423 3727 pleno
439 3660 608 3707 consensu
622 3637 802 3707 doetrinae
817 3644 899 3707 ante
911 3636 1091 3728 Synodum
1102 3632 1292 3705 Nioaeuam
1306 3652 1378 3702 eun

207 3743 421 3833 professione
444 3743 579 3834 Synodi
601 3750 638 3812 et
659 3743 805 3813 Petrum
828 3741 1112 3835 subsequentium
1139 3737 1254 3834 quoad
1278 3756 1379 3809 unam

209 3961 403 4017 alienantem
416 3962 474 4017 albi
487 3963 546 4030 ipsi
563 3960 719 4031 quidquam
732 3959 981 4017 oonsabstantisls
999 3963 1055 4027 ert,
1068 3955 1117 4013 sed
1129 3956 1254 4011 alterurn
1267 3956 1376 4013 elutis

178 4075 186 4092 ·
209 4050 239 4106 8.
249 4051 340 4107 Bssll.
352 4068 396 4120 ep.
411 4052 455 4106 ⁵2.
467 4067 498 4105 n.
513 4053 539 4106 8.
552 4054 679 4106 Possunt
691 4052 807 4120 quidem
819 4051 940 4120 reperiri
951 4052 1062 4117 Patres,
1074 4047 1125 4116 qul
1135 4045 1265 4103 dixeriut
1274 4047 1378 4105 alliu

210 4162 224 4191 s
236 4147 366 4197 naturum
382 4144 529 4211 aequalem
538 4144 620 4196 Petri
633 4164 657 4210 n,
671 4163 684 4191 u
697 4143 851 4197 essentiam
864 4140 899 4196 de
913 4141 1040 4195 esseutla
1050 4161 1075 4208 n,
1089 4139 1146 4192 imo
1159 4137 1248 4196 suun
1258 4158 1274 4187 s
1287 4152 1377 4193 um·

209 4234 279 4289 tlon
296 4232 368 4287 ram
387 4234 662 4289 consubstantialem
685 4234 766 4289 Patri
775 4254 789 4282 a
809 4233 860 4307 (ot.
870 4231 1010 4288 Athenas.
1023 4228 1059 4285 ad
1080 4228 1178 4299 esron.
1190 4244 1236 4298 ep.
1248 4229 1276 4283 8.
1290 4244 1321 4285 ι.
1330 4223 1375 4301 5);

209 4322 258 4379 ssd
270 4323 301 4379 tn
313 4323 477 4379 huiusmodi
490 4323 577 4379 dietis
590 4325 720 4379 assentis
729 4324 803 4378 Filii
815 4338 865 4379 ssn
876 4327 981 4378 ustura
990 4321 1062 4375 riui
1072 4320 1163 4389 aselpl
1171 4317 1257 4373 dehet
1265 4334 1319 4388 prs
1328 4316 1376 4385 hy·

208 4414 318 4485 postsul
333 4414 449 4487 (Peter.
463 4416 484 4472 l.
498 4415 550 4471 VI.
560 4429 586 4468 o.
599 4414 769 4483 torlann.
784 4415 884 4471 Diria.
898 4415 933 4469 Ι).
944 4413 980 4469 ti.
991 4412 1017 4471 1.
1027 4410 1080 4470 oh.
1092 4412 1114 4467 l.
1127 4409 1178 4466 IV.
1189 4425 1214 4465 o.
1227 4409 1272 4467 10.
1282 4423 1314 4465 ι.
1325 4403 1375 4479 0.).
