3172 4950
549 397 586 410 ...
608 364 648 425 85
669 396 707 411 ..

52 493 142 538 unum
158 468 252 538 idem
271 473 356 538 sunt
370 496 401 538 n.
419 470 470 538 At
486 470 657 561 imprimis
676 475 689 556 (
698 491 780 561 pace
796 470 889 538 tenti
906 469 976 538 viri
992 470 1125 539 dictum
1142 472 1213 556 sit)

52 578 202 644 domim
218 577 270 646 ibi
286 577 324 645 in
343 582 509 647 contextu
525 578 757 647 videturesse
780 576 944 647 Christus
968 576 1099 647 directe
1118 602 1212 670 spec·

49 691 144 769 tatus,
160 690 338 777 quatenus
353 683 453 752 homo
469 689 534 772 est,
550 684 697 774 spiritus
711 691 828 753 autem
843 707 912 752 non
928 691 982 753 est
997 686 1208 770 substantia,

51 792 98 861 scd
109 791 394 883 supernaturalis
406 792 557 862 elevatio
569 797 606 862 et
617 792 899 883 supernaturalis
915 816 1048 878 sensus,
1064 799 1105 862 ut
1121 794 1212 862 idem

50 901 228 993 Apostolus
241 901 342 971 dicit:
360 923 447 969 enos
460 923 597 998 sensum
609 900 744 970 Christi
756 901 923 969 hebemus
937 928 952 963 n
970 899 1087 970 LCor.
1099 900 1209 969 lile.

53 1008 219 1101 Quidquid
243 1014 362 1078 autem
378 1009 419 1078 de
442 1009 507 1079 hoc
531 1009 590 1093 sit,
617 1016 736 1077 utrum
759 1001 934 1078 locutione
958 1008 1061 1077 valde
1085 1009 1211 1099 impro-

54 1115 117 1205 pria
137 1116 210 1184 dici
233 1122 351 1206 posset
375 1118 468 1182 tomo
484 1141 588 1183 unum
602 1140 675 1182 cum
688 1116 771 1198 Deo,
789 1115 1000 1207 principium
1012 1116 1211 1206 Augustini

56 1223 262 1294 verissimum
285 1228 352 1310 est,
378 1224 408 1292 si
432 1223 554 1314 agitur
570 1222 610 1290 de
625 1249 688 1291 usa
704 1221 868 1315 loquendi
885 1224 1008 1291 biblico
1026 1230 1063 1293 et
1078 1224 1119 1293 de
1137 1249 1212 1291 con-

57 1335 275 1405 remotione
281 1357 518 1422 personarum,
533 1354 679 1425 quarum
696 1354 767 1402 una
785 1338 839 1402 est
850 1333 955 1421 Deus;
972 1332 1063 1424 quod
1076 1331 1212 1401 scilicet

57 1440 84 1507 in
102 1441 298 1532 Scripturis
321 1464 508 1534 numquam
525 1465 673 1533 persona
697 1441 817 1533 aliqua
838 1448 978 1532 praeter
1002 1440 1135 1510 Filium
1146 1442 1212 1511 Dei

58 1555 82 1616 et
100 1548 272 1640 Spiritum
294 1551 361 1620 Dei
385 1543 654 1621 connumeratur
678 1572 754 1620 cum
771 1551 842 1619 Deo
858 1550 964 1618 Patre
977 1548 1034 1619 vel
1051 1571 1127 1618 cum
1140 1550 1212 1618 Deo

58 1656 106 1742 ita,
128 1664 170 1727 ut
192 1659 289 1728 Deus
310 1664 348 1727 et
369 1680 517 1748 persona
539 1658 604 1727 illa
627 1659 766 1728 dicetur
790 1681 863 1728 esse
880 1657 1089 1727 unam.=1mo
1105 1658 1212 1748 etiam

58 1766 312 1854 praescindendo
343 1766 387 1834 ab
417 1789 485 1836 usu
518 1766 683 1859 loquendi
718 1765 983 1856 Scripturarum
1019 1765 1211 1835 universim

59 1873 182 1944 cudens
197 1880 263 1960 est,
281 1895 447 1965 personas
465 1896 613 1967 quarum
630 1895 700 1944 une
720 1881 813 1945 certe
830 1881 883 1944 est
899 1873 1004 1945 verus
1020 1875 1125 1959 Deus,
1144 1897 1213 1943 non

60 2003 137 2080 posse
160 1984 400 2050 connumerari
413 1983 452 2053 in
469 1984 587 2054 eadem
602 1984 696 2053 linea
715 1983 916 2074 dignitatis,
935 1984 1019 2076 quin
1035 1982 1213 2074 praedica-

10 2168 13 2189 Ι
60 2097 117 2158 tom
141 2121 158 2156 u
171 2117 274 2160 unum
296 2107 376 2160 sunt
392 2119 406 2156 s
424 2097 585 2162 sumatur
600 2091 794 2182 ontologice
815 2091 857 2161 de
880 2092 1016 2161 unitate
1040 2090 1129 2158 entis
1153 2112 1214 2159 seu

64 2198 135 2267 aee
154 2200 290 2288 divini,
316 2201 409 2272 sicut
423 2201 460 2271 h.
479 2201 506 2270 l.
523 2201 674 2271 dicitur:
702 2216 768 2268 tres
791 2184 886 2285 sunt,
907 2200 967 2292 qui
985 2203 1214 2267 testimoniam

61 2305 128 2375 dont
150 2312 188 2375 in
212 2310 315 2392 coelo,
341 2310 461 2392 Pater,
481 2308 635 2393 Verbum,
656 2316 692 2379 et
716 2311 871 2398 Spiritus
894 2309 1049 2376 Sanctus.

111 2417 207 2500 Quod
224 2417 373 2486 dicimus
387 2418 430 2487 de
446 2438 513 2487 usu
525 2417 689 2510 loquendi
705 2417 842 2502 biblico,
858 2422 995 2485 constat
1010 2416 1213 2486 inductione

62 2528 89 2591 ct
103 2523 375 2595 consideratione
389 2524 543 2594 locorum
561 2525 776 2616 Scripturas,
796 2514 884 2616 quae
900 2526 943 2593 ab
958 2524 1105 2593 Arianis
1120 2530 1156 2593 et
1172 2526 1215 2591 ab

60 2629 216 2702 Unitariis
239 2632 343 2702 obiici
360 2639 624 2703 consueverunt·
637 2632 681 2702 ed
705 2633 958 2701 obscurandum
976 2632 1041 2700 hoc
1059 2632 1212 2700 testimo-

60 2737 139 2808 nium
151 2741 183 2808 1.
193 2740 245 2808 Io.
257 2739 302 2810 V.
314 2742 347 2809 7.
358 2741 451 2810 Loca
466 2740 666 2810 huiusmodi
678 2739 859 2831 potissima
872 2738 1013 2808 suntIo.
1026 2738 1144 2807 XVII.
1157 2741 1212 2807 11.

60 2843 104 2913 20.
112 2846 164 2916 21.
181 2849 244 2935 (ci.
256 2848 352 2939 Aug.
365 2848 627 2918 contr.Maxim.
641 2849 667 2916 1.
677 2852 738 2935 c.);
755 2846 1212 2935 1.10.V.8;1.00r.V1.17.

60 2950 148 3022 Retio
170 2955 363 3048 principii,
397 2962 438 3024 ut
460 2954 551 3025 illud
575 2955 770 3025 universim
793 2955 936 3025 evidens
956 2976 1030 3023 esse
1048 2954 1212 3040 diximus,

60 3058 148 3131 facile
169 3066 281 3152 patet,
308 3061 392 3153 quia
414 3062 551 3132 scilicet
563 3057 643 3153 ipsa*
651 3061 718 3131 tali
734 3060 1035 3131 connumeratione
1052 3081 1215 3151 personae

59 3165 269 3240 declarantur
281 3169 435 3254 divinos·
447 3171 508 3240 ubi
529 3193 611 3240 vero
623 3171 665 3240 de
680 3169 838 3260 personis
859 3167 992 3238 divinis
1010 3168 1216 3238 enuntiatur

58 3298 145 3344 snum
166 3294 259 3361 sunt,
277 3277 471 3349 necessario
483 3277 547 3348 hoc
560 3276 798 3368 praedicatum
816 3277 967 3345 sumitur
984 3276 1020 3344 in
1037 3299 1099 3344 suo
1112 3298 1215 3344 sensu

57 3385 194 3475 proprio,
221 3408 288 3479 quo
312 3384 492 3474 significat
516 3409 620 3450 anum
644 3408 701 3451 cns
724 3382 786 3470 (1).
814 3383 903 3453 Nam
926 3383 1068 3449 realiter
1097 3383 1217 3451 unitas

56 3489 231 3562 indivinis
255 3515 323 3561 non
347 3491 464 3579 datur,
490 3513 578 3584 quae
600 3514 668 3560 non
685 3492 735 3560 sit
751 3491 869 3560 unitas
892 3489 1073 3578 essentiae,
1100 3513 1217 3559 secun·

55 3599 129 3670 dum
142 3606 261 3671 autem
273 3607 412 3671 nostras
423 3599 667 3670 distinctiones
677 3597 837 3683 rationis,
853 3599 972 3668 unitas
984 3597 1154 3667 essentiae
1166 3602 1221 3666 est

116 3828 160 3905 (1)
175 3852 188 3879 a
202 3831 296 3886 Unum
316 3829 424 3885 dicitur
442 3829 518 3884 sicut
532 3844 588 3893 cns,
605 3827 677 3881 unde
692 3828 768 3882 sicut
779 3826 892 3894 aliquid
906 3841 961 3880 non
975 3825 1082 3880 dicitur
1095 3841 1145 3878 ens
1158 3826 1222 3878 sim-

49 3923 158 3988 pliciter
176 3923 237 3976 nist
257 3920 409 3975 secundum
429 3920 641 3985 substantiam,
660 3920 704 3972 ita
722 3934 773 3972 nee
792 3933 878 3971 unum
898 3918 955 3970 nisi
981 3917 1132 3970 secundnm
1152 3917 1216 3967 sub·

47 4014 179 4067 stantiam
194 4014 243 4066 vel
261 4015 402 4065 naturam.
418 4011 596 4078 Simpliciter
608 4012 703 4061 autem
717 4007 830 4074 aliquid
851 4008 966 4073 dicitnr,
986 4005 1060 4073 quod
1075 4006 1155 4059 nullo
1170 4005 1216 4058 ad-

46 4100 102 4157 dito
121 4103 242 4172 dicitnr.
261 4103 337 4166 Quis
356 4118 422 4169 ergo
444 4101 617 4169 simpliciter
637 4099 760 4152 dicitur:
783 4113 832 4164 ego
853 4102 882 4150 et
900 4099 986 4151 Pater
1005 4111 1091 4148 unum
1111 4111 1216 4165 sumus,

44 4193 120 4248 nullo
137 4194 198 4247 alio
217 4191 326 4259 addito,
348 4191 529 4245 manifestum
550 4194 603 4257 est,
628 4189 703 4256 quod
723 4192 792 4241 snnt
811 4202 897 4240 unum
918 4187 1070 4241 secundum
1085 4187 1220 4246 ¹snbstan-

41 4284 108 4337 tim
127 4288 158 4337 et
176 4287 321 4337 naturam.
341 4282 501 4349 Numquam
521 4283 614 4334 sutem
633 4280 806 4345 invenitur,
838 4277 912 4346 qnod
935 4278 1010 4330 Dens
1035 4282 1064 4329 ct
1088 4281 1219 4332 creatura

41 4373 100 4427 rint
121 4389 211 4428 unum
231 4374 293 4426 sine
319 4374 417 4440 aliquo
439 4371 548 4438 addito,
575 4371 650 4424 siout
673 4370 749 4423 illud
764 4371 788 4421 1.
804 4369 867 4423 Gor.
890 4369 1059 4435 VI.17:qui
1083 4366 1221 4419 adhaeret

42 4464 107 4533 Deo,
130 4479 206 4518 unns
225 4464 347 4532 spiritus
365 4466 435 4518 asto
451 4461 480 4517 S.
495 4462 616 4516 Thomas
629 4461 659 4513 in
674 4461 715 4516 Io.
731 4461 766 4513 X.
779 4461 845 4513 lect.
859 4461 892 4514 V.
