3172 4950
531 115 568 128 -
591 81 651 144 265
673 115 711 129 -

37 213 64 260 c.
75 191 107 258 1.
118 212 156 259 n.
168 189 204 259 3.
215 189 290 258 Hoc
313 187 524 278 principium
541 195 596 257 est
611 189 749 256 omnino
764 188 908 258 evidens
925 213 988 280 pro
1005 191 1131 283 quavis
1148 216 1211 259 me·

36 294 361 387 dicta-cognitione
382 296 448 365 Dei
471 297 602 366 lumine
625 298 775 366 rationis
807 299 1040 391 acquirenda,
1059 300 1211 393 adeoque

34 404 131 474 valet
155 404 271 496 quoad
293 403 499 472 rationalem
523 405 756 493 cognitionem
773 392 963 475 Trinitatis
978 405 1016 473 in
1033 406 1124 475 omni
1138 430 1212 476 sen·

32 514 172 597 tentia,
200 533 449 604 quamcumque
472 512 632 603 sequaris
657 512 699 580 de
722 512 881 581 naturali
911 514 1110 602 cognitione
1132 516 1209 602 Dei,

32 620 100 689 nisi
124 623 224 689 forte
248 621 396 688 absurde
412 621 588 690 diceretur
603 630 722 690 nostro
739 621 939 690 intellectui
957 623 1133 691 naturalis
1150 626 1210 690 im·

33 728 188 797 aedicto
213 729 358 797 intuitio
380 730 468 815 Dei,
496 738 536 799 ut
551 730 668 799 trinus
692 737 746 800 est
768 730 937 820 personis.
956 731 1030 800 Hoc
1053 733 1144 800 enim
1162 755 1212 802 ee·

34 839 132 908 cluso
156 839 266 907 etiam
289 838 370 922 illi,
397 840 457 930 qui
474 840 585 907 ideam
599 840 663 909 Dei
681 841 901 929 congenitam
917 847 1036 909 nostro
1052 840 1211 910 intellec·
1285 880 1288 887 ·

35 949 100 1031 tui,
120 947 181 1016 vel
200 948 437 1016 immediatam
460 948 683 1017 intuitionem
699 949 809 1016 Entie
832 948 946 1017 divini
971 949 1021 1035 (1)
1046 949 1114 1018 sibi
1137 973 1212 1040 per·

36 1062 228 1124 euaserunt
246 1105 254 1140 ,
281 1077 396 1122 omnes
419 1055 599 1123 fateantur
622 1061 770 1144 oportet,
790 1078 858 1122 uno
876 1054 931 1123 vel
948 1054 1059 1124 altero
1076 1079 1117 1124 ex
1130 1057 1212 1125 duo·

36 1161 99 1230 bns
123 1161 239 1230 modis
262 1162 445 1246 indicatis,
465 1184 486 1228 a
509 1161 745 1252 praecognitis
762 1161 903 1253 inquam
921 1163 1094 1231 creaturis
1118 1164 1212 1232 vela

37 1269 279 1361 praecognitis
294 1269 565 1359 perfectionibus
575 1268 641 1337 Dei
661 1267 833 1336 absolutis
854 1267 1123 1357 perveniendum
1137 1291 1212 1338 esse

33 1376 82 1447 ad
104 1376 340 1466 cognitionem
365 1377 554 1444 Trinitatis
577 1397 825 1465 personarum,
852 1375 883 1443 si
906 1376 950 1444 ad
973 1399 1047 1444 eam
1072 1376 1145 1445 solo
1160 1377 1224 1448 lu·-

40 1485 130 1554 mine
153 1485 305 1554 rationis
331 1484 508 1575 perveniri
537 1492 662 1574 potest.
681 1483 756 1552 Imo
780 1483 870 1552 idem
894 1484 1105 1575 principium
1136 1486 1211 1555 uni·

44 1591 177 1663 versale
201 1598 256 1660 est
278 1596 314 1660 et
336 1615 404 1659 non
427 1590 537 1659 solum
555 1613 637 1680 prae
657 1589 808 1658 humano
832 1591 891 1659 sed
915 1614 998 1681 prae
1014 1591 1139 1684 quovis
1162 1593 1213 1661 in·

44 1695 186 1765 bllectu
208 1717 315 1786 aeque
331 1695 496 1779 evidens,
523 1695 580 1763 cui
605 1694 805 1763 immediata
828 1694 973 1763 intuitio
996 1696 1213 1765 internarum

46 1802 252 1872 relationum
274 1803 339 1871 Dei
362 1826 431 1870 non
453 1803 503 1870 sit
519 1802 706 1870 naturalis.
727 1802 826 1870 Talis
843 1809 960 1870 autem
976 1804 1122 1874 intuitio
1136 1828 1213 1873 oum

48 1909 112 1979 soli
132 1910 329 1979 intellectui
346 1910 467 1978 divino
483 1910 658 1978 naturalis
676 1911 735 1995 sit,
754 1909 953 1978 intellectui
969 1919 1085 1980 autem
1099 1921 1214 1981 creato

50 2019 167 2088 saltem
189 2020 282 2088 omni
305 2041 396 2088 nuno
420 2019 586 2089 existenti
610 2019 784 2108 (angelico
800 2025 837 2089 et
860 2018 1036 2106 humano),
1057 2028 1098 2089 ut
1119 2020 1214 2090 theo-

52 2124 156 2219 logice
178 2135 340 2214 constat,
366 2152 408 2197 ex
433 2152 497 2196 sua
519 2137 649 2197 natura
672 2152 740 2196 non
765 2128 968 2215 conveniat;
995 2130 1098 2197 immo
1111 2128 1146 2197 id
1161 2129 1213 2198 vi-

58 2235 170 2306 deatur
193 2260 267 2306 esee
290 2260 397 2327 supra
420 2245 581 2306 naturam
609 2237 767 2305 cuiusvis
798 2237 976 2328 possibilis
1007 2244 1212 2323 creaturae,

57 2354 96 2412 ut
113 2368 151 2414 en
166 2345 350 2437 principiis
365 2345 471 2414 certis
481 2344 609 2414 deduci
626 2352 741 2434 potest
758 2346 819 2432 (cf.
832 2345 869 2414 S.
882 2346 948 2413 Th.
960 2345 992 2414 1.
1004 2370 1037 2437 q.
1049 2346 1104 2414 12.
1119 2347 1211 2434 a.4.;

59 2453 149 2523 verit.
165 2479 198 2546 q.
213 2454 246 2521 8.
262 2455 357 2539 a.4.;
385 2461 495 2522 contr.
515 2461 611 2541 gent.
629 2452 698 2521 Ill.
721 2454 819 2523 cea.
839 2458 943 2541 eto.);
967 2455 1211 2546 consequitur,

59 2560 237 2630 universim
260 2562 391 2630 lumine
422 2561 581 2630 naturali
608 2562 809 2631 intellectus
842 2564 953 2631 creati
983 2564 1214 2653 cognitionem

10 2660 17 2775 Ξ
62 2660 236 2738 Trinitatis
248 2691 471 2759 personarum
483 2669 684 2738 divinarum
698 2669 754 2738 vel
770 2671 869 2739 nullo
890 2671 987 2740 modo
1007 2673 1064 2742 vel
1085 2671 1215 2740 alteru·

10 2782 18 2915 p
62 2777 157 2848 troex
181 2779 292 2848 modis
315 2779 481 2847 indicatis
502 2778 752 2873 assequendam
775 2802 862 2848 esse.

113 2888 224 2980 Atqui
248 2888 290 2957 Γ.
317 2888 474 2956 internae
496 2887 730 2977 processiones
747 2887 783 2956 in
799 2889 871 2957 Deo
887 2895 923 2958 et
939 2889 1126 2960 distinctae
1143 2896 1216 2959 tres

63 2999 210 3080 personae
233 3019 301 3064 non
326 3005 472 3095 possunt
493 2996 624 3064 lumine
647 2995 796 3063 rationis
820 2996 981 3085 cognosci
1013 3003 1049 3066 et
1079 2998 1215 3067 demon·
1259 2994 1264 3005 '

64 3102 155 3171 atrati
166 3126 209 3172 ex
221 3101 458 3193 praecognitis
471 3102 644 3171 creaturis
666 3125 728 3171 seu
746 3126 767 3167 a
782 3105 967 3192 posteriori
983 3102 1217 3175 concludendo

10 3228 14 3305 ξ
64 3208 97 3275 ab
107 3213 232 3301 effectu
248 3211 292 3278 ad
309 3231 459 3279 causam.
473 3209 528 3278 Ex
545 3211 771 3300 praecognita
786 3210 975 3278 existentia
992 3211 1217 3300 contingente

10 3314 17 3459 ἶι
65 3328 310 3404 creaturarum,
336 3341 377 3387 ex
401 3340 520 3388 earum
543 3318 816 3409 perfectionibus
839 3323 875 3386 et
898 3318 1019 3387 ordine
1042 3341 1082 3388 ac
1107 3318 1215 3397 direc-

10 3478 15 3553 ξ
103 3478 141 3553 (1)
157 3483 246 3536 Nobis
266 3481 379 3549 quidem
398 3496 564 3549 persuasum
584 3483 646 3548 est,
668 3497 724 3534 non
745 3497 827 3549 posse
847 3481 1003 3535 consistere
1024 3479 1217 3534 immediatam

10 3704 13 3727 ,
68 3669 231 3722 temeratum
251 3661 437 3728 divinarum,
458 3669 488 3716 et
506 3662 570 3714 ideo
589 3661 681 3733 (inter
698 3666 808 3716 ceterae
828 3656 970 3730 rationes)
983 3676 1117 3726 negamus
1136 3662 1218 3715 illam

10 3748 16 3825 'p
70 3745 137 3803 aaa·
152 3751 247 3805 divini
264 3754 461 3806 intuitionem.
481 3753 536 3805 Sed
557 3753 607 3820 qui
633 3753 715 3806 illam
735 3752 793 3805 sibi
812 3751 983 3816 vindicant,
1005 3757 1140 3805 asserunt
1157 3766 1219 3805 esse

10 3830 17 3881 'i
71 3834 233 3897 intuitionem
252 3844 444 3897 immediatam
464 3843 587 3910 quidem,
608 3843 656 3896 sed
675 3843 762 3896 Euris
787 3842 882 3895 divini
907 3857 968 3895 cum
988 3842 1182 3895 abstractione
1202 3857 1218 3894 a

72 3930 271 3991 anebontem
291 3940 320 3986 et
338 3935 428 3987 multo
455 3934 546 3999 magis
572 3951 589 3986 a
608 3932 757 3986 distinctis
783 3932 924 4000 personis.
942 3931 1134 3985 Consentiunt
1152 3946 1218 3996 ergo

73 4011 108 4069 illl
122 4023 280 4092 nobiscum,
301 4023 376 4091 quod
394 4025 520 4090 cognitio
531 4024 677 4076 naturalis
690 4037 884 4091 personarum,
901 4021 927 4075 ei
946 4021 1073 4086 daretur,
1086 4035 1143 4073 non
1156 4034 1218 4086 pca-

20 4172 23 4177 ,
76 4110 108 4157 “l
121 4124 174 4166 me
191 4114 250 4167 nial
268 4113 406 4180 mediata;
429 4113 480 4166 hoe
499 4128 566 4165 vero
585 4112 695 4179 posito,
717 4111 800 4164 nulla
819 4111 879 4164 alia
897 4115 1010 4179 pateret
1036 4109 1086 4164 ria
1104 4111 1219 4176 praeter

79 4195 238 4275 llismmm,
259 4220 344 4273 quam
357 4203 558 4274 indicarimus,
573 4201 630 4278 (Ol.
645 4203 740 4258 tract.
752 4202 787 4256 de
797 4197 878 4276 Deo).
