3172 4950
696 321 734 336 ..
755 289 815 350 268
836 323 874 336 -

205 401 300 470 tione
322 398 445 488 exigat
466 397 597 466 trinam
620 417 762 487 samque
784 394 972 465 relativam
994 393 1270 478 subsistentiam,
1293 392 1351 463 be.

207 514 249 577 ιιι
277 505 395 575 eadem
416 504 559 572 infinita
589 502 741 572 essentia
764 501 813 570 sit
835 503 940 570 Pater
963 508 1000 570 et
1020 501 1140 569 Filius
1163 507 1202 570 et
1223 501 1355 591 Spiritus

207 615 359 684 Sanctus
382 613 466 681 solis
489 611 719 680 relationibus
742 610 837 678 inter
852 633 888 678 se
905 608 1081 695 distincti,
1099 615 1136 678 et
1148 615 1222 678 tres
1236 606 1356 677 relativi
1372 678 1376 683 ,

207 723 449 807 subsistentes,
467 720 504 789 id
520 743 562 788 ex
578 720 756 804 infinitate
769 720 825 788 vel
839 719 964 811 quavis
976 717 1140 811 absoluta
1151 717 1355 809 perfectione,

209 839 249 900 ιιι
270 831 401 898 lumine
423 827 573 897 rationis
596 850 638 895 ex
669 826 842 894 creaturis
873 825 1120 915 cognoscibilis
1150 832 1224 910 est,
1257 823 1359 893 deduci

208 937 305 1008 nullo
328 936 426 1005 modo
449 941 576 1026 potest.
594 933 708 1003 Causa
730 942 796 1018 est,
823 933 906 1025 quia
928 932 1028 1001 nulla
1043 932 1151 1002 datur
1166 938 1232 1001 ant
1246 954 1268 999 a
1283 931 1360 1000 nobis

206 1046 363 1135 intelligi
386 1051 501 1136 potest
523 1042 691 1133 perfectio
715 1048 833 1110 creata
855 1040 913 1110 vel
931 1040 1099 1110 creabilis
1115 1040 1285 1109 exbibens
1298 1059 1359 1106 ane·

207 1154 336 1244 logiam
367 1151 591 1244 perfectionis
614 1148 806 1233 absolutae,
832 1172 920 1241 quse
942 1149 980 1217 in
1004 1172 1041 1218 se
1064 1172 1137 1218 uua
1160 1149 1283 1238 exigat
1301 1146 1360 1215 sub

208 1261 403 1331 sistentiam
432 1261 618 1329 relativam
642 1267 678 1327 et
699 1255 1029 1347 multiplicationem
1052 1256 1326 1328 subsistentium.

276 1370 376 1454 Quod
399 1369 545 1440 dicimus
568 1368 610 1437 de
640 1367 818 1438 infinitate
849 1370 1021 1438 essentiae
1053 1375 1090 1438 et
1121 1369 1165 1439 de
1196 1365 1360 1440 attributis

209 1478 306 1548 valet
327 1501 434 1570 aeque
458 1477 563 1546 etiam
586 1476 628 1545 de
651 1477 788 1546 actibus
815 1501 877 1546 sen
907 1478 1024 1569 potius
1047 1477 1090 1547 de
1112 1485 1197 1549 actu
1221 1477 1356 1546 intellec

208 1587 316 1656 tionis
346 1595 382 1655 et
411 1585 637 1670 dilectionis,
672 1586 733 1676 qui
757 1586 878 1677 utique
902 1592 956 1654 est
978 1585 1192 1654 attributum
1223 1585 1358 1655 divinum
1382 1602 1386 1689 j

209 1717 250 1764 sc
272 1694 440 1786 proinde,
466 1699 508 1762 ut
531 1692 707 1778 diximus,
733 1716 801 1760 non
824 1700 879 1761 est
900 1692 999 1760 aliud
1030 1715 1134 1785 qnam
1161 1689 1356 1784 ipsametdi
1381 1692 1386 1741 ἴ

210 1803 294 1872 vina
317 1800 516 1870 substantia
540 1822 600 1869 seu
623 1798 786 1869 absoluta
809 1801 963 1869 essentia
987 1801 1205 1891 apprehense
1234 1823 1258 1867 a
1280 1796 1356 1867 nobis

210 1912 274 1979 sub
298 1909 438 1978 formali
462 1916 628 1998 conceptu
650 1908 854 1978 intellectus
877 1902 1356 1977 autvoluntatis.1ncreatit

209 2017 402 2087 intellectio
425 2022 461 2085 et
484 2015 608 2085 volitio
631 2016 782 2085 actualis
805 2024 859 2086 est
874 2012 1012 2110 quidem
1029 2018 1225 2086 necessario
1246 2009 1355 2104 aliquid
1378 2014 1386 2105 Ι

209 2126 418 2218 productum
441 2124 584 2213 abipso
608 2125 738 2213 spiritu
761 2124 984 2214 intelligente
1007 2133 1043 2194 et
1067 2125 1220 2209 volente,
1238 2123 1386 2192 indete
1380 2168 1386 2175 -

210 2257 288 2303 men
311 2232 382 2300 solo
406 2229 537 2299 lumine
560 2231 712 2299 rationis
735 2231 940 2301 nullatenus
967 2233 1138 2303 coniicere
1169 2233 1291 2302 nedum
1314 2229 1353 2297 de
1384 2228 1386 2237 '

210 2349 403 2410 monstrare
426 2363 602 2431 possemus
624 2341 662 2408 in
685 2341 757 2408 Deo
779 2341 933 2409 Verbum
956 2349 993 2411 et
1008 2364 1159 2410 amorem
1176 2341 1354 2431 productum

211 2472 288 2519 cum
312 2449 400 2518 reali
423 2448 648 2518 distinctione
671 2447 800 2533 trium,
834 2448 893 2541 qni
926 2448 1000 2518 sint
1027 2471 1118 2517 unus
1148 2449 1254 2518 Deus.
1279 2440 1354 2528 Quot

210 2559 301 2627 enim
324 2556 518 2625 intellectio
541 2563 578 2624 et
600 2555 726 2625 volitio
742 2557 779 2623 in
795 2557 929 2644 creatis,
940 2566 996 2625 est
1013 2556 1185 2647 producto
1201 2579 1224 2624 a
1238 2554 1352 2646 spiritu,

211 2664 247 2736 id
270 2664 495 2756 consequitur
518 2685 561 2730 ex
584 2662 796 2730 limitatione
819 2663 1057 2754 perfectionis,
1082 2664 1167 2755 quia
1182 2658 1354 2732 substante

211 2772 359 2864 spiritus
389 2795 456 2839 non
480 2777 535 2840 eat
556 2770 671 2860 ipsum
696 2771 893 2865 intelligere
915 2780 952 2840 et
982 2772 1096 2862 ipsum
1127 2772 1274 2862 diligere
1283 2797 1295 2852 ;
1313 2762 1354 2835 sed

211 2880 360 2970 spiritus
384 2887 438 2947 est
461 2882 498 2944 in
514 2881 671 2966 potentio
694 2880 740 2947 ad
763 2888 906 2965 sctum,
932 2887 967 2949 et
989 2888 1090 2949 setus
1122 2905 1192 2949 non
1220 2890 1274 2950 est
1299 2879 1355 2968 ips

212 2987 410 3057 substantia
434 2986 582 3075 spiritus
606 2986 666 3054 sed
698 2986 879 3076 perficiens
911 2987 1122 3057 modificatio
1150 2985 1353 3056 substantiae·

210 3095 280 3162 Ubi
303 3117 385 3163 vero
409 3093 549 3161 infinita
572 3098 609 3162 et
632 3116 674 3161 ex
697 3094 776 3183 ipsa
798 3094 974 3162 infinitate
998 3095 1136 3163 omnino
1160 3096 1303 3185 simplex
1321 3110 1356 3158 ee

212 3203 326 3274 sentia
349 3208 404 3271 est
427 3202 574 3291 ipsamet
597 3200 789 3270 intellectio
812 3205 850 3269 et
873 3201 998 3269 volitio
1021 3201 1097 3270 sine
1119 3201 1196 3268 nlla
1219 3200 1304 3270 reali
1321 3194 1357 3266 di·

212 3310 398 3378 stinctione
421 3318 522 3378 ectus
545 3317 581 3377 et
603 3308 797 3392 essentiae,
833 3309 882 3376 ibi
914 3311 1069 3399 profecto
1100 3333 1168 3378 non
1202 3323 1359 3402 possumus

212 3416 342 3486 lumine
373 3417 521 3485 rationis
551 3414 751 3505 intelligere
775 3416 928 3484 Verbum
958 3426 995 3485 et
1022 3439 1172 3486 amorem
1204 3440 1278 3486 essa
1304 3422 1360 3484 tm

212 3547 315 3593 unam
330 3547 497 3593 summam
508 3547 581 3592 rem
596 3524 792 3591 absolutam
808 3523 843 3590 h.
854 3548 884 3593 e.
899 3525 1042 3592 realiter
1054 3524 1165 3616 ipsam
1181 3525 1359 3602 essentiam,

210 3641 285 3702 tum
302 3635 366 3701 sub
390 3632 529 3702 formali
552 3632 701 3714 ratione,
728 3638 901 3722 quatenns
924 3632 997 3701 sint
1018 3633 1161 3702 termini
1178 3629 1361 3702 intellectio

212 3741 269 3808 nis
291 3746 328 3808 et
351 3740 561 3823 dilectionis,
580 3761 653 3807 esse
677 3739 830 3807 Verbum
853 3741 1011 3830 genitum
1034 3748 1070 3809 et
1092 3763 1248 3809 amorem
1270 3758 1362 3831 prece·

213 3846 348 3917 dentem
372 3848 587 3938 processione
604 3847 691 3915 reali
714 3847 786 3932 ita,
812 3856 852 3916 ut
874 3849 983 3916 realis
1005 3849 1055 3918 sit
1077 3849 1262 3921 distinctio
1284 3867 1364 3941 gene

213 3956 349 4038 rantis,
375 3956 506 4045 geniti,
532 3963 569 4023 et
592 3955 821 4044 procedentis.

278 4062 386 4129 Immo
410 4085 493 4131 vero
516 4069 726 4151 propterca,
753 4063 843 4153 quod
868 4062 1055 4132 universus
1072 4065 1156 4134 ordo
1180 4074 1316 4137 creatus
1334 4080 1364 4132 ex

214 4169 347 4261 quoad
371 4169 512 4239 divinas
535 4171 766 4261 perfectiones
790 4172 969 4260 analogice
994 4173 1249 4263 intelligendas
1270 4192 1364 4243 escon·

213 4277 350 4362 dimus,
381 4278 517 4346 nullum
549 4279 690 4370 praebet
713 4279 996 4366 fundamentum,
1022 4282 1158 4350 nullam
1187 4282 1365 4373 analogium

215 4386 450 4472 (revelatione
473 4409 542 4455 non
565 4386 765 4478 supposita)
789 4387 834 4456 ad
850 4388 1070 4458 formandum
1086 4399 1290 4484 conceptum
1302 4386 1363 4460 snb
