3172 4950
874 336 911 350 -
936 304 994 364 170
1014 337 1052 350 -

376 417 510 496 cetera,
534 409 650 478 Filius
674 409 864 478 subsistere
887 409 1092 493 doceretur,
1117 409 1366 479 uerecundum
1390 409 1557 480 voiunta-

377 523 447 586 tem
470 523 609 586 tantum
633 540 702 586 non
725 517 832 586 etiam
855 517 1042 586 secundnm
1072 521 1234 586 naturam
1264 516 1417 603 baberet
1443 540 1555 588 essen

375 625 485 713 tiam,
512 624 596 693 data
618 624 806 694 haereticis
835 625 969 694 occasio
1001 624 1212 711 videbatur,
1237 629 1279 692 nt
1304 625 1552 695 neoessitatem

375 732 447 801 Deo
458 733 557 801 Patri
569 732 739 822 gignendi
751 755 793 802 ex
811 754 847 800 se
858 732 946 800 Filii
961 732 1200 802 adscriberent
1214 732 1266 820 (h.
1278 755 1308 802 e.
1319 755 1364 802 ex
1377 734 1555 803 sententia

376 837 635 909 Catholicorum
658 839 696 909 id
720 839 819 931 sequi
841 839 1168 925 calumniarentur),
1193 847 1372 931 tamqnam
1404 844 1553 908 natum

377 946 454 1036 lege
478 961 614 1036 copente
638 951 769 1014 invitus
791 945 954 1017 ediderit.
984 947 1053 1016 Sed
1076 947 1160 1016 haec
1183 948 1385 1038 passionm
1408 969 1480 1016 non
1500 953 1552 1018 est

264 1052 271 1063 “
377 1055 415 1122 in
436 1054 508 1123 Deo
531 1055 637 1124 Patre
661 1053 857 1125 conditio...
883 1055 978 1124 Ante
1002 1062 1157 1146 tempora
1172 1055 1288 1124 omnia
1302 1055 1413 1125 Pater
1435 1078 1480 1124 ex
1494 1075 1550 1123 na·

378 1168 479 1231 turae
503 1185 585 1231 suae
609 1164 773 1248 essentia,
800 1163 1065 1252 impassibiliter
1087 1163 1217 1247 volem,
1240 1162 1335 1231 Filio
1365 1162 1468 1232 dedit
1495 1182 1551 1230 na·

376 1269 507 1337 taralis
529 1269 733 1339 nativitatis
756 1271 942 1339 essentiam
973 1269 1036 1357 (sl.
1055 1268 1231 1338 naturalia
1253 1269 1481 1341 nativitatem
1502 1293 1549 1340 es

377 1378 556 1465 sentiae)r
583 1376 619 1446 S.
634 1376 750 1446 Hilar.
766 1377 808 1447 de
833 1376 965 1467 Synod.
984 1401 1019 1446 n.
1036 1376 1092 1446 59.
1114 1407 1130 1442 ι
1147 1378 1240 1448 Num
1256 1378 1341 1470 quia
1356 1401 1401 1448 ex
1424 1384 1558 1447 natura·

377 1509 446 1555 non
468 1492 585 1555 autem
607 1508 650 1553 ex
675 1485 858 1556 voluntate
882 1486 932 1554 sit
953 1485 1094 1572 Filius,
1120 1484 1190 1553 iam
1213 1486 1320 1555 etiam
1336 1493 1481 1577 praeter
1494 1507 1548 1555 vo

378 1595 549 1663 luntatem
571 1594 691 1663 Patris
715 1599 752 1662 et
774 1594 912 1664 nolente
936 1594 1041 1662 Patre
1056 1599 1113 1662 est
1127 1593 1274 1663 Filius?
1295 1593 1443 1662 Minime
1458 1614 1545 1677 vero,

378 1702 438 1771 scd
461 1701 579 1793 potius
591 1702 698 1771 Pater
711 1702 793 1770 vult
803 1701 979 1771 Filium...
993 1702 1043 1770 Ut
1054 1701 1145 1770 enim
1164 1724 1232 1770 non
1246 1724 1290 1771 ex
1301 1701 1488 1771 voluntate
1498 1700 1548 1769 bo

379 1833 445 1878 uns
468 1832 542 1879 esse
566 1811 700 1901 coepit,
728 1834 790 1880 nec
813 1819 929 1882 tamen
952 1817 1075 1880 eontra
1097 1811 1306 1881 sententiam
1329 1816 1368 1880 et
1389 1801 1545 1880 velante

379 1925 449 1986 tem
472 1918 581 1986 bonus
605 1924 680 2006 est;
706 1939 853 2010 namque
877 1920 941 1988 hoc
963 1918 1054 2011 quod
1070 1925 1146 2004 est,
1171 1918 1246 2009 ipse
1262 1918 1345 1988 vult
1360 1940 1480 1988 esse...
1497 1917 1543 1986 sie

380 2047 457 2092 cum
479 2024 595 2097 Filius
623 2026 784 2116 proprius
807 2028 857 2096 sit
879 2027 955 2096 eius
977 2035 1150 2112 naturae,
1175 2048 1244 2095 non
1267 2025 1547 2117 praetervolan-

331 2210 339 2226 ·
380 2138 489 2201 tatem
511 2134 587 2202 eius
610 2141 675 2204 est.
692 2135 749 2205 Sit
772 2159 855 2225 ergo
879 2135 1011 2206 volitus
1033 2142 1069 2205 et
1091 2136 1241 2205 dilectus
1258 2135 1376 2204 Filius
1391 2157 1416 2203 s
1430 2136 1543 2220 Patre,

379 2244 511 2335 hacque
534 2241 673 2314 ratione
697 2245 752 2337 pie
776 2245 855 2336 quis
878 2244 1022 2334 cogitet,
1040 2244 1151 2312 Deum
1169 2242 1260 2312 velle
1275 2248 1312 2311 et
1334 2265 1406 2312 non
1428 2241 1545 2313 nolles

381 2351 418 2421 S.
432 2350 606 2422 Athenas.
625 2358 735 2421 contr.
754 2351 879 2421 Arisn.
899 2350 1068 2421 oratssl.
1085 2375 1119 2419 n.
1135 2350 1190 2419 66.
1223 2440 1229 2449 ι

447 2463 490 2529 Ιι
513 2462 647 2531 directa
671 2468 754 2530 vero
777 2460 1036 2552 oppugnatione
1060 2459 1234 2548 dogmatis
1249 2457 1391 2542 Ariani,
1411 2480 1479 2550 qno
1492 2456 1546 2525 si-

381 2569 468 2638 lium
491 2569 602 2639 libera
626 2568 808 2639 voluntate
830 2568 949 2638 Patris
973 2569 1106 2637 factum
1123 2564 1180 2636 vel
1197 2566 1356 2655 genitum
1370 2564 1546 2648 docebant,

380 2677 504 2747 Patres
527 2685 658 2768 negant
679 2677 812 2747 Filium
830 2701 904 2747 esse
921 2677 1081 2767 genitum
1097 2676 1273 2743 voluntate
1287 2674 1419 2743 Patris.
1435 2673 1549 2766 Neque

381 2784 497 2855 tamen
518 2785 599 2855 inde
622 2790 676 2856 est
698 2809 931 2876 consequens,
957 2789 999 2854 nt
1021 2784 1138 2850 solens
1159 2782 1262 2852 Pater
1276 2780 1412 2850 Filium
1427 2801 1548 2872 geum

380 2892 442 2980 rit;
469 2893 674 2986 quodecim
695 2917 738 2962 ex
762 2893 955 2963 intrinseca
979 2890 1159 2982 exigentia
1180 2896 1216 2960 et
1246 2889 1456 2959 necessitate
1477 2910 1548 2979 per·

381 3076 578 3132 habitudinem
595 3079 765 3146 principii...
787 3082 816 3132 et
835 3077 987 3132 secundnm
1007 3077 1082 3130 bunc
1101 3074 1211 3128 modun
1230 3076 1306 3128 Deua
1324 3073 1413 3128 Peter
1432 3088 1489 3128 non
1508 3088 1548 3138 ge

383 3169 449 3221 unit
465 3168 572 3221 Filium
592 3170 761 3236 voluntate,
793 3170 841 3223 sed
870 3169 1020 3222 voluntate
1040 3166 1184 3236 ‘produxit
1211 3169 1395 3220 creaturam·
1417 3164 1548 3219 Mlti.

383 3274 412 3324 q.
425 3259 471 3311 41.
483 3274 509 3312 a.
522 3260 548 3312 2.
560 3260 635 3312 Haec
652 3259 771 3313 Patauio
794 3275 850 3313 non
871 3258 1059 3327 undequaque
1082 3259 1250 3325 probantur.
1266 3275 1286 3303 ‘a
1300 3254 1357 3308 Οιι·
1374 3254 1548 3309 voluntatens

382 3347 464 3402 illam
482 3350 712 3401 corrcomitaotem
730 3353 841 3415 vocent,
863 3347 992 3417 equidem
1013 3364 1068 3401 non
1087 3347 1230 3411 intelligo,
1247 3366 1259 3393 ι
1275 3343 1375 3412 inquit
1392 3343 1549 3398 istus.

383 3437 608 3491 n.17.20.ltam
627 3439 813 3505 voluntatem,
837 3454 893 3506 qna
911 3440 987 3492 Dens
1007 3438 1073 3490 vult
1092 3451 1152 3489 esse
1172 3436 1257 3501 Dens,
1277 3437 1363 3501 putat
1381 3432 1441 3487 dici
1453 3431 1550 3486 debere

382 3537 600 3596 consequentum
615 3545 671 3597 qua
691 3534 759 3584 vtro
777 3530 843 3583 vult
862 3545 998 3594 generare
1016 3527 1142 3593 Filium,
1165 3541 1226 3579 esse
1249 3525 1431 3578 voluntatem
1449 3530 1552 3576 cutm

285 3616 292 3621 '
384 3617 500 3684 dentem,
522 3624 653 3674 neutram
678 3620 917 3673 cortcomitautem.
930 3619 968 3673 At
987 3620 1034 3673 vir
1053 3617 1235 3671 doctissimus
1254 3613 1487 3668 animadvertere
1503 3626 1550 3682 po·

385 3707 506 3775 inisset,
531 3709 651 3764 hicnon
676 3713 800 3780 spectari
822 3710 949 3764 ordinem
970 3709 1148 3773 voluntatis,
1171 3711 1204 3761 ut
1222 3721 1290 3774 prae
1313 3705 1414 3772 aliquo
1432 3703 1551 3757 termino

384 3797 554 3853 antecedens
574 3804 619 3853 est
639 3801 685 3854 vel
707 3817 881 3869 consequens
901 3802 948 3854 vel
966 3799 1176 3863 concomitans,
1198 3795 1248 3849 sed
1269 3794 1467 3862 quaestionem
1478 3807 1549 3856 ease,

385 3892 479 3941 utrum
493 3892 640 3945 ablativus
661 3895 832 3944 «voluntate
848 3895 968 3958 generat
978 3891 1088 3943 Pater»
1110 3890 1151 3942 sit
1163 3886 1311 3942 ablativus
1324 3885 1509 3953 efficientiae,
1523 3886 1553 3934 nt

385 3980 521 4033 volebant
538 3981 658 4047 Ariani,
680 3999 716 4037 an
735 3984 882 4037 ablativus
902 3981 1139 4034 concomitantia
1157 3981 1279 4033 tantun.
1291 3975 1553 4042 Quandovolnntas

385 4069 576 4122 concomitans
592 4070 886 4137 commedistingnitur
905 4070 939 4125 ad
954 4072 1132 4124 voluntatem
1152 4067 1313 4135 effectrices
1332 4066 1380 4119 vel
1395 4059 1553 4130 proeaees·-

384 4174 456 4222 «ιιι,
478 4173 534 4211 non
554 4160 708 4227 respicitur
726 4160 794 4214 ordo
814 4160 919 4228 prioris
938 4164 989 4214 aut
1001 4156 1180 4228 posterioris,
1196 4156 1245 4209 sed
1261 4157 1419 4208 affirmatur
1432 4151 1553 4204 mum·

385 4249 428 4302 tia
447 4249 597 4304 velitienis
617 4257 646 4306 et
664 4256 785 4317 negatur
804 4251 879 4304 ratio
898 4265 998 4304 ansae
1011 4250 1057 4305 vel
1077 4248 1217 4318 principii
1235 4246 1267 4298 in
1286 4245 1383 4299 cadem
1405 4242 1552 4305 velitisne,

385 4342 471 4407 atque
490 4339 559 4395 adeo
577 4342 629 4396 boc
647 4357 733 4396 senen
749 4345 845 4410 potest
863 4339 921 4393 dici
938 4340 1074 4394 voluntas
1096 4337 1308 4399 concomitare,
1333 4348 1407 4403 quae
1426 4333 1552 4402 respectu

384 4429 496 4486 ordinis
515 4436 591 4488 esset
610 4432 774 4487 caecemus
792 4431 839 4485 vel
859 4445 1036 4498 coaequare.
