3172 4950
687 342 740 377 .-
762 310 823 371 424
842 340 882 357 -

208 414 277 483 lius
300 439 390 483 merra
420 441 453 484 es
485 431 542 499 tu,
567 440 626 507 epo
658 414 758 481 bodie
779 416 885 503 penui
909 425 964 493 ter
993 418 1030 481 et
1055 412 1211 480 iterum:
1233 429 1348 501 egbert

207 523 265 594 iili
281 524 318 593 in
334 525 488 608 Patrem,
502 531 538 593 et
554 526 628 614 ipse
645 524 715 592 erit
736 521 824 589 mihi
850 519 888 588 in
903 519 1079 589 Filium...
1089 518 1148 587 Ad
1163 516 1289 587 Filium
1307 538 1347 587 tt·

206 637 275 701 bem
307 631 446 718 (dicit):
472 631 619 700 thronus
650 638 758 714 tuus,
783 629 900 713 Deus,
926 628 964 697 in
994 627 1175 697 maculam
1204 624 1345 695 saeculi...

207 735 256 807 Et
278 745 320 807 tu
342 737 379 805 in
402 738 587 828 principio,
605 737 762 821 Domine,
788 742 919 804 terram
934 734 1107 818 fundasti,
1125 738 1164 803 et
1181 753 1280 823 opera
1301 751 1348 799 no
1381 750 1388 773 ·

205 868 315 915 nuum
330 853 472 914 tuarum
489 853 573 914 sunt
586 845 703 913 coelia
722 853 788 913 etc.
807 844 895 911 Heb.
909 843 940 910 Ι.
955 841 1048 910 2-10.
1068 840 1157 909 Tam
1172 840 1210 909 in
1231 837 1348 909 Psalmis

207 950 257 1021 H.
279 952 311 1039 73
333 953 462 1022 XLIV.
488 951 628 1039 (XLV).
643 951 684 1040 73
711 950 890 1039 01.(011).
915 951 971 1035 26,
989 973 1032 1020 ex
1054 949 1186 1042 quibus
1203 945 1348 1017 vertute

208 1066 348 1149 sumpta
371 1069 465 1146 sunt,
492 1083 595 1153 quam
623 1062 666 1129 ab
688 1060 859 1150 Apostolo
889 1059 974 1129 haec
992 1058 1163 1128 dicuntur
1176 1056 1218 1126 de
1239 1054 1350 1123 Christo

207 1164 302 1235 Filio
324 1166 518 1253 incarnato,
545 1169 576 1237 is
598 1176 714 1237 autem
732 1191 800 1236 non
817 1174 871 1237 est
887 1167 980 1235 alius
998 1187 1101 1258 quam
1127 1164 1244 1233 Filius
1268 1170 1350 1231 aetas

208 1297 288 1357 nus,
314 1274 476 1367 quamvis
499 1275 537 1343 in
559 1284 711 1365 tempore
727 1278 844 1345 tactus
869 1275 918 1344 sit
940 1276 1052 1343 homo.
1078 1272 1180 1341 Unde
1202 1270 1259 1341 hic
1278 1268 1351 1338 hono

209 1380 234 1449 i.
253 1404 284 1451 e.
302 1380 387 1451 haec
410 1406 557 1473 persona
580 1407 667 1476 quae
691 1391 746 1453 est
767 1384 874 1452 etiam
897 1382 1009 1467 homo,
1034 1389 1090 1451 est
1110 1381 1229 1449 Filius
1242 1378 1353 1467 Deigt·

159 1538 165 1549 .
208 1487 307 1557 uitus
330 1490 373 1557 ab
396 1497 549 1575 aeterno,
575 1499 629 1560 est
652 1491 746 1560 Deus
769 1497 906 1559 creator
936 1489 1024 1559 coeli
1045 1489 1080 1558 ei
1101 1496 1229 1558 terrae.
1248 1485 1355 1569 Quian

210 1594 336 1684 positis
360 1598 488 1665 verba:
517 1628 533 1661 u
547 1597 664 1666 Filius
686 1620 783 1666 meus
805 1619 842 1665 es
865 1606 925 1680 tu,
950 1618 1014 1687 ego
1037 1593 1141 1663 hodie
1171 1592 1275 1684 genui
1293 1600 1353 1673 ten.

209 1703 403 1773 necessario
426 1704 660 1795 intelligenda
687 1714 771 1775 sunt
794 1705 834 1774 de
858 1704 924 1773 hae
941 1724 1099 1795 persona,
1118 1724 1207 1795 qnae
1221 1700 1356 1771 estDem
1396 1782 1398 1793 Ι

210 1808 322 1879 homo.
342 1810 537 1881 Secundum
561 1812 710 1883 incisum
726 1812 879 1904 explicat
901 1812 1084 1897 rationem,
1105 1832 1176 1902 qua
1191 1806 1354 1891 sitFilius,
1395 1860 1398 1871 .

211 1917 376 1987 videlicet
398 1920 482 2011 quia
505 1929 559 1990 est
581 1922 725 2012 genitus
740 1944 762 1990 a
775 1922 890 1989 Patre.
910 1920 980 2003 Qui
1004 1927 1058 1989 est
1073 1918 1237 2008 splendor
1250 1914 1356 2008 glorio

210 2023 275 2093 Dei
299 2026 430 2110 Patris,
456 2027 550 2097 Deua
574 2037 710 2097 creator
734 2027 820 2097 coeli
843 2035 879 2096 et
901 2036 1029 2112 terrae,
1053 2024 1173 2094 Filius
1188 2027 1357 2115 nonpotaat

210 2153 285 2201 esse
308 2130 377 2199 nisi
400 2140 575 2219 aeternus,
595 2158 679 2225 ergo
701 2142 738 2205 et
760 2136 940 2226 generatio
956 2144 1099 2204 aeterna
1116 2139 1184 2203 eat.
1204 2128 1356 2201 Particnla

210 2242 325 2333 igitur
349 2240 449 2309 bodie
471 2266 539 2311 non
568 2243 710 2311 initium
742 2242 979 2334 generationis
1013 2242 1075 2310 sed
1103 2236 1356 2313 incommutabile

210 2374 301 2418 ncnc
330 2349 554 2419 aeternitatis
585 2350 768 2440 exprimit,
801 2373 868 2442 quo
898 2349 1078 2439 generatio
1105 2373 1241 2443 semper
1265 2344 1356 2419 estin

211 2465 293 2525 actu
307 2455 486 2548 completo.
506 2456 562 2524 Ad
579 2455 672 2524 hunc
686 2457 850 2523 bominem
862 2462 977 2526 tumen
996 2458 1223 2547 specificatione
1237 2472 1274 2523 ot
1288 2455 1356 2521 bont

212 2577 274 2645 eat,
300 2564 406 2631 verba
437 2563 614 2653 pertinent
637 2562 675 2630 in
698 2570 875 2652 tempore,
901 2586 968 2630 non
992 2563 1076 2654 quia
1105 2563 1249 2652 genitus
1269 2560 1356 2633 estin

210 2676 376 2759 tempore,
402 2669 462 2737 sed
486 2669 568 2760 quia
592 2669 735 2757 genitus
765 2669 809 2736 ab
837 2674 978 2737 aeterno
1006 2668 1134 2758 incipit
1165 2670 1203 2739 in
1233 2676 1357 2759 tempora

212 2799 286 2847 esse
310 2776 421 2845 homo.
439 2777 539 2846 Unde
564 2777 713 2866 primum
730 2778 767 2845 in
783 2777 1023 2845 incarnatione
1052 2777 1258 2848 verificatur
1271 2774 1306 2844 de
1318 2776 1357 2841 bo

213 2888 321 2952 mine:
350 2915 366 2948 a
380 2907 444 2974 ego
467 2883 568 2952 hodie
592 2884 631 2970 (i.
651 2907 681 2952 e.
700 2893 841 2953 aeterno
868 2884 1144 2954 incommutabili
1160 2888 1257 2971 actu)
1277 2878 1358 2975 genui

213 2998 294 3077 ten,
321 3000 362 3060 ut
385 2992 492 3061 verba
522 2999 708 3061 sumuntur
737 2992 824 3060 Heb.
839 2992 884 3061 V.
900 2994 943 3077 53
974 2999 1011 3061 et
1035 2993 1151 3063 eodem
1180 2993 1278 3062 modo
1297 3008 1359 3063 vert

212 3107 296 3169 sunt
312 3099 354 3168 de
371 3101 434 3169 hoo
451 3099 588 3169 homine
605 3100 641 3167 in
654 3100 920 3184 resurrectione,
939 3099 1111 3191 simulque
1125 3102 1294 3170 rationem
1303 3119 1359 3169 tou·

212 3209 328 3277 tinent
340 3207 698 3298 resurrectionis,qu0
710 3208 807 3275 modo
817 3209 923 3276 verba
935 3200 1358 3279 sumuntuert.XIILdb.

213 3316 282 3402 (Cf.
301 3317 345 3386 cl.
361 3317 401 3386 P.
415 3315 550 3384 Patrizi
564 3316 604 3384 de
617 3315 807 3405 Interpret.
824 3315 887 3385 SS.
901 3316 964 3384 SS.
981 3316 1007 3383 l.
1019 3315 1048 3384 I.
1065 3342 1102 3384 n.-
1119 3316 1191 3401 36).

279 3424 407 3493 Adhuc
423 3424 536 3513 magis
551 3423 693 3492 definite
716 3423 917 3492 declaratur
933 3423 1113 3514 generatio
1128 3444 1171 3492 ex
1188 3419 1363 3494 substantia

215 3532 331 3602 Patris
347 3533 406 3601 Ps.
417 3531 497 3600 CIX
514 3530 615 3618 (CX).
630 3531 664 3599 3.
680 3531 742 3617 (1),
761 3538 803 3599 ut
820 3531 876 3601 hic
890 3531 1094 3622 Scriptura'e
1106 3531 1206 3602 locus
1218 3522 1363 3602 communi

275 3691 317 3768 (1)
335 3696 466 3749 Psalmus
486 3696 595 3748 nemine
609 3696 776 3749 christiano
796 3695 939 3748 diffitente
954 3691 1364 3759 esttenes012300nstatentn

213 3782 243 3836 ld
261 3792 376 3851 praeter
395 3785 570 3839 evidentiam
584 3786 771 3838 intrinsecam
785 3800 819 3837 ex
832 3785 1021 3839 citationibus
1034 3786 1128 3853 ipsius
1146 3787 1260 3840 christi
1272 3776 1364 3841 nomn
1394 3846 1398 3857 Ι

214 3878 243 3927 tt
250 3875 449 3942 Apostolorum
460 3877 714 3941 Metth.xxl1.44;
726 3876 790 3929 Act.
802 3876 840 3929 11.
851 3876 895 3928 84.
910 3876 955 3943 85,
967 3877 1037 3929 Heb.
1047 3878 1071 3931 1.
1084 3877 1126 3942 13;
1140 3878 1210 3943 V.8;
1222 3870 1363 3933 vlultdt

214 3961 277 4015 Cor.
290 3964 352 4015 XV.
362 3964 407 4029 25;
419 3966 490 4018 Heb.
501 3966 537 4018 X.
551 3966 593 4017 13.
606 3965 759 4018 commatis
769 3965 800 4016 3¹¹
813 3963 846 4016 de
867 3980 922 4031 quo
939 3966 1037 4031 agitur
1050 3966 1138 4018 verba
1158 3966 1292 4021 hebraica
1301 3962 1363 4019 aul?

215 4056 262 4177 a}
295 4070 411 4180 rura
441 4086 554 4177 nrm
594 4073 818 4188 utrumn
855 4059 947 4181 nn
989 4073 1078 4179 aa,
1112 4067 1210 4184 aa„
1240 4088 1318 4183 mr

1055 4180 1060 4187 ’
1133 4178 1294 4322 'norb
1325 4188 1362 4291 b

277 4340 312 4394 In
332 4346 431 4395 nostra
450 4341 575 4407 Vulgata
591 4342 701 4407 legitur
717 4344 778 4395 tta:
805 4362 818 4388 u
833 4341 934 4394 'l'ecum
954 4340 1128 4409 principium
1146 4338 1187 4413 (i.
1202 4356 1228 4394 a.
1248 4334 1364 4409 principe

217 4425 286 4500 tna)
309 4430 341 4483 tn
361 4430 408 4484 die
427 4430 550 4485 virtutis
570 4436 655 4497 tuas,
675 4432 706 4485 tn
727 4430 928 4523 splendoribus
955 4430 1121 4485 Sanctorum
1149 4445 1186 4483 cx
1213 4432 1293 4485 atam
1314 4422 1363 4477 Μ
