3172 4950
568 376 573 387 .
641 353 680 370 ·-
701 322 762 385 425
781 354 821 370 -

176 430 284 496 rtrum
306 446 476 496 eonsensu
490 446 623 517 semper
638 425 840 497 intellectos
855 433 920 512 eet,
939 433 975 497 et
990 425 1195 496 nominatim
1213 426 1312 495 adhi-

176 534 236 603 ltus
257 555 321 625 per
344 530 448 623 plura
476 532 694 602 continenter
722 533 864 603 saeoula
893 532 931 601 in
961 532 1316 603 demonstrationibus

176 640 351 731 egnatieis
366 640 536 710 adversus
554 642 718 713 Arianos.
734 642 839 730 (Vide
856 642 920 713 SS.
938 643 1062 712 Patres
1083 642 1174 735 apud
1190 642 1312 713 Petav.

176 890 295 945 silerum
312 892 398 956 genui
421 894 484 944 ten.
509 889 614 943 Eodem
636 890 716 943 modo
738 891 846 944 habent
864 892 951 944 LXX.
967 895 997 944 et
1011 890 1105 944 versio
1126 888 1231 957 syrios,
1244 905 1317 958 quae

176 982 289 1033 amnt
306 978 469 1033 immediate
486 994 520 1032 ex
542 982 623 1031 textu
643 979 785 1033 hebraico.
806 980 903 1044 Quoad
928 981 971 1032 rei
994 995 1129 1034 summam
1148 994 1234 1034 sensu
1254 996 1318 1037 eou-

176 1071 265 1125 iulunt
284 1071 382 1125 rersio
401 1071 588 1137 Hieronymi,
608 1070 739 1138 Aquilae,
763 1070 935 1139 Symmachi,
959 1072 1176 1141 Theodotionls,
1198 1073 1241 1126 sio
1260 1071 1318 1127 die-

176 1160 279 1213 iV··et
297 1160 360 1227 V1·,
387 1159 421 1212 de
443 1159 548 1235 quibps
576 1160 690 1213 consule
715 1144 908 1227 Epiph'aninm
928 1158 1060 1233 (haeres.
1081 1160 1125 1214 65.
1144 1176 1173 1214 n.
1193 1162 1221 1213 4.
1242 1162 1274 1214 Τ.
1292 1162 1316 1215 Ι.

176 1246 268 1321 alo).
293 1251 487 1318 Hieronymus
507 1250 616 1303 vertit:
640 1250 751 1317 «quasi
772 1249 806 1303 de
832 1251 921 1309 valna
943 1251 1054 1303 orietur
1077 1252 1133 1304 tibi
1157 1266 1204 1305 ros
1223 1250 1317 1306 adole-

176 1340 268 1393 antlae
287 1346 355 1395 tuae
367 1364 391 1408 n,
404 1348 434 1394 et
443 1341 538 1395 eodem
549 1342 608 1395 iere
630 1341 710 1394 modo
722 1340 831 1393 habent
843 1341 972 1408 reliquae
985 1347 1216 1396 commemoratae
1229 1339 1317 1414 (apud

177 1430 286 1497 piphau.
299 1433 321 1485 l.
336 1428 383 1503 a).
401 1432 593 1498 Hieronymus
614 1437 689 1485 terte
708 1432 829 1499 ipsemet
844 1433 876 1485 in
889 1432 975 1486 hiiah.
987 1433 1021 1486 V.
1035 1433 1062 1485 2.
1078 1431 1122 1505 (¹1¹.
1131 1432 1180 1486 VI.
1196 1449 1225 1500 p.
1238 1428 1318 1505 489.)

176 1532 211 1574 Ιι
220 1522 321 1575 ueteris
331 1522 467 1576 Patribus
481 1523 571 1575 locum
581 1522 689 1576 Psalmi
704 1521 920 1590 intorpretatur
934 1524 1040 1590 absque
1055 1524 1116 1576 ulla
1129 1522 1319 1588 ambiguitate

176 1626 189 1664 a
204 1613 521 1678 aeterna-generatione
542 1612 614 1665 Filii
628 1613 691 1665 Dei.
708 1614 813 1666 Patres
827 1614 877 1680 qai
896 1613 949 1666 hoo
970 1613 1031 1667 loeo
1044 1619 1189 1667 aeternam
1203 1628 1237 1666 ex
1252 1612 1317 1667 suh·

176 1702 255 1757 hetia
271 1703 368 1757 Patris
389 1705 600 1769 generationem
614 1704 686 1756 Filii
705 1704 854 1757 enuntiari
872 1708 979 1757 certum
993 1720 1024 1757 ae
1037 1709 1130 1758 ratum
1144 1705 1316 1773 habuerunt,

176 1788 242 1845 diest
255 1794 393 1847 Patavina
407 1792 428 1845 1.
438 1809 462 1846 o.
477 1792 586 1859 viginti
606 1794 803 1860 gravissimos,
824 1793 929 1860 quibus
955 1794 1008 1846 alii
1028 1796 1126 1861 plures
1149 1794 1233 1849 iaeile
1251 1793 1319 1865 addi

176 1887 271 1936 mene.
291 1884 349 1937 Neo
368 1887 437 1950 puto
457 1884 548 1935 ullum
567 1898 602 1935 ex
622 1883 759 1937 Patribus
781 1883 924 1936 Ecclesiae
938 1884 1070 1951 reperiri,
1088 1885 1138 1952 qai
1162 1886 1229 1939 haio
1248 1901 1319 1939 eom·

176 1972 676 2041 seuiinterpretationioontradiost.
706 1972 813 2037 Quodsi
833 1973 908 2025 enim
927 1975 1010 2041 penei
1030 1975 1126 2041 aliqui
1145 1981 1258 2028 uterum
1272 1975 1319 2030 hio

176 2058 275 2127 iirginis
292 2063 475 2129 intelligunt,
496 2066 530 2115 ut
548 2077 648 2115 seusus
667 2062 726 2116 sit:
747 2077 798 2127 ego
817 2059 915 2133 (Pater
933 2061 1081 2136 aeternas)
1100 2046 1136 2117 ex
1155 2071 1236 2119 utero
1257 2066 1321 2119 Vir.

176 2146 228 2211 tisis
240 2150 283 2225 (ln
301 2147 513 2223 incarnatione)
532 2155 617 2219 genui
631 2157 668 2219 te,
684 2169 741 2206 non
762 2158 805 2207 est
823 2154 990 2222 putandum,
1011 2169 1059 2207 eos
1079 2153 1171 2221 quoad
1189 2157 1232 2208 rei
1247 2172 1320 2209 sum·

176 2250 249 2294 usus
260 2242 381 2310 reliquis
395 2241 561 2295 dissentire.
576 2242 729 2297 Generatio
743 2244 848 2311 quippe
863 2244 950 2297 Verbi
963 2247 1081 2298 aeterna
1094 2251 1148 2312 est,
1159 2261 1230 2311 qnae
1245 2247 1320 2317 siopt

176 2338 296 2398 iuquam
306 2333 417 2400 inrepit
429 2332 473 2384 ita
486 2347 637 2399 numquam
653 2332 772 2400 desinit,
785 2349 841 2386 non
853 2334 966 2402 quidem
977 2334 1053 2387 siout
1063 2335 1093 2386 iu
1104 2334 1236 2388 humenis
1249 2342 1319 2389 tam·

176 2426 233 2481 ιιιιι
243 2425 322 2475 setas
333 2421 518 2488 imperfectus
532 2422 652 2475 tendens
666 2422 700 2477 ad
715 2423 877 2489 terminum,
893 2423 941 2476 sed
956 2427 989 2476 ut
1001 2428 1082 2477 aetus
1101 2430 1237 2491 perpetuo
1250 2439 1318 2478 eom·

176 2501 367 2567 demittens
386 2511 587 2564 immanentem
606 2513 759 2565 terminum
778 2529 888 2580 semper
907 2513 1083 2581 productum.
1106 2513 1186 2568 Unde
1205 2515 1236 2567 in
1256 2516 1320 2580 ipsa

176 2588 349 2653 humatione
359 2599 530 2653 Deus-homo
550 2605 704 2667 generatur
723 2602 758 2654 ab
778 2606 896 2655 aeterno
917 2603 1003 2655 Patre
1023 2619 1073 2671 per
1092 2605 1318 2657 communicatio-

176 2690 216 2737 Νι
230 2685 344 2743 lisinae
362 2693 493 2743 naturae.
522 2690 598 2756 Ergo
622 2691 670 2744 illi
694 2690 822 2744 doctores
851 2693 1068 2759 interpretando
1091 2697 1201 2746 uterum
1221 2695 1318 2760 Virgi-

176 2768 205 2823 ΙΙΙ
224 2778 344 2832 nondum
370 2776 521 2847 propterea
548 2782 640 2834 locum
668 2781 841 2847 intelligunt
870 2781 904 2834 da
933 2784 1117 2847 generatione
1146 2783 1255 2836 christi
1278 2800 1319 2837 ss-

176 2863 265 2922 mlum
289 2871 441 2926 humanam
465 2857 616 2938 naturam,
642 2871 691 2925 sed
717 2872 890 2937 intelligant
909 2874 1120 2938 generationem
1140 2880 1321 2927 aeternams

176 2946 212 3007 Μ
224 2960 325 3028 Patra5
348 2966 543 3016 verumtamen
563 2979 624 3017 eam
643 2962 827 3016 considerant
844 2966 875 3016 in
895 2966 987 3018 Verbo
1008 2966 1168 3029 incar-nato,
1190 2964 1341 3037 quemad·¹

176 3046 256 3105 sunu
275 3068 307 3106 re
325 3053 391 3121 ipsa
408 3054 440 3105 iu
460 3054 573 3107 Psalmo
594 3054 725 3122 llessiss,
741 3055 863 3108 Verbum
880 3056 992 3109 scilieet
1003 3057 1192 3125 incarnatum,
1215 3057 1321 3111 dieitur
1377 3082 1380 3087 ·

176 3140 219 3193 aa
233 3141 383 3196 lucilerum
405 3145 531 3208 genitus.
551 3146 669 3198 Veteres
683 3145 790 3197 itahoo
809 3147 868 3223 loop
888 3147 1089 3211 intelligentes
1108 3147 1240 3213 Virginis
1260 3152 1320 3201 ute·

176 3233 369 3287 denominari
391 3240 512 3301 possunt
537 3235 668 3289 Iustinus
692 3235 762 3291 dial.
778 3252 838 3289 oum
861 3236 970 3304 Tryph.
989 3253 1017 3289 n.
1042 3237 1092 3299 83;
1123 3238 1321 3292 Tertullianus

176 3324 435 3391 auh.1lere.v.,s;
457 3325 619 3393 lleeyohins
641 3326 672 3378 in
694 3326 724 3378 h.
739 3322 760 3379 l'.
781 3327 892 3387 Revera
913 3327 948 3379 ab
972 3327 1049 3381 hisce
1078 3328 1240 3382 doctoribus
1265 3342 1321 3382 non

176 3410 258 3467 suedi
286 3414 337 3467 sed
364 3414 475 3468 iueludi
500 3417 712 3481 generationem
735 3420 899 3479 aeternam,
922 3418 1051 3471 ostendit
1072 3416 1158 3471 etism
1181 3419 1321 3486 interpre-

176 3496 255 3558 otios
273 3504 456 3557 Tertulliano
481 3506 553 3558 alibi
576 3504 645 3559 data
662 3505 765 3579 (contr.
782 3507 919 3559 Praxeam
939 3524 962 3561 o.
975 3509 991 3560 7
1004 3514 1034 3560 et
1048 3504 1103 3576 11),
1125 3508 1175 3561 ubi
1193 3509 1224 3561 in
1239 3513 1321 3561 textu

176 3574 254 3643 huni
265 3592 439 3660 simpliciter
448 3593 593 3660 intelligit
606 3594 777 3661 descriptam
792 3597 1002 3660 generationem
1018 3595 1146 3649 divinam
1162 3618 1175 3644 u
1188 3596 1222 3649 de
1233 3597 1322 3649 sulse

176 3676 263 3734 emis»
283 3683 381 3736 Patris
401 3686 522 3738 aeterni.
543 3686 602 3737 Iuro
622 3686 683 3752 ipse
703 3685 854 3752 Eusebius,
872 3686 966 3754 quiin
979 3687 1178 3739 commentario
1198 3686 1227 3739 h.
1240 3687 1261 3738 l.
1279 3687 1321 3739 si·
1384 3684 1398 3707 ³

176 3750 234 3823 litur
248 3772 432 3826 intellexisse
445 3775 658 3839 generationem
672 3791 705 3827 ex
720 3778 820 3839 matre,
834 3776 865 3827 iu
879 3777 1040 3828 Demonstr.
1051 3775 1227 3841 Evangelioa
1240 3775 1320 3829 1.1v.

176 3854 231 3911 ¹-lt
240 3878 267 3930 p.
279 3862 332 3915 176
344 3864 410 3917 ooli.
423 3865 474 3917 179
484 3866 616 3931 sequitur
626 3880 798 3939 communem
808 3864 1079 3931 interpretationem
1093 3863 1127 3917 de
1138 3863 1322 3929 generatione

176 3932 258 4006 iuna.
277 3952 439 4007 cousensus
458 3955 557 4022 itaque
570 3956 687 4007 Petrum
707 3961 737 4007 et
756 3955 876 4008 traditio
896 3953 1043 4019 exegetica
1062 3954 1105 4007 ita
1124 3956 1260 4007 constans
1278 3957 1324 4006 est

176 4030 191 4079 ‘i
205 4041 390 4109 universalis,
413 4045 445 4096 ut
464 4043 616 4096 seeundum
639 4045 783 4111 principis
801 4044 1028 4097 hermeneuticae
1049 4044 1206 4097 catholicas
1226 4042 1321 4116 (Cone.

176 4110 232 4181 iria,
244 4146 313 4187 sess.
327 4135 378 4187 IV.
394 4132 483 4186 deort.
506 4132 540 4187 de
559 4149 612 4186 usu
631 4150 670 4186 ss.
683 4131 839 4203 librorum)
858 4134 933 4187 laisa
952 4133 1053 4209 haberi
1066 4132 1168 4187 debeat
1181 4134 1321 4200 interpre-

176 4212 227 4269 ῑῑίο
241 4225 438 4289 recentiorum,
460 4224 509 4290 qui
530 4224 623 4277 textui
642 4224 802 4277 subiiciunt
820 4238 932 4278 sensum
953 4224 1066 4276 omnino
1084 4224 1182 4290 alium,
1198 4226 1231 4275 ut
1243 4222 1274 4275 in
1288 4237 1319 4275 so

176 4310 196 4349 θ
208 4312 381 4371 ειπεηιίοιιο
399 4313 471 4367 Filii
494 4314 546 4366 Dei
565 4315 648 4367 nulla
667 4313 791 4380 amplius
810 4314 851 4366 sit
870 4314 985 4367 mentio.
1013 4313 1092 4378 Quod
1113 4314 1213 4377 aiunt,
1235 4311 1323 4365 verba

176 4388 281 4455 *titulos
297 4417 413 4455 sensum
431 4402 574 4467 vulgatae
592 4407 707 4456 nostrae
726 4418 782 4455 non
802 4402 875 4469 pati,
895 4400 926 4454 id
946 4401 1061 4469 antiqui
1079 4400 1253 4467 interpretes
1267 4412 1323 4452 nou

176 4472 298 4560 dieunt,
319 4506 372 4546 nee
394 4491 534 4559 inspeetis
555 4492 653 4546 verbis
682 4491 873 4547 demonstrari
892 4494 996 4559 potest.
1023 4488 1067 4544 Ad
1086 4490 1216 4545 litteram
1235 4488 1324 4543 rerba
