3172 4950
697 310 815 373 ..Μ
839 344 876 358 ..

195 426 310 489 turae.
331 445 349 482 o
362 417 560 504 Deificetio‚
587 416 704 509 inquit
726 414 934 508 Dionysius,
960 426 1014 489 est
1037 420 1082 489 ad
1104 420 1226 506 Deum,
1243 428 1375 513 quanta

197 527 279 597 fieri
299 531 437 618 potest,
464 527 673 593 assimilatio
703 539 735 592 et
759 520 876 591 anion
903 526 922 596 a·
943 551 1014 620 προς
1039 528 1109 593 θεον
1137 523 1312 620 &poposcere
1341 550 1372 593 τε

197 659 249 699 και
278 633 380 708 ἑνωσις
404 632 592 703 Hierarch.
607 633 729 702 eccles.
750 656 780 701 c.
800 634 832 700 1.
852 640 883 716 ς.
901 635 948 723 3.;
970 659 999 704 c.
1019 636 1052 703 2.
1071 643 1103 716 §.
1127 635 1159 703 1.
1179 636 1253 704 Hoc
1278 642 1373 704 utro-

198 765 264 835 quc
289 765 393 812 sensu
417 742 511 811 siout
534 763 654 809 sumus
677 746 853 810 consortes
876 763 1000 806 aarum
1024 741 1167 811 divinas
1199 749 1369 827 naturae,

198 851 253 919 ite
276 849 409 919 dicitur
433 847 700 919 communicatio
730 870 859 911 κοινωνια
890 849 1047 940 Spiritus
1078 849 1202 919 Sancti
1232 850 1266 918 2.
1293 849 1372 918 Cor.

197 956 303 1026 XIII.
331 958 407 1043 13.;
439 963 475 1025 et
504 955 654 1024 dicimur
681 955 874 1046 participes
904 979 1022 1044 μοτιχοι
1058 956 1216 1047 Spiritus
1251 957 1375 1026 Sancti

196 1065 287 1133 Heb.
301 1064 364 1134 VI.
379 1064 413 1132 4.
431 1062 644 1131 Distinctior
666 1063 718 1142 rei
742 1062 933 1133 declaratio
957 1070 1021 1149 est,
1038 1065 1128 1155 quod
1151 1065 1245 1134 sicut
1267 1066 1374 1134 sensi-

197 1170 319 1240 biliter
344 1170 466 1241 vultus
489 1169 624 1259 Moysis
648 1169 863 1259 splendorem
886 1171 1005 1240 induit
1037 1193 1078 1239 ex
1111 1173 1373 1243 conversatione

195 1302 276 1348 cum
298 1278 390 1364 Deo,
417 1279 470 1347 ita
493 1300 555 1345 nos
578 1300 640 1367 per
658 1277 830 1367 Spiritum
847 1278 1013 1347 Sanctum
1030 1279 1322 1347 transformamur
1335 1281 1373 1348 in

194 1385 385 1474 imaginem
407 1384 474 1452 Dei
496 1382 842 1470 2.cor.111.7.18.;
869 1392 905 1454 et
933 1385 1023 1476 quod
1048 1406 1125 1453 cum
1148 1386 1369 1474 apparuerit,

196 1491 332 1562 similes
354 1490 386 1560 ei
411 1491 564 1574 erimus,
591 1490 753 1580 quoniam
771 1489 965 1560 videbimus
980 1514 1057 1560 cum
1075 1491 1181 1560 sicuti
1194 1499 1258 1576 est,
1273 1499 1373 1560 tuno·

197 1620 265 1688 que
288 1603 409 1666 nostra
432 1596 555 1665 divina
578 1595 705 1665 filiatio
729 1618 816 1688 quae
840 1597 991 1665 nondum
1015 1603 1171 1687 apparet,
1186 1598 1375 1666 manifesta

194 1707 269 1774 erit
292 1704 324 1772 1.
343 1704 393 1773 Io.
410 1686 528 1773 Hah.
539 1703 668 1771 Eodem
685 1704 792 1772 etiam
808 1704 962 1793 pertinet
976 1678 1150 1794 sigillatio
1173 1726 1214 1773 ec
1236 1727 1373 1794 expres·

194 1811 248 1879 sic
272 1809 435 1900 imaginis
458 1809 524 1878 Dci
547 1832 608 1898 per
633 1808 805 1900 Spiritum
830 1809 1019 1895 Sanctum,
1047 1831 1150 1902 quam
1173 1811 1374 1901 pauloante

196 1917 552 1988 commemoravimus
567 1917 659 1986 Vide
681 1915 854 1985 Athenas.
871 1918 915 1986 ad
928 1918 1049 2008 Serap.
1070 1940 1123 2009 ep.
1139 1918 1169 1986 Ι.
1185 1943 1221 1986 n.
1236 1918 1292 1986 23.
1308 1919 1375 1988 His

195 2025 281 2095 addi
290 2031 407 2117 potest
423 2029 452 2110 o)
466 2023 694 2115 significatio,
704 2024 794 2116 quod
807 2024 923 2110 multi,
939 2024 1106 2095 videlicet
1117 2026 1231 2095 sancti
1245 2047 1372 2112 omnes,

195 2134 293 2203 dicto
316 2133 414 2201 modo
438 2138 614 2202 consortes
638 2137 722 2200 sunt
744 2138 892 2201 naturae
916 2133 1071 2218 divinae,
1097 2140 1203 2224 atque
1227 2133 1280 2201 ita
1295 2156 1373 2202 cum

197 2241 272 2311 Deo
295 2242 389 2310 etin
412 2241 484 2309 Dec
508 2240 601 2308 inter
625 2263 660 2308 sc
685 2239 835 2308 invicem
860 2239 1056 2324 uniuntur,
1090 2247 1132 2308 ut
1160 2240 1373 2330 principium

196 2348 351 2417 unitatis
375 2346 423 2415 sit
444 2347 540 2416 Deus
563 2347 668 2416 Pater
690 2354 726 2415 ct
748 2346 865 2416 Filius
888 2352 925 2416 et
948 2348 1104 2436 Spiritus
1119 2347 1269 2416 Sanctus
1292 2348 1373 2417 fide·

192 2457 292 2525 libus
314 2461 351 2524 et
374 2455 470 2525 vivis
494 2455 656 2524 membris
679 2454 814 2524 Christi
830 2453 1032 2524 inhabitans
1050 2455 1100 2523 Ιο.
1117 2454 1234 2523 XVII.
1247 2455 1302 2523 21.
1314 2454 1370 2522 23.

194 2564 282 2635 Vid.
295 2562 558 2653 Gregcr.Nyss.
570 2562 613 2630 Τ.
623 2563 653 2630 Ι.
665 2587 699 2653 p.
711 2562 788 2631 849.
800 2562 878 2649 8505
898 2563 989 2631 conf.
1002 2561 1038 2629 S.
1049 2561 1245 2630 Benevent.
1261 2585 1370 2651 comp.

197 2670 418 2761 theologicae
431 2671 538 2740 verit.
554 2694 583 2740 c.
600 2673 632 2740 9.

266 2779 309 2846 In
333 2778 491 2847 omnibus
514 2778 719 2869 Scripturas
742 2777 829 2846 locis
852 2777 1064 2847 inhabitatio
1088 2777 1246 2868 Spiritus
1274 2800 1371 2848 sanc·

192 2886 383 2956 tificatoris
408 2907 561 2955 connexa
583 2885 721 2977 quidem
737 2883 923 2954 exhibetur
940 2908 1017 2952 cum
1033 2883 1134 2951 donis
1150 2885 1372 2955 sanctifican-

193 2995 295 3063 tibus
318 2993 377 3062 sed
401 2992 445 3060 ab
467 2991 518 3059 eis
542 2991 713 3060 distincto
743 2996 920 3082 tamquam
952 3011 1149 3080 supremum
1183 2992 1369 3083 fastigium

194 3099 486 3184 dilectionis—Dei
509 3121 594 3188 erga
617 3121 716 3167 suam
739 3105 947 3167 creaturam.
974 3099 1081 3165 Porro
1104 3098 1171 3166 Dei
1202 3121 1263 3167 seu
1293 3122 1370 3189 per-

195 3230 302 3299 sonae
325 3206 468 3276 divinae
491 3206 688 3275 distinctim
716 3210 891 3295 spectatae
922 3205 1134 3271 inhabitatio
1165 3227 1206 3275 ac
1238 3210 1370 3275 mansio

193 3319 232 3386 in
257 3337 322 3384 sua
345 3320 507 3384 creatura
522 3336 589 3382 non
611 3314 777 3402 ‘designat
800 3312 1009 3403 simpliciter
1032 3313 1266 3403 praesentiam
1289 3316 1366 3402 Dei,

195 3424 256 3494 sed
280 3422 589 3514 (omnipraesentia
611 3420 807 3512 supposito)
835 3444 968 3511 semper
992 3421 1173 3510 significat
1189 3422 1371 3513 specialem

195 3531 402 3600 relationem
426 3532 462 3598 ct
484 3529 761 3598 coniunctionem
783 3527 849 3596 Dei
873 3551 951 3597 cum
975 3534 1155 3613 creatura,
1182 3551 1270 3620 quae
1294 3553 1370 3598 con-

194 3638 332 3708 iunctio
355 3662 423 3706 non
448 3637 570 3728 utiquc
595 3637 632 3703 in
655 3637 727 3706 Deo
757 3637 817 3705 sed
845 3635 883 3703 in
916 3642 1078 3705 creatura
1108 3635 1246 3728 aliquid
1276 3636 1371 3706 reale

195 3747 297 3839 ponit
321 3747 381 3835 (cf.
400 3747 442 3815 de
461 3746 601 3814 incarn.
628 3745 679 3814 th.
703 3745 892 3831 XXXHI).
918 3744 1221 3834 omnipraesentia
1244 3744 1282 3812 in
1305 3744 1394 3834 hy-·

196 3854 337 3946 pothesi
360 3853 547 3923 existentis
571 3859 753 3923 creaturae
776 3852 1001 3944 consequitur
1023 3852 1218 3921 necessario
1245 3875 1287 3921 ex
1318 3853 1368 3921 di-

194 3963 283 4035 vina
305 3961 563 4048 immensitate,
589 3959 802 4031 inhabitatio
826 3965 942 4028 autem
973 3964 1093 4028 estex
1122 3959 1235 4030 libera
1265 3961 1369 4030 dilec-

195 4072 305 4141 tione.

263 4178 314 4246 Π.
329 4177 414 4247 Cum
438 4176 633 4268 Scripturis
646 4175 855 4245 conferenda
869 4175 939 4244 iam
955 4178 1010 4244 est
1024 4157 1214 4264 explicatio
1230 4174 1294 4244 SS.
1306 4175 1369 4242 Pa-

193 4293 291 4356 trum
315 4291 351 4355 et
373 4284 567 4355 catholicus
591 4284 793 4354 intellectus
824 4282 1012 4368 veritatis,
1046 4283 1088 4352 ds
1119 4303 1188 4375 qua
1217 4283 1366 4371 agimus.

195 4396 315 4464 Pauca
336 4417 379 4464 ex
392 4392 525 4464 multis
548 4392 758 4478 adferemus,
775 4413 845 4461 non
860 4398 933 4462 tam
956 4396 998 4462 ut
1019 4413 1092 4461 rcm
1114 4390 1226 4481 ipsam
1239 4389 1276 4481 in
1291 4411 1369 4458 con·
1463 4489 1465 4495 ,

1200 4532 1252 4569 mm
