3172 4950
630 384 668 397 -
689 350 749 413 393
769 382 808 395 .-

188 452 339 524 ›cedendi
363 456 461 524 modo
484 478 545 547 per
568 455 810 540 intellectum,
838 456 907 524 imo
930 459 1105 546 sapientia
1119 461 1240 548 penita
1254 459 1305 527 sit

188 584 254 629 nen
276 562 541 652 hypostaticam
564 564 702 631 omnino
725 564 948 652 synonimum
971 588 1049 633 cum
1066 565 1301 655 appellatione

189 670 262 756 rhi;
288 692 399 761 neque
422 693 505 739 sane
529 672 587 739 illi
617 672 723 761 pauci
746 672 883 741 vetusti
906 672 1064 741 doctores
1094 674 1132 740 in
1155 673 1221 742 hac
1244 698 1302 740 ne·

188 776 238 843 nis
260 777 489 866 usurpatione
510 778 715 866 cogitarunt
737 777 779 846 de
802 779 973 868 peculiari
996 780 1094 848 modo
1117 781 1303 870 processio·

188 882 368 974 rSpiritus
392 884 526 954 Sancti.
552 886 620 954 Est
649 885 880 954 nihilominus
913 887 1032 978 aliqua
1063 888 1299 976 significatio,

198 1013 263 1082 qua
286 992 361 1060 sine
384 992 544 1061 dissensu
575 994 618 1058 ab
649 992 733 1060 aliis
760 993 927 1061 Patribus
957 1000 1119 1083 poterant
1149 994 1303 1085 Spiritui

188 1106 261 1168 neto
275 1100 498 1191 appropriare
511 1099 729 1189 sapientiam.
744 1102 864 1169 Potest
876 1102 1013 1171 scilicet
1023 1103 1197 1192 sapientia
1209 1126 1302 1193 spec-

188 1209 207 1276 .·i
226 1232 294 1276 non
317 1209 430 1276 solum
453 1214 625 1299 quatenus
640 1208 685 1276 ad
702 1208 930 1295 intellectum,
958 1211 1139 1279 sedetiam
1155 1212 1303 1279 maxime

188 1322 304 1384 alenus
327 1316 371 1383 ed
388 1315 605 1386 voluntatem
621 1317 783 1408 pertinet,
802 1318 920 1409 sicque
936 1319 1109 1410 sapientia
1125 1327 1178 1388 est
1194 1342 1301 1387 unum

202 1434 326 1516 septem
350 1425 451 1493 donis
467 1424 624 1515 Spiritus
640 1426 762 1494 Sancti
781 1426 843 1511 (Is.
859 1426 924 1493 XI.
943 1427 1005 1512 2.).
1025 1427 1133 1494 Immo
1148 1427 1301 1494 animad-

188 1532 245 1601 rtit
267 1532 303 1602 S.
324 1533 575 1624 Augustinus,
609 1555 696 1624 quae
727 1534 764 1601 in
797 1534 995 1624 Scripturis
1020 1558 1104 1603 vera
1128 1536 1302 1625 sapientia

188 1642 274 1726 citur,
299 1664 374 1709 ease
397 1638 588 1725 θεοσεβειαν,
610 1672 627 1705 α
641 1641 732 1732 quod
745 1665 866 1710 nomen
881 1642 996 1710 nostri
1013 1643 1169 1711 volentes
1181 1651 1217 1711 et
1232 1643 1302 1733 ipsi

188 1772 207 1815 o
225 1749 360 1817 nomine
384 1748 637 1838 interpretari,
665 1753 833 1839 pietatem
863 1750 1071 1818 dixerunt...
1105 1751 1188 1841 quia
1219 1772 1302 1818 vero

188 1881 207 1923 n
227 1860 328 1927 verbo
351 1860 503 1947 perfecte
526 1881 594 1925 non
617 1865 756 1948 potest,
782 1858 907 1927 melius
932 1860 1068 1927 duobus
1090 1859 1300 1948 interpreta-

188 1987 218 2049 r,
241 1973 280 2036 ut
303 1966 443 2035 dicatur
466 1967 584 2056 potius
607 1968 674 2033 Dei
697 1968 842 2034 cultura
868 1968 965 2058 Aug.
984 1967 1084 2036 Trin.
1100 1967 1199 2036 XIV.
1215 1993 1245 2037 c.
1266 1966 1298 2036 1.

188 2076 217 2145 lt
235 2078 312 2168 quis
335 2077 454 2146 cultus
477 2077 553 2146 eius
575 2077 647 2145 nisi
671 2099 766 2145 amor
789 2078 887 2162 eius,
914 2102 981 2169 quo
1011 2102 1104 2147 nunc
1127 2078 1300 2147 desidera-

188 2206 213 2251 ιι
232 2207 307 2253 eum
332 2185 473 2270 videre,
500 2184 739 2276 credimusque
763 2192 799 2254 et
822 2208 1000 2275 speramus
1024 2211 1087 2255 nes
1110 2209 1184 2255 esse
1204 2186 1300 2255 visu-

188 2312 214 2376 s,
236 2300 269 2361 et
293 2298 462 2383 quantum
485 2292 707 2382 proficimus,
734 2292 891 2361 videmus
914 2316 1007 2361 nunc
1038 2316 1099 2381 per
1122 2293 1299 2381 speculum

200 2398 411 2488 aenigmate,
437 2406 523 2467 tunc
547 2406 663 2466 autem
689 2398 725 2465 in
749 2398 1051 2467 manifestatione?
1068 2427 1085 2461 n
1104 2399 1153 2467 id.
1168 2398 1192 2465 l.
1212 2399 1297 2465 XII.

192 2504 237 2575 14.
255 2532 291 2575 n.
306 2507 362 2574 22.
382 2506 551 2575 Strictius
574 2529 645 2574 rem
677 2505 802 2574 definit
831 2506 868 2573 S.
896 2507 1064 2575 Thomas:
1094 2507 1300 2596 «sapientia

188 2623 295 2704 portet
317 2615 491 2707 quandam
514 2615 761 2684 rectitudinem
785 2614 910 2684 iudicii
934 2616 1123 2683 secundum
1145 2615 1300 2683 rationes

188 2721 311 2791 eines...
337 2722 405 2790 Sed
429 2729 563 2791 rectum
586 2721 756 2790 iudicium
781 2722 823 2790 de
839 2723 943 2789 rebus
958 2721 1092 2790 divinis
1105 2721 1231 2790 habere
1249 2744 1299 2789 se-

188 2826 278 2899 ndum
301 2832 476 2922 quandam
501 2830 832 2899 connaturalitatem
863 2829 907 2897 ad
932 2830 1051 2919 ipses,
1078 2829 1232 2919 pertinet
1254 2829 1298 2897 ad

188 2937 359 3025 pientiam,
385 2938 573 3025 seeundum
597 2938 687 3029 quod
711 2937 837 3005 donum
861 2945 915 3005 est
946 2938 1101 3028 Spiritus
1133 2938 1296 3006 Sancti...

188 3045 337 3115 riusmodi
360 3053 476 3114 autem
500 3046 781 3114 connaturalitas
797 3047 841 3114 ad
857 3068 913 3113 res
930 3046 1070 3113 divinas
1087 3047 1128 3113 fit
1143 3068 1205 3135 per
1219 3045 1298 3113 cha-

188 3160 281 3238 atem,
307 3175 396 3245 quae
419 3153 499 3222 unit
514 3177 577 3222 nos
592 3154 695 3222 Deon
715 3153 751 3222 S.
770 3154 836 3222 Th.
852 3155 885 3222 2.
907 3155 940 3221 2.
956 3179 988 3245 q.
1007 3154 1062 3222 45.
1079 3176 1111 3220 a.
1129 3154 1162 3221 2.
1176 3152 1215 3220 Si
1231 3152 1298 3241 igi-

188 3282 198 3325 r
215 3270 252 3331 ut
272 3262 381 3330 huius
403 3260 549 3350 pietatis
566 3284 628 3329 seu
640 3262 833 3351 sapientiae
850 3284 955 3331 causa
972 3261 1129 3350 Spiritus
1147 3261 1298 3329 Sanctus

188 3365 259 3436 citur
276 3370 466 3457 sapientia,
491 3366 536 3433 ad
559 3367 701 3434 eandem
725 3369 798 3435 fere
821 3368 991 3435 rationem
1021 3373 1233 3450 revocatur,
1258 3389 1299 3433 ac

188 3474 262 3543 audo
277 3473 412 3542 dicitur
435 3474 603 3540 sanctitas
625 3473 683 3542 vel
707 3473 871 3541 charitas.
898 3474 987 3542 Vide
1010 3474 1133 3542 Petav.
1160 3474 1186 3540 l.
1212 3473 1296 3542 VII.

188 3578 229 3651 12.
243 3608 277 3652 n.
294 3582 350 3650 16.

203 3692 229 3777 l)
250 3693 389 3763 Diserte
412 3691 641 3782 Augustinus
663 3697 700 3760 et
721 3696 800 3782 post
821 3689 1063 3780 Augustinum
1086 3688 1209 3756 Patres
1233 3688 1298 3755 alii

188 3810 249 3869 cent
270 3800 372 3869 velut
393 3803 563 3868 rationem
581 3798 823 3884 certissimam,
843 3821 912 3890 qua
928 3798 1036 3867 liceat
1050 3795 1203 3886 aliquam
1223 3826 1238 3860 u
1256 3819 1298 3866 ex

188 3926 202 3971 e
219 3931 381 4000 quaerere
397 3908 628 3992 intellectum,
645 3935 661 3969 n
682 3908 772 3998 quod
789 3907 947 3996 Spiritus
964 3905 1116 3974 Sanctus
1132 3910 1185 3972 est
1204 3930 1299 3971 amor

188 4014 351 4083 rheniccs
382 4039 443 4084 seu
473 4018 641 4081 sanctitas
674 4014 793 4082 Patris
823 4018 860 4080 et
889 4011 999 4097 Filii,
1033 4017 1206 4103 quatenus
1237 4035 1299 4108 per

188 4126 279 4193 [tuam
302 4133 339 4194 et
362 4146 466 4191 unam
490 4123 711 4209 dilectionem
735 4122 912 4188 amborum
942 4120 1111 4208 procedit.
1137 4120 1296 4208 August.

188 4225 225 4299 iu.
237 4232 262 4300 l.
277 4233 342 4301 VI.
354 4256 383 4301 c.
395 4232 428 4299 ὅ.
440 4236 496 4318 (ex
509 4231 544 4298 h.
559 4231 585 4298 l.
595 4228 808 4319 Fulgentius
827 4229 872 4296 ad
891 4228 1064 4296 Ferrand.
1080 4252 1133 4317 ep.
1145 4226 1199 4295 14.
1213 4251 1246 4317 q.
1257 4229 1294 4296 4.
1321 4222 1325 4229 ¹

188 4330 266 4429 38.);
293 4340 320 4408 l.
338 4340 404 4408 IX.
426 4340 471 4408 X.
494 4339 560 4409 XI.
575 4339 678 4406 XIH.
702 4362 731 4406 e.
753 4338 808 4405 20.
828 4342 877 4423 (n.
893 4336 969 4422 26),
993 4336 1019 4403 l.
1038 4336 1136 4403 XIV.
1157 4358 1187 4402 c.
1205 4336 1237 4401 7.
1261 4335 1294 4401 8.

188 4443 262 4535 ι12.;
279 4448 305 4518 l.
320 4447 401 4515 XV.
416 4471 447 4515 c.
463 4447 532 4533 17,
544 4471 574 4515 c.
586 4447 639 4515 19.
652 4451 702 4533 (ιι.
717 4446 788 4531 37).
801 4469 830 4514 c.
845 4446 901 4513 27.
913 4448 963 4531 (n.
980 4443 1053 4529 50.)
1066 4448 1146 4529 stc.;
1163 4441 1297 4510 Pseudo
