3172 4950
664 314 701 327 -
723 280 783 341 385
805 312 843 327 ..

188 390 315 461 nondum
336 390 430 459 enim
446 387 581 479 accepit
595 412 729 474 sonum,
750 395 791 458 ut
807 414 868 483 per
885 393 1043 482 syllabas
1066 391 1260 478 dividatur,
1278 395 1338 464 sed

188 505 281 568 menet
302 498 338 567 in
366 498 586 587 conceptione
619 498 733 567 cordis
756 506 792 567 et
814 500 851 567 in
875 501 1014 591 speculo
1039 501 1100 587 (al.
1123 501 1336 591 spectaculo)

188 606 309 675 mertis:
335 605 387 673 sic
403 606 498 673 Deus
520 605 633 675 edidit
648 606 813 692 Verbum,
832 606 868 674 h.
883 630 913 675 e.
931 608 1056 698 genuit
1069 607 1214 676 Filium.
1232 608 1282 676 Et
1297 614 1339 678 tu

188 715 303 807 pridem
325 736 368 781 ex
391 721 544 804 tempore
576 713 696 803 gignis
728 716 870 783 verbum
894 716 999 785 etiam
1030 716 1067 783 in
1097 716 1218 800 corde,
1243 717 1338 787 Deus

188 824 244 891 siue
264 829 417 911 tempore
439 822 563 911 genuit
585 822 729 908 Filium,
755 846 816 914 per
841 847 941 916 quem
964 825 1100 894 creavit
1123 824 1238 892 omnia
1252 832 1338 895 tem·

188 954 270 1021 paren
288 930 428 1019 S.Aug.
444 931 482 997 in
498 930 548 998 Ic.
565 936 671 999 tract.
681 930 780 999 XIV.
795 955 830 1000 n.
843 932 874 1000 7.
886 937 922 1000 et
937 937 1013 1001 tum
1024 931 1250 1023 Augustinus
1264 933 1338 1024 ipse

188 1038 252 1107 alibi
274 1060 374 1128 saepe
397 1045 471 1106 tum
495 1037 558 1105 alii
580 1039 716 1107 Patres.

238 1145 431 1237 Siquando
458 1146 581 1213 Patres
612 1147 756 1215 verbum
786 1146 892 1214 etiam
920 1147 1137 1217 extrinsecus
1164 1148 1338 1239 prolatum

188 1254 395 1337 considerant,
421 1253 459 1321 id
482 1253 524 1322 fit
547 1262 587 1322 ut
603 1256 771 1324 adversus
787 1254 1005 1332 sabellianos
1020 1255 1337 1347 evidentiuseppa-

188 1370 245 1432 reat
263 1362 444 1432 distinctio
461 1364 561 1434 verbi
575 1370 611 1433 et
625 1364 849 1456 producentis
862 1390 869 1452 ς
889 1371 1041 1434 ceterum
1057 1358 1162 1434 etiam
1178 1365 1229 1434 ibi
1243 1389 1336 1456 speo-

188 1474 247 1539 bmt
260 1472 414 1554 verbum,
426 1477 598 1562 quatenus
615 1478 670 1539 est
685 1470 800 1562 imago
818 1478 853 1539 et
868 1472 1042 1563 expressio
1054 1473 1107 1541 rei
1124 1471 1334 1558 intellectae,

188 1578 346 1647 utfoetum
362 1579 500 1662 mentis,
512 1578 663 1671 adeoque
678 1578 813 1647 incluso
830 1580 936 1647 simul
949 1581 1053 1651 verbo
1068 1580 1221 1650 interno.
1233 1581 1374 1662 Nam-f·

188 1708 247 1779 que,
270 1693 310 1756 nt
330 1688 385 1757 ait
407 1688 444 1756 S.
461 1687 610 1756 Thomas
635 1687 681 1775 (1.
699 1712 731 1778 q.
748 1686 803 1756 34.
819 1711 851 1757 a.
867 1689 914 1775 1),
937 1716 954 1751 a
967 1712 1009 1758 ex
1025 1688 1090 1759 hoa
1113 1689 1245 1758 dicitur
1260 1711 1336 1758 ver·

188 1792 249 1863 bun
270 1817 336 1864 vox
359 1794 532 1879 exterior,
559 1793 642 1885 quia
669 1793 847 1883 significat
870 1795 1070 1863 interiorem
1101 1794 1227 1863 mentis
1260 1818 1337 1864 con-

188 1913 321 1995 ceptum3
347 1906 398 1974 sic
421 1905 534 1996 igitur
557 1905 668 1995 primo
699 1913 735 1974 et
768 1904 1013 1996 principaliter
1036 1904 1184 1975 interior
1211 1904 1338 1974 mentis

188 2021 350 2104 unaeptus
373 2015 517 2083 verbum
542 2013 685 2100 dicitur,
711 2014 916 2083 secundario
941 2038 1022 2083 vero
1049 2014 1127 2105 ipsa
1157 2037 1226 2084 vox
1248 2015 1337 2084 inte·

188 2122 272 2191 riorie
292 2131 477 2214 conceptus
500 2122 784 2211 significativa.»
810 2123 994 2192 Praeclare
1010 2147 1053 2193 ex
1069 2124 1174 2193 verbo
1194 2122 1338 2215 prolati·

188 2226 227 2297 tio
243 2236 277 2299 et
296 2229 405 2298 insito
421 2229 526 2297 simul
542 2231 705 2298 connexis
728 2229 927 2319 analogiam
951 2230 1149 2299 considerat
1170 2231 1207 2299 S.
1222 2230 1338 2320 Cyril·

188 2334 231 2407 lm
247 2338 519 2408 Alexandrinus.
542 2338 721 2407 «Verbum
733 2337 956 2428 prolatitium
977 2335 1004 2423 (ὁ
1021 2336 1107 2426 loyca
1123 2337 1137 2400 d
1151 2334 1335 2429 προφορικες)

189 2468 239 2537 quo
258 2447 410 2531 utimur,
434 2446 472 2514 in
496 2452 608 2515 mente
636 2443 690 2533 (ἐις
706 2468 771 2511 aava
785 2449 831 2516 cf.
850 2468 957 2535 supra
977 2472 1011 2537 p.
1028 2445 1195 2514 aur-223.
1212 2450 1225 2531 )
1243 2453 1280 2514 et
1295 2468 1338 2513 ex

189 2560 280 2623 neate
293 2554 470 2645 gignitur,
488 2560 593 2646 atque
616 2554 713 2623 alind
730 2553 868 2645 quidem
884 2554 1116 2623 videturesse
1133 2555 1176 2621 ab
1192 2576 1232 2623 eo
1248 2540 1338 2645 quod

190 2656 320 2733 incorde
336 2669 512 2747 versatur,
526 2669 697 2755 quatenus
721 2668 822 2731 extra
838 2686 876 2731 os
892 2663 1025 2732 veluto
1042 2663 1216 2753 profundo
1231 2662 1270 2729 in
1283 2662 1338 2731 lu·

191 2786 245 2837 tem
260 2771 452 2858 emittitur;
479 2780 533 2841 est
555 2779 671 2840 antem
694 2795 819 2841 rursus
842 2773 879 2840 in
903 2773 965 2847 illo
990 2772 1041 2861 (in
1064 2773 1169 2840 verbo
1186 2771 1338 2858 interno)

191 2878 277 2947 cini
289 2903 351 2970 per
366 2880 480 2947 omnia
496 2880 620 2949 simile.
639 2880 785 2949 Cernere
800 2880 892 2949 enim
914 2887 969 2950 est
986 2879 1024 2948 in
1046 2879 1151 2948 verbo
1172 2878 1338 2969 (prolato)

193 2984 411 3075 agitationem
435 2988 560 3072 cordis,
579 2993 616 3057 et
638 3010 778 3056 rursum
801 2989 838 3056 in
861 2995 974 3058 mente
995 2989 1141 3058 verbum
1156 2987 1270 3055 adhuc
1285 2992 1337 3053 te-

194 3090 295 3185 titum
319 3096 372 3166 ita
395 3096 501 3165 etiam
528 3090 647 3164 Filius
669 3096 735 3165 Dei
759 3096 911 3165 indivise
941 3119 984 3165 ex
1015 3097 1122 3164 Patre
1150 3094 1338 3184 procedens

194 3198 349 3275 damaim
371 3211 426 3274 est
448 3211 484 3274 et
507 3204 702 3274 similitudo
724 3204 953 3295 proprietatis
975 3204 1063 3291 eius,
1084 3204 1238 3273 Verbum
1263 3224 1340 3273 cum

193 3304 229 3377 dt
244 3310 498 3403 hypostaticam
521 3318 558 3381 et
575 3312 700 3382 vivens
723 3334 765 3380 ex
790 3311 931 3382 vivente
947 3313 1065 3381 Patre.
1084 3312 1141 3380 Ita
1157 3312 1281 3401 genuit
1297 3334 1338 3379 ex

194 3434 220 3485 te
234 3418 330 3490 Pater
345 3421 478 3489 Filium
500 3421 664 3505 indivise,
682 3420 769 3489 acsi
792 3422 929 3511 sapiens
953 3421 1032 3512 quis
1056 3421 1185 3511 gignat
1201 3419 1339 3509 sapiens

194 3526 608 3615 laniatum-mechanicae
632 3528 814 3597 scientiam
831 3530 888 3598 vel
904 3530 1113 3619 geometriae
1132 3528 1189 3597 vel
1203 3525 1338 3618 aliquid

193 3624 558 3707 huiuamodiVidentur
574 3636 664 3704 enim
677 3636 767 3705 talia
779 3637 971 3727 sapientiae
984 3633 1231 3728 quodammodo
1244 3635 1339 3703 fruc·

193 3742 234 3811 tus
245 3768 327 3832 esse,
345 3751 382 3814 et
397 3746 462 3813 hoc
478 3767 519 3813 ex
539 3766 604 3812 sua
620 3750 749 3813 natura
765 3751 859 3814 sunt.
886 3744 953 3814 Sed
971 3767 1038 3811 nou
1055 3743 1229 3812 dividitur
1246 3764 1268 3809 a
1283 3763 1337 3809 sa-

190 3847 299 3937 lientia
313 3876 385 3939 ars,
405 3875 507 3945 quam
525 3852 698 3942 sapientia
714 3854 915 3942 excogitat3
943 3853 1003 3922 sed
1026 3857 1080 3920 est
1102 3874 1145 3919 ex
1167 3850 1232 3919 illa
1248 3857 1284 3920 et
1299 3850 1336 3919 in

189 3952 429 4052 llagenitricis
443 3982 525 4028 suae
538 3959 724 4049 imaginem
740 3961 948 4049 exprimens,
963 3965 1126 4028 ettamen
1142 3961 1271 4051 absque
1286 3958 1337 4027 di-

188 4064 300 4139 u'aione
314 4068 459 4137 videtur
475 4090 548 4136 esse
565 4068 715 4137 alterum
738 4070 781 4136 ab
797 4067 886 4135 ille:
912 4068 962 4136 sic
986 4076 1022 4136 et
1036 4067 1126 4136 Filii
1141 4067 1332 4157 generatio,

188 4192 245 4249 tum
266 4179 316 4249 eit
338 4177 496 4246 indivisa
518 4199 560 4245 ex
583 4178 700 4262 Patre,
725 4176 764 4244 in
786 4176 927 4267 propria
950 4176 1136 4267 hypostasi
1159 4184 1339 4244 servatur·

188 4308 268 4380 ange
290 4294 407 4357 tamen
431 4285 539 4354 huius
562 4284 807 4355 similitudinis
835 4285 906 4355 vim
929 4286 1126 4354 excedensn
1152 4284 1188 4353 S.
1208 4282 1335 4373 Cyrill.

188 4393 340 4467 deam.
359 4395 402 4465 Τ.
420 4397 465 4464 V.
483 4397 523 4463 P.
540 4394 571 4463 Ι.
591 4418 625 4484 p.
647 4394 704 4463 47.
725 4393 782 4462 48.
804 4394 969 4463 Vicissim
993 4393 1057 4463 SS.
1082 4394 1249 4463 Doctores
1272 4390 1336 4459 ali·

1175 4535 1211 4570 aa
