3172 4950
879 375 917 389 ..
938 343 1000 404 540
1019 372 1059 386 ..

378 454 423 522 ad
450 452 605 536 Filium,
631 450 781 541 spiratio
804 450 848 519 ad
873 448 1046 541 Spiritum
1071 449 1270 538 Sanctum);
1296 449 1530 521 intereavero

380 565 599 651 comparatae
628 580 668 626 eo
695 559 794 649 ipso,
821 558 913 651 qnod
935 580 1004 626 non
1028 558 1159 626 habent
1183 557 1360 628 rationem
1390 558 1531 651 principii

380 673 417 735 et
439 664 657 756 procedentis
680 686 703 733 a
724 663 921 755 principio,
947 664 1017 731 iam
1040 686 1109 731 non
1132 670 1218 733 sunt
1233 664 1474 735 relationesed
1492 666 1531 732 in·

381 772 492 843 vicem
516 772 599 858 sed,
625 772 656 841 si
679 772 732 841 ita
754 771 851 863 loqui
875 773 930 839 fes
953 777 1032 854 est,
1058 778 1254 863 sequuntur
1284 771 1399 862 legem
1420 772 1533 842 absolu·

381 887 518 968 torum;
544 881 696 972 adeoque
720 885 805 947 sunt
827 879 974 948 realiter
997 879 1136 947 omnino
1158 902 1290 964 nuum,
1324 879 1421 948 ment
1447 902 1533 948 unum

381 995 466 1058 sunt
487 988 682 1058 intellectio
705 991 741 1055 et
764 985 889 1055 volitio
912 984 1047 1070 divina,
1072 1007 1162 1078 quae
1184 987 1294 1056 estin
1317 1010 1355 1056 se
1371 987 1532 1070 amolum,

382 1101 419 1164 et
447 1094 601 1166 relativa
624 1094 734 1163 solnm
765 1093 809 1161 ad
834 1115 935 1161 snum
958 1093 1144 1179 terminum
1168 1093 1403 1163 intrinsecum
1431 1093 1534 1184 produ·

384 1209 501 1287 ctum,
528 1202 573 1270 ad
596 1200 748 1269 Verbum
772 1199 909 1268 seilicet
930 1204 968 1267 et
990 1199 1034 1267 ad
1059 1198 1232 1290 Spiritum
1256 1199 1437 1270 Sanctum.

449 1310 541 1380 Hinc
565 1309 628 1379 SS.
654 1309 778 1376 Patres
800 1306 860 1374 ubi
884 1306 1078 1392 declarant,
1101 1307 1236 1375 nnllam
1258 1329 1336 1377 esse
1359 1307 1536 1377 distinctio

384 1442 460 1488 nem
484 1417 611 1487 realem
634 1416 671 1484 in
695 1415 766 1483 Deo
789 1414 861 1482 nisi
894 1415 1130 1484 tantummodo
1151 1414 1290 1485 ratione
1319 1415 1535 1497 relationum,

384 1548 517 1616 semper
540 1521 750 1611 intelligunt
771 1521 961 1591 relationes
989 1522 1033 1591 ad
1057 1522 1232 1608 invicem,
1268 1523 1440 1594 videlicet
1464 1522 1537 1592 rela-

384 1635 496 1703 tiones
518 1627 685 1719 prinoipii
713 1633 749 1696 et
771 1628 990 1719 procedentis
1012 1651 1033 1696 a
1055 1630 1239 1721 principio:
1269 1660 1287 1695 e
1306 1632 1404 1700 sicut
1418 1631 1538 1700 eonion·

384 1740 483 1829 gitur
506 1735 604 1803 Patri
631 1732 750 1803 Filius
787 1758 830 1803 ex
860 1735 923 1804 illo
955 1759 1029 1805 esse
1059 1735 1232 1805 habens...
1267 1737 1319 1806 sic
1348 1737 1480 1828 pariter
1505 1738 1540 1803 eb

386 1843 567 1933 unigenito
590 1843 716 1933 pendet
739 1844 896 1933 Spiritus
920 1847 1082 1930 Sanctus,
1109 1846 1161 1914 ita
1184 1852 1226 1914 nt
1246 1845 1324 1914 sola
1348 1845 1540 1936 cogitatione

384 1947 561 2018 teotradum
584 1952 752 2016 rationem
770 1954 947 2041 principii
969 1952 1086 2020 Filius
1109 1952 1425 2044 praeintelligatur
1446 1951 1539 2021 subsi-

385 2055 533 2125 stentiae
556 2055 711 2144 Spiritus
735 2057 898 2126 Sancti...
924 2059 1076 2152 adeoque
1100 2074 1240 2150 camptu
1264 2063 1407 2127 rarione
1423 2061 1539 2150 prirci-

382 2167 440 2255 pii
463 2166 497 2232 S.
516 2164 671 2230 Trinitas
693 2165 795 2230 nialla
818 2189 855 2231 re
879 2168 917 2232 ia
941 2190 974 2232 se
999 2170 1075 2256 ipsa
1099 2167 1309 2234 discernitur
1327 2162 1420 2259 (ὥστε
1440 2192 1488 2234 του
1502 2166 1541 2230 lr-

384 2294 439 2360 γον
468 2292 521 2343 της
549 2265 645 2342 ditias
680 2268 904 2363 ὑωεξῃρημενευ
936 2269 965 2338 ἐν
997 2268 1095 2361 pedere
1123 2297 1177 2344 την
1209 2275 1301 2364 ἀγιαν
1338 2272 1448 2370 τριαδα
1483 2300 1541 2368 spot

386 2377 493 2446 ἑαυτην
508 2373 690 2468 &suppum
707 2376 799 2466 ἔχειν)
814 2380 923 2469 Nyss.
940 2387 1061 2474 (snpra
1084 2409 1117 2473 p.
1127 2384 1222 2470 455).
1239 2384 1284 2453 In
1300 2385 1462 2455 omnibus
1474 2385 1540 2452 elib

386 2486 504 2577 inquit
526 2486 674 2574 Gregor.
694 2486 950 2574 Nazianzenus,
969 2512 1135 2580 personas
1157 2490 1299 2561 divinas
1323 2515 1401 2562 esse
1423 2493 1540 2561 omnino

387 2617 517 2676 unum,
544 2592 626 2684 quia
650 2615 741 2660 unus
764 2600 818 2661 est
840 2595 946 2683 Dous;
973 2597 1032 2665 sed
1056 2596 1320 2668 distinctionem
1356 2606 1394 2669 et
1416 2600 1539 2668 distinc-

385 2706 500 2769 torum
523 2701 665 2769 diversa
687 2700 826 2768 nomina
849 2703 951 2773 unice
973 2727 1047 2773 esse
1067 2727 1135 2773 aex
1152 2705 1365 2777 diversitate
1380 2707 1540 2775 relationis

387 2808 433 2875 od
458 2811 624 2875 invicem»
653 2803 700 2895 (το
726 2829 778 2880 της
807 2832 882 2901 topos
907 2807 1033 2880 ἀλληλα
1061 2836 1197 2900 σχεσεως
1225 2808 1365 2906 διαφορσν
1394 2812 1482 2881 muco
1503 2837 1539 2878 nn

386 2945 439 2989 tur
472 2918 580 2986 κὶησιν
610 2915 766 3004 renconis)
795 2921 882 2983 orat.
900 2916 955 2984 31.
972 2916 1019 2984 al.
1036 2917 1091 2984 37.
1107 2940 1142 2984 n.
1157 2916 1189 2984 9.
1203 2915 1435 3005 Augustinus
1447 2913 1538 2987 etalii

387 3030 510 3097 Patres
534 3026 639 3096 latini
663 3025 865 3117 saepissime
889 3025 925 3093 id
950 3023 1141 3092 inculcant:
1170 3054 1186 3087 a
1205 3024 1362 3094 diximus
1385 3026 1490 3109 alibi,
1511 3044 1538 3091 et

387 3136 457 3205 dici
480 3135 619 3225 proprie
644 3134 680 3201 in
704 3134 769 3201 illa
793 3132 970 3202 Trinitate
993 3131 1160 3201 distincte
1182 3133 1227 3201 ad
1258 3133 1424 3224 singulas
1446 3154 1538 3224 perso·

387 3266 451 3311 nas
474 3241 699 3332 pertinentia,
726 3266 815 3332 quae
837 3241 982 3308 relative
1006 3238 1168 3306 dicuutur
1200 3239 1246 3306 ad
1271 3244 1440 3324 invicem,
1466 3240 1539 3308 sieut

387 3351 493 3418 Pater
522 3354 558 3415 et
583 3346 700 3415 Filius
731 3354 767 3415 et
796 3346 980 3438 utriusque
1012 3346 1138 3414 donum
1171 3346 1330 3435 Spiritus
1366 3348 1538 3417 Sanctus..-

389 3456 489 3540 Quod
514 3476 595 3524 vero
618 3454 663 3522 ad
687 3477 722 3522 se
747 3453 913 3523 dicuntur
930 3451 1076 3542 singuli,
1102 3474 1170 3521 non
1192 3453 1264 3522 dici
1287 3454 1541 3545 pluralitertres

388 3565 448 3634 sed
476 3587 582 3632 unum
604 3563 714 3653 ipsam
739 3561 981 3631 Trinitatem»
1007 3567 1073 3630 etc.
1089 3562 1185 3650 Aug.
1204 3562 1305 3630 'Irim
1333 3564 1438 3632 VIII.
1463 3587 1496 3631 n.
1518 3563 1540 3628 l.

388 3674 487 3742 Unde
507 3673 612 3742 etium
638 3693 701 3760 pro
717 3669 804 3759 ipsis
831 3670 1073 3754 relationibus,
1089 3668 1216 3763 quibus
1239 3671 1327 3738 solis
1350 3680 1406 3741 est
1429 3672 1478 3741 ibi
1505 3668 1542 3738 di·

388 3783 534 3851 stinotio
558 3779 676 3864 realis,
701 3778 910 3868 simpliciter
933 3777 1057 3846 dieunt
1083 3779 1299 3867 principium
1322 3786 1361 3848 et
1394 3779 1483 3872 qaod
1509 3789 1545 3845 est

389 3905 431 3948 ex
451 3883 642 3971 principio,
661 3908 693 3950 το
712 3882 805 3951 ditior
829 3910 881 3948 και
904 3908 937 3949 το
956 3881 1100 3950 dietmar.
1118 3884 1176 3954 Sic
1187 3885 1387 3976 Nyssenus:
1405 3917 1423 3953 r
1436 3888 1545 3958 incon·

387 3988 589 4057 mutabilem
613 3991 784 4062 unitatem
803 3997 950 4061 naturae
974 3991 1198 4077 confitentes,
1224 4014 1294 4060 non
1316 4016 1488 4084 negemus
1508 3994 1546 4059 di-

388 4100 603 4164 stinctionem
625 4100 804 4167 cessandum
830 4099 865 4165 id
888 4098 979 4191 quod
1001 4115 1051 4166 est
1069 4102 1286 4190 principium
1308 4117 1343 4168 et
1367 4127 1410 4170 eor
1429 4104 1546 4193 prinei·

386 4210 450 4297 pio
477 4204 543 4293 (την
557 4229 636 4271 κατα
655 4231 687 4273 το
711 4211 802 4274 ditior
818 4233 868 4273 και
889 4205 1019 4274 intimos
1043 4203 1214 4300 διαφοραν),
1236 4211 1276 4274 in
1294 4235 1363 4300 quo
1376 4212 1448 4278 solo
1462 4235 1548 4277 arur

388 4313 564 4380 adultero
593 4313 768 4406 distinqui
794 4315 1022 4399 admittimus,
1052 4302 1142 4408 qnod
1170 4315 1470 4387 credimusunum
1486 4315 1548 4410 qui·

386 4420 462 4490 dem
486 4421 710 4512 principium,
733 4423 883 4492 alterum
900 4445 983 4492 vero
995 4445 1036 4491 ex
1052 4421 1270 4514 principio.»
1289 4422 1466 4509 Quoniam
1480 4444 1548 4494 vcro
