3180 4944
708 312 746 333 .-
768 284 829 345 322
849 316 888 331 ..

215 412 360 484 cumque
377 391 440 459 uni
455 397 492 460 et
506 366 616 460 eidem
640 396 724 459 sunt
746 390 875 475 eadem,
895 388 963 458 sibi
978 386 1129 459 invicem
1150 392 1236 457 sunt
1252 386 1358 457 eaden

214 500 251 567 in
274 498 331 566 his
354 522 442 589 qrcoc
464 511 543 565 oront
566 498 654 564 idem
675 522 713 564 rc
736 512 769 565 et
791 501 939 579 ratione,
963 497 1058 565 sicut
1080 494 1204 564 tunica
1225 502 1263 564 et
1284 494 1358 565 indi

214 612 386 691 mentum,
411 629 478 674 non
503 614 617 675 autem
641 607 678 675 in
700 606 758 674 his
780 628 867 698 quae
899 605 1070 675 differunt
1092 604 1273 674 ratione...
1287 604 1358 673 niu

214 714 408 804 paternitas
424 714 474 783 sit
489 715 579 784 idem
596 714 783 784 secundum
799 737 871 782 rem
887 737 965 782 cum
980 711 1133 781 essentia
1148 711 1274 780 divina
1290 718 1358 785 ets

214 823 345 891 militer
359 822 497 908 filiatio,
513 829 629 890 tamen
647 824 727 890 leaeo
739 821 804 887 deco
818 824 1007 911 important
1019 822 1192 909 oppositos
1202 834 1358 907 respecta

213 929 302 995 rende
324 929 588 1018 distinpuuntur
612 932 654 997 ob
678 933 819 997 inuicem
834 957 866 997 n.
885 929 921 997 S.
934 928 1001 997 Th.
1018 927 1050 995 1.
1066 953 1099 1019 q.
1114 927 1171 995 28.
1191 948 1224 994 a.
1244 926 1278 995 3.
1293 926 1344 1001 ad

213 1038 387 1107 Videlicet
411 1060 480 1105 non
504 1037 581 1106 ideo
605 1038 875 1129 distinguuntur
894 1037 988 1106 iuter
1009 1059 1046 1105 se
1061 1035 1219 1119 realiter,
1235 1034 1318 1128 quia
1343 1068 1358 1113 a

213 1146 363 1215 essentia
385 1145 656 1234 distinguuntur
679 1145 866 1215 secundum
881 1145 1069 1231 rationem
1095 1142 1149 1211 ita
1173 1144 1265 1211 enim
1278 1144 1358 1219 etim

212 1252 386 1321 attributa
408 1251 569 1320 absoluta
593 1252 862 1342 distinguuntur
888 1257 965 1320 tum
994 1252 1038 1318 ab
1068 1251 1221 1320 essentia
1243 1257 1313 1320 tum
1330 1260 1358 1323 at

212 1358 362 1427 invicem
380 1358 490 1427 solum
508 1359 655 1428 ratione.
674 1359 742 1429 Sed
758 1359 910 1429 relativa
925 1359 1011 1428 licet
1026 1358 1172 1427 realiter
1188 1360 1262 1428 sint
1276 1382 1357 1428 uuun

213 1489 289 1535 cum
313 1489 383 1535 una
399 1466 560 1534 absoluta
580 1467 742 1552 essentia,
762 1468 827 1535 sub
850 1468 991 1536 formali
1007 1472 1122 1536 tamen
1139 1468 1274 1536 ratione
1289 1466 1355 1535 rela-

211 1574 365 1643 tivorum
388 1573 482 1643 alius
505 1580 558 1642 est
581 1577 686 1644 Pater
708 1580 744 1643 et
767 1573 860 1642 alius
885 1574 1014 1659 Filius,
1034 1573 1118 1666 quia
1132 1573 1355 1643 relationeori·

211 1682 306 1769 ginis
329 1681 398 1750 sibi
421 1688 642 1772 opponuntur
666 1688 707 1750 ut
729 1681 941 1772 principium
964 1688 1001 1750 et
1023 1682 1281 1773 principiatum.

277 1788 461 1858 Formulae
478 1789 744 1859 mathematicae
761 1789 829 1859 huc
847 1813 914 1858 non
933 1790 1122 1879 pertinent;
1143 1790 1194 1859 ibi
1208 1790 1292 1859 enim
1302 1794 1358 1856 tct-

212 1898 297 1967 mini
320 1922 387 1967 uon
411 1903 557 1988 possunt
580 1920 654 1965 esse
677 1899 741 1965 sub
765 1919 834 1965 una
857 1899 993 1966 ratione
1010 1898 1101 1967 idem
1124 1922 1201 1968 cum
1218 1894 1358 1966 terticet

211 2006 275 2073 sub
287 2004 359 2072 alia
368 2003 504 2072 ratione
517 2026 584 2070 non
596 2004 685 2073 idem
698 2004 791 2073 inter
803 2027 852 2089 se,
862 2004 945 2096 quia
957 2005 1175 2097 quantitates
1186 2007 1358 2074 abstracta·

211 2134 314 2180 unam
336 2118 487 2196 tantum,
512 2135 581 2180 nou
604 2113 711 2181 aliam
733 2119 769 2183 et
791 2113 897 2181 aliam
920 2113 1050 2183 habeut
1072 2115 1253 2184 rationem.
1266 2114 1303 2181 In
1316 2126 1358 2181 or

211 2221 291 2289 dine
314 2220 461 2310 physico
492 2227 529 2290 et
556 2221 795 2311 metaphysica
818 2216 1096 2290 substantiarum
1127 2222 1300 2291 finitarum
1317 2236 1358 2289 e!

210 2328 392 2397 distinctio
409 2330 472 2396 sub
488 2328 623 2398 ratione
646 2328 875 2420 hypostaseos
898 2330 1005 2417 (alius
1021 2336 1057 2399 et
1072 2330 1192 2417 alius),
1212 2337 1247 2399 et
1260 2329 1358 2421 aliqu

211 2436 330 2505 unitas
353 2437 418 2504 sub
440 2436 575 2505 ratione
597 2444 746 2506 naturae
770 2443 851 2524 (nou
875 2438 974 2507 aliud
990 2446 1026 2507 et
1040 2438 1155 2523 aliud)
1172 2439 1254 2508 licet
1268 2437 1358 2505 solu!

104 2562 108 2569 ·
210 2542 381 2632 specifica.
401 2543 528 2611 Petrus
552 2543 748 2612 formaliter
771 2551 812 2613 ut
835 2544 892 2629 hic
916 2568 1008 2613 unus
1030 2551 1085 2614 eet
1110 2546 1205 2614 alius
1220 2567 1241 2612 a
1256 2542 1358 2612 Paul:

209 2650 405 2718 formaliter
417 2656 588 2741 quatenus
599 2658 728 2719 natura
741 2674 828 2742 quae
841 2652 1042 2721 defiuitione
1055 2653 1264 2737 continetur,
1274 2652 1358 2719 habe

209 2757 381 2826 unitatem
397 2779 474 2826 cum
487 2758 597 2826 Paulo
612 2760 775 2827 maiorem
788 2781 891 2851 quam
904 2784 980 2828 cum
999 2760 1143 2828 animali
1161 2761 1212 2847 (in
1225 2754 1358 2850 genere‘¹

209 2871 344 2932 etcum
368 2863 513 2932 animali
537 2865 700 2934 maiorem
731 2888 834 2957 quam
867 2890 943 2935 cum
975 2868 1174 2935 substantia
1196 2868 1233 2935 in
1255 2884 1358 2957 gene!

210 2976 253 3056 (e.
271 2996 305 3060 g.
322 2993 398 3039 cum
414 2974 523 3055 saro),
542 2972 693 3040 maxima
715 2995 798 3041 vero
821 2979 857 3041 et
880 2974 1057 3041 numerica
1080 2981 1173 3043 esset
1194 2974 1358 3042 unitassa

209 3078 359 3147 eundum
383 3079 553 3147 rationem
577 3079 738 3166 hominis,
765 3082 796 3149 si
819 3087 860 3149 ut
882 3081 994 3172 aliqui
1011 3081 1210 3173 philosophi
1226 3087 1262 3150 et
1275 3080 1345 3150 etia

208 3184 364 3274 theologi
387 3186 552 3256 catholici
575 3195 764 3278 putarunt,
790 3188 991 3257 humanitas
1017 3213 1078 3257 seu
1102 3190 1260 3259 formalis
1288 3196 1358 3257 rat.'

209 3299 357 3360 naturae
379 3315 400 3359 a
424 3302 524 3382 parte
540 3296 592 3363 rei
611 3296 755 3364 realiter
778 3302 815 3365 et
837 3298 980 3365 numero
996 3319 1066 3365 una
1081 3298 1226 3367 Petrum
1242 3305 1278 3366 et
1291 3296 1358 3365 Pus

208 3398 281 3468 lum
305 3400 533 3469 constitueret
556 3402 726 3471 hominem
744 3404 840 3490 (vide
856 3426 962 3494 supra
979 3404 1142 3473 Scholion
1156 3405 1201 3475 ad
1217 3404 1270 3474 th.
1284 3404 1358 3473 IX.

274 3508 349 3574 Iam
365 3531 448 3577 vero
466 3509 496 3576 si
515 3509 658 3578 divinus
673 3510 875 3579 intellectus
891 3512 1034 3580 realiter
1049 3513 1214 3600 producit
1229 3512 1347 3582 Verba

208 3616 410 3699 immanens,
436 3616 617 3684 evidenter
639 3618 791 3686 essentia
821 3640 881 3686 seu
912 3626 1042 3687 natura
1069 3641 1140 3686 uua
1162 3642 1306 3689 numero
1325 3640 1349 3689 e

207 3723 431 3812 producentis
455 3729 491 3791 et
513 3724 621 3793 Verbi
645 3725 816 3817 (idemque
840 3727 938 3795 valet
952 3727 993 3796 de
1008 3728 1158 3795 termino
1174 3728 1341 3797 immanes

208 3829 390 3896 volitionis
413 3848 474 3897 seu
504 3830 728 3917 dilectionis).
756 3822 843 3901 Tum
869 3857 950 3903 vero
981 3836 1045 3903 sub
1075 3835 1218 3905 formali
1247 3835 1358 3905 ratic!

207 3934 432 4025 producentis
455 3936 609 4005 Verbum
632 3946 668 4006 et
690 3939 798 4008 Verbi
825 3941 988 4030 producti
1020 3947 1105 4010 suut
1138 3942 1208 4011 duo
1237 3942 1358 4012 relati·

208 4040 352 4109 realiter
375 4042 468 4110 inter
491 4066 526 4112 se
551 4044 733 4130 distincti,
759 4048 823 4115 sub
847 4047 987 4115 formali
1018 4054 1137 4117 autem
1162 4049 1301 4119 ratione
1321 4073 1357 4118 a

208 4153 309 4218 turae
333 4171 394 4218 seu
417 4150 560 4220 deitatis
575 4159 630 4221 est
645 4176 752 4222 unum
775 4177 918 4222 numero
935 4162 1040 4246 atque
1063 4155 1149 4225 adeo
1165 4180 1259 4225 unus
1274 4158 1358 4227 Dan

206 4254 302 4324 Haec
324 4262 361 4324 et
384 4258 501 4326 unitas
525 4261 590 4327 sub
613 4281 684 4326 una
713 4261 850 4330 ratione
879 4262 1032 4330 absoluti
1055 4268 1091 4331 et
1114 4262 1296 4334 distinctio
1316 4279 1358 4331 ετ

124 4454 127 4459 ἡ
206 4363 279 4430 alia
300 4366 446 4446 ratione⁴
458 4367 689 4437 relativorum
706 4368 886 4439 evidenter
902 4370 1127 4464 consequitur
1142 4393 1185 4439 ex
1201 4366 1358 4463 supponi
