3172 4950
864 343 901 356 -
923 314 942 371 4
964 343 1001 356 -

348 418 426 501 hac,
444 414 605 508 quomodo
630 416 689 501 sit,
704 417 885 486 obscurius
902 423 986 486 sunt
999 416 1120 486 locuti.
1139 417 1284 507 Propter
1300 417 1393 488 hunc
1409 419 1523 509 igitur

348 523 509 593 intimum
533 546 659 592 nexum
683 525 861 595 doctrinae
884 525 988 594 unius
1010 547 1088 593 cum
1105 525 1218 594 altera
1234 526 1316 594 ordo
1332 549 1448 595 rerum
1466 550 1523 617 po-

349 632 483 717 stulat,
509 637 551 700 ut
572 634 752 723 supposito
775 634 881 703 etiam
904 634 1042 723 integro
1059 639 1216 702 tractatu
1241 632 1281 700 de
1295 634 1365 701 Deo
1383 659 1449 700 uuo
1466 635 1525 706 hic

349 740 552 810 distinctius
575 740 828 810 consideremus
852 743 1007 827 modum,
1034 764 1100 833 quo
1123 742 1293 811 revelatio
1322 750 1358 812 et
1380 744 1527 834 praedi-

350 848 442 919 catio
465 848 701 919 ecclesiastica
717 852 888 921 unitatem
904 851 969 921 Dei
986 852 1086 921 velut
1101 873 1299 942 supremum
1315 851 1526 943 principium

350 963 515 1041 tueatur,
541 957 598 1026 cui
615 959 756 1048 proinde
773 961 933 1029 doctrina
949 960 991 1029 de
1007 959 1232 1029 distinctione
1248 980 1471 1049 personarum
1489 961 1526 1028 in

350 1066 564 1137 revelatione
587 1074 622 1136 et
645 1068 682 1136 in
699 1069 911 1158 professione
928 1067 1102 1138 catholica
1119 1090 1306 1160 numquam
1322 1068 1437 1158 potuit
1452 1092 1527 1137 esse

352 1183 531 1251 contraria
553 1181 613 1252 aed
636 1180 829 1249 necessario
852 1177 1054 1249 coordinata
1077 1184 1114 1247 et
1138 1201 1241 1250 sensu
1263 1182 1372 1252 eidem
1397 1183 1528 1253 unitati

353 1310 498 1358 consono
521 1287 764 1377 intelligendu.

420 1396 450 1464 I.
469 1394 652 1465 Revelatio
676 1396 807 1464 veteris
831 1395 1046 1464 Testamenti
1069 1394 1175 1464 habet
1207 1396 1329 1488 utique
1358 1396 1528 1466 unitatem

353 1504 420 1573 Dei
436 1504 534 1573 velut
549 1504 698 1593 primum
714 1502 904 1571 articulum
920 1510 955 1572 et
970 1502 1164 1594 principale
1182 1503 1445 1573 fundamentum
1460 1506 1528 1574 fre·

355 1611 581 1706 quentissimc
598 1616 634 1679 et
649 1610 806 1679 omnibus
827 1611 963 1680 dicendi
980 1611 1141 1680 formulis
1158 1635 1365 1703 expressam.
1382 1613 1422 1681 In
1439 1637 1529 1694 novo

357 1721 577 1791 Testamento
600 1719 644 1788 ad
668 1717 757 1787 hanc
781 1719 891 1810 ipsam
915 1720 1110 1789 doctrinam
1134 1726 1170 1789 et
1192 1720 1237 1789 ad
1254 1720 1343 1790 hanc
1359 1722 1460 1790 fidem
1477 1745 1529 1791 re·

357 1828 508 1898 velatam
521 1827 731 1919 appellatur,
744 1835 780 1896 et
795 1828 913 1897 eadem
929 1828 1154 1897 confirmatur
1170 1829 1285 1897 eodem
1301 1829 1439 1896 omnino
1455 1852 1529 1898 scn-

358 1961 422 2023 su,
450 1959 517 2029 quo
540 1935 578 2004 in
602 1935 823 2004 Testamento
855 1935 969 2004 veteri
993 1942 1047 2004 est
1078 1934 1267 2025 proposita.
1297 1936 1390 2004 Haec
1415 1943 1531 2006 autem

358 2045 477 2114 unitas
499 2043 565 2112 Dei
589 2065 658 2111 non
680 2041 791 2111 solum
815 2042 1015 2112 inculcator
1039 2043 1082 2112 ad
1099 2042 1328 2111 excludendos
1345 2043 1425 2112 deos
1441 2045 1530 2113 ficti-

358 2152 439 2238 tios,
458 2150 735 2242 quingentibus
758 2150 973 2239 colebantur;
992 2152 1051 2221 sed
1076 2149 1195 2219 unitas
1212 2150 1354 2220 docetur
1371 2151 1532 2221 absoluta

243 2344 246 2349 Ι
359 2259 403 2328 ed
427 2257 678 2328 excludendum
701 2281 881 2329 numerum
903 2258 1066 2329 Deorum.

400 2434 404 2439 .
426 2366 469 2434 In
491 2365 713 2456 legislatione
735 2366 889 2437 Mosaios
913 2366 1048 2456 primus
1070 2364 1190 2434 ordine
1206 2371 1242 2433 et
1257 2364 1430 2454 dignitate
1448 2368 1532 2434 arti·

361 2477 461 2546 culus
478 2474 677 2545 continetur
692 2475 837 2546 solemni
859 2472 1124 2565 protestatione:
1147 2474 1260 2542 caudi
1276 2472 1398 2557 Isrtel,
1418 2474 1533 2541 Domi·

359 2606 427 2655 nus
442 2583 536 2652 Deus
548 2588 666 2651 noster
678 2582 846 2651 Dominus
862 2587 875 2669 (
884 2592 994 2676 mm)
1008 2605 1100 2651 unus
1116 2587 1211 2651 est...
1228 2582 1412 2651 Dominum
1424 2583 1534 2651 Deum

360 2698 462 2761 tuum
484 2689 624 2761 timebis
646 2696 683 2759 et
705 2690 760 2759 illi
785 2689 851 2757 soli
874 2692 1007 2762 servies
1029 2713 1070 2761 ac
1092 2715 1154 2782 per
1176 2714 1294 2760 nornen
1320 2691 1419 2760 illius
1442 2693 1535 2760 iura·

364 2799 446 2867 bis»
465 2799 569 2868 Deut.
581 2798 645 2868 VI.
658 2799 849 2891 4sqq.Hoc
871 2798 985 2889 ipsum
1009 2797 1172 2867 Christus
1189 2799 1357 2866 Dominus
1380 2799 1532 2868 declarat

364 2913 406 2976 ut
431 2907 608 2997 «primurn
631 2908 833 2977 mandatum
847 2933 879 2991 n,
905 2926 946 2972 ac
976 2906 1101 2997 probet
1130 2905 1394 2996 paraphrasim:
1424 2908 1537 2999 aquia

365 3036 456 3084 unus
477 3018 532 3082 est
546 3014 640 3081 Deus
656 3017 692 3081 et
706 3035 774 3080 non
790 3017 843 3081 est
859 3011 952 3080 elius
967 3018 1107 3103 praeter
1122 3035 1228 3080 eumn
1248 3012 1312 3081 Mt.
1324 3013 1407 3081 XII.
1419 3014 1534 3081 29-34.

364 3124 440 3193 Hac
463 3123 542 3213 ipsa
557 3124 669 3191 forma
683 3120 887 3191 excludente
904 3119 941 3188 in
957 3120 1081 3190 ultimo
1099 3120 1198 3190 velut
1219 3127 1425 3191 testamento
1440 3121 1537 3211 Moy-

367 3232 416 3300 sis
438 3229 483 3298 ad
506 3228 672 3321 populum
695 3228 786 3297 idem
809 3229 991 3320 repetitur,
1019 3228 1078 3296 ubi
1101 3229 1195 3296 Deua
1213 3228 1393 3298 inducitur
1409 3229 1537 3297 iureiu-

367 3339 475 3408 rando
499 3338 717 3407 confirmans:
747 3337 906 3423 «videte,
933 3336 1023 3430 quod
1047 3359 1110 3427 ego
1135 3337 1199 3404 sim
1225 3338 1330 3421 solus,
1349 3343 1384 3405 et
1399 3360 1467 3405 non
1492 3336 1539 3405 sit

368 3447 461 3517 alius
483 3448 578 3516 Deus
602 3433 756 3533 (mutu)
778 3451 915 3537 praeter
938 3466 1017 3513 men
1043 3442 1147 3513 Deut.
1168 3442 1321 3512 XXXII.
1339 3444 1393 3511 39.
1406 3444 1462 3511 40.
1479 3446 1536 3512 cf.

368 3557 419 3627 Io.
430 3554 692 3645 merops.
702 3555 766 3623 IV.
781 3554 850 3623 uu.
863 3552 920 3621 Ad
937 3554 1026 3622 hanc
1042 3552 1143 3621 fidem
1164 3552 1431 3622 confirmandam
1446 3552 1539 3620 Deus

368 3665 495 3756 dirigit
523 3670 706 3755 portenta,
742 3661 979 3753 theophanes,
1000 3668 1048 3739 ,ct
1079 3659 1262 3750 specialem
1285 3658 1539 3750 providentiam

369 3795 455 3864 erga
476 3772 641 3864 populum
664 3793 776 3841 suum:
798 3775 870 3838 cut
892 3770 1010 3854 scires,
1037 3768 1197 3862 quoniam
1214 3769 1382 3837 Dominus
1397 3769 1471 3858 ipse
1487 3774 1541 3836 est

370 3868 730 3970 conmutationem
744 3883 848 3967 mm)
861 3885 898 3949 et
909 3901 976 3947 non
989 3883 1044 3946 est
1054 3877 1148 3945 alius
1162 3882 1300 3967 praeter
1312 3898 1431 3944 cum...
1445 3875 1541 3945 Scito

369 4012 454 4080 ergo
476 3988 579 4058 hodie
602 3994 638 4056 et
664 3986 819 4078 cogitato
843 3987 879 4054 in
903 3985 1003 4054 corde
1032 3990 1112 4068 tuo,
1145 3983 1235 4075 quod
1265 3982 1434 4051 Dominus
1466 3983 1541 4072 ipse

371 4097 420 4165 sit
441 4096 536 4165 Deus
566 4095 603 4163 in
627 4094 720 4163 coelo
744 4115 881 4163 sursum
904 4097 940 4161 et
962 4092 1000 4160 in
1027 4096 1124 4160 terra
1154 4090 1313 4158 deorsum
1336 4094 1373 4158 et
1403 4089 1542 4158 nonsit

372 4204 499 4275 aliusu
528 4204 635 4273 Deut.
659 4202 724 4271 IV.
748 4202 803 4270 35.
824 4200 879 4269 39.
900 4202 947 4271 ci.
971 4199 990 4268 1
1009 4198 1088 4287 Cor.
1115 4197 1217 4267 VIII.
1239 4198 1273 4266 4.
1296 4200 1329 4267 ὅ.
1352 4198 1410 4267 Ita
1438 4197 1543 4266 etiam

373 4315 410 4381 in
427 4309 605 4404 prophetis
617 4316 654 4379 et
667 4309 704 4378 in
719 4308 868 4378 Psalmis
884 4310 1098 4400 frequenter:
1116 4336 1132 4370 a
1145 4305 1222 4396 Ego
1237 4305 1407 4374 Dominus
1423 4311 1460 4373 et
1475 4327 1544 4372 nou

373 4426 429 4489 est
451 4418 613 4510 amplius:
627 4424 728 4490 extra
751 4441 803 4488 me
819 4439 888 4488 non
910 4425 966 4489 cst
986 4414 1092 4487 Deus.
1107 4414 1157 4485 Ut
1173 4413 1297 4497 sciant,
1313 4411 1373 4505 qui
1396 4413 1439 4481 ab
1464 4417 1543 4480 ortu
