3172 4950
690 380 737 404 ’-
758 357 820 420 539
839 391 877 405 -

200 462 249 531 tio
273 461 441 553 principii
463 462 689 551 producentis
712 464 756 532 ad
779 464 877 533 intra
899 474 936 532 et
958 465 1179 555 procedentis
1201 486 1224 533 a
1245 466 1374 556 prinoi-

200 571 256 660 pio
279 569 518 660 producente3
544 569 648 662 idque
671 593 794 640 verum
816 578 873 640 est
896 590 963 640 non
987 574 1099 641 solum
1122 573 1165 642 de
1188 573 1372 659 absolutis,

200 678 258 746 sed
282 675 389 745 ctiam
412 676 454 745 de
478 676 684 746 formalibus
707 678 903 748 rationibus
916 679 1090 750 relativis.
1107 681 1165 751 Sic
1178 703 1246 750 non
1262 682 1374 750 solum

199 784 375 869 essentia,
394 784 580 875 sapientia,
597 786 733 855 bonitas
757 793 824 856 etc.
841 810 948 856 uuum
972 795 1056 856 sunt
1072 788 1374 878 semplicissimum

198 894 288 960 Esse
308 892 384 960 sine
407 891 634 962 distinctione
658 893 770 977 reali,
797 894 881 986 quia
905 917 975 962 una
998 919 1066 963 non
1090 896 1235 966 realiter
1258 920 1373 987 proce-

197 1000 252 1068 dit
273 1000 319 1067 ab
341 999 479 1086 altera,
506 999 565 1068 sed
588 1000 695 1068 etiam
718 1001 894 1086 essentia,
920 1002 1125 1090 generatio,
1158 1009 1195 1071 et
1226 1003 1373 1094 spiratio
1410 1006 1413 1010 ’

198 1107 348 1193 (activa)
360 1106 476 1175 eodem
493 1105 591 1174 modo
608 1130 714 1174 unum
730 1113 814 1176 sunt
829 1108 904 1176 sine
920 1109 1009 1177 reali
1027 1108 1254 1178 distinctione
1271 1133 1372 1200 prop·

195 1221 251 1283 ter
273 1215 419 1283 candem
441 1213 635 1299 rationem,
662 1213 745 1307 quia
769 1237 831 1283 nec
849 1216 1030 1304 generatio
1045 1222 1081 1285 et
1096 1216 1244 1306 spiratio
1259 1217 1304 1285 ab
1319 1238 1370 1284 es·

196 1321 312 1390 sentia
335 1344 398 1391 nec
419 1343 441 1388 a
464 1321 688 1410 generatione
708 1321 857 1411 spiratio
873 1323 1016 1392 realiter
1033 1324 1200 1413 procedit.
1224 1323 1291 1393 Sed
1307 1325 1372 1391 Pa-

197 1436 252 1498 ter
276 1430 343 1497 sub
366 1429 506 1498 formali
523 1430 657 1497 ratione
680 1429 799 1498 Patris
822 1429 966 1499 realiter
990 1431 1226 1519 distinguitur
1241 1453 1262 1497 a
1277 1430 1372 1498 Filio

197 1537 262 1603 sub
286 1535 427 1602 formali
450 1536 586 1604 ratione
604 1536 715 1620 Filii,
740 1541 776 1604 et
796 1536 934 1626 quidem
951 1537 1051 1605 unice
1066 1538 1131 1604 sub
1148 1537 1213 1605 hac
1232 1536 1371 1605 formali

197 1643 346 1727 ratione,
362 1650 534 1734 quatenus
557 1665 648 1711 unus
670 1649 724 1712 est
744 1644 954 1735 principium
976 1644 1068 1713 alter
1090 1644 1234 1712 realiter
1255 1667 1370 1735 proce-

198 1751 283 1819 dens
297 1773 360 1840 per
374 1751 511 1819 modum
535 1751 647 1840 geniti
671 1772 692 1818 a
714 1752 908 1841 principio;
934 1753 971 1819 in
988 1752 1135 1842 reliquis
1159 1774 1241 1821 vero
1265 1752 1370 1820 omni·

199 1859 262 1926 bus
285 1856 564 1926 formalitatibus
576 1857 682 1925 Pater
694 1863 730 1925 et
741 1857 858 1925 Filius
874 1881 980 1925 unum
1005 1864 1099 1926 sunt.
1114 1858 1242 1929 Eodem
1259 1858 1368 1943 modo,

200 1971 240 2033 ut
259 1971 371 2054 patet,
389 1964 607 2033 sentiendum
630 1970 684 2033 est
699 1964 741 2033 de
764 1965 901 2033 unitate
925 1988 965 2034 ac
988 1965 1214 2034 distinctione
1238 1967 1371 2056 spiran-

199 2073 246 2141 tis
269 2079 307 2140 et
336 2070 554 2162 procedentis
577 2094 638 2161 per
661 2071 898 2161 spirationem.

264 2178 545 2246 Fundamentum
567 2176 675 2245 huius
696 2178 749 2246 rei
778 2184 833 2245 est
863 2177 986 2246 divina
1016 2178 1249 2267 simplicitas,
1282 2200 1371 2269 quae

197 2285 370 2355 coincidit
392 2308 469 2353 cum
492 2284 633 2354 infinita
654 2286 866 2373 perfectione
881 2285 947 2353 Dei
968 2285 1064 2372 (vide
1081 2285 1200 2354 Traet.
1215 2286 1256 2353 de
1268 2287 1367 2372 Deo).

197 2394 293 2477 Quia
318 2392 456 2462 scilieet
479 2392 740 2482 simplicissima
762 2393 915 2461 essentia
936 2393 1001 2460 Dei
1025 2399 1079 2461 est
1095 2398 1173 2460 tota
1186 2391 1369 2481 plenitudo

194 2500 289 2570 entis
312 2499 483 2588 perfecti,
510 2520 691 2589 possumus
714 2499 852 2590 quidem
876 2522 938 2566 nos
961 2498 1060 2565 illam
1084 2498 1268 2566 essentiam
1292 2520 1369 2566 con·

195 2607 356 2676 siderare
372 2608 437 2675 sub
449 2607 600 2702 diversis
611 2607 808 2675 rationibus
824 2607 1076 2697 perfectionum
1092 2614 1128 2675 et
1142 2605 1365 2690 relationum,

195 2735 288 2807 quas
310 2718 429 2781 tamen
453 2736 568 2782 omnes
591 2720 675 2783 sunt
697 2713 775 2804 ipsa
804 2714 927 2784 divina
959 2715 1111 2782 essentia
1142 2720 1179 2782 et
1207 2713 1303 2781 inter
1333 2735 1370 2782 se

194 2820 296 2890 nullo
320 2822 418 2890 modo
441 2820 585 2890 realiter
602 2821 885 2909 distinguuntur,
903 2821 973 2889 nisi
987 2821 1090 2890 unice
1107 2827 1279 2911 quatenus
1294 2843 1368 2888 rea·

195 2929 245 2998 lis
268 2933 326 2998 est
347 2927 521 3019 processio
538 2927 643 2995 unius
665 2928 709 2994 ab
732 2927 865 3011 altero,
891 2927 955 2995 sub
978 2950 1047 3018 qua
1071 2927 1211 2995 formali
1233 2927 1369 2995 ratione

196 3036 304 3104 unius
327 3033 545 3124 procedentis
571 3033 716 3103 relativi
738 3034 783 3101 ad
799 3032 948 3102 alterum
972 3040 1013 3102 ut
1035 3034 1079 3102 ad
1108 3057 1207 3102 suum
1235 3034 1365 3122 princi·

197 3144 295 3235 pium
319 3143 511 3233 producens
527 3141 757 3210 constituitur
773 3141 867 3209 alius
881 3146 917 3210 et
928 3132 1032 3226 alius,
1051 3165 1119 3209 non
1135 3146 1250 3211 tamen
1268 3140 1367 3209 aliud

193 3259 232 3320 et
254 3250 367 3318 alind.

264 3357 368 3427 Sicut
391 3378 474 3445 ergo
497 3356 682 3425 tolleretur
705 3355 865 3425 infinitas
887 3355 1112 3446 perfectionis
1135 3363 1171 3426 et
1186 3357 1368 3447 perfectio·

193 3487 256 3533 nes
280 3468 494 3553 ponerentur
515 3462 700 3547 limitatae,
715 3463 747 3530 si
770 3462 1000 3551 perfectiones
1015 3463 1196 3532 absolutae
1219 3487 1249 3532 c.
1265 3488 1301 3552 g.
1314 3484 1368 3530 sa·

193 3570 331 3662 pientia
353 3575 390 3637 et
412 3569 568 3659 potentia
591 3574 853 3638 assumerentur
876 3570 976 3638 velut
998 3569 1143 3639 realiter
1166 3570 1365 3653 distinctae,

193 3679 280 3770 quia
302 3678 372 3746 iam
395 3683 521 3745 neutra
544 3676 848 3766 comprehenderet
870 3683 980 3746 totam
1003 3676 1096 3745 entis
1126 3677 1274 3766 perfecti
1297 3676 1367 3766 ple·

191 3785 410 3870 nitudinem;
436 3784 488 3852 ita
511 3807 579 3852 non
602 3784 717 3852 minus
740 3785 857 3853 eadem
880 3785 1107 3853 induceretur
1131 3783 1310 3867 limitatio,
1336 3783 1367 3850 si

192 3893 289 3961 inter
312 3891 502 3961 relationes
525 3891 750 3981 disparatas,
778 3898 819 3960 ut
841 3899 969 3961 vocant
992 3891 1028 3960 h.
1043 3915 1073 3960 e.
1090 3914 1176 3983 quae
1192 3914 1260 3959 nou
1284 3897 1368 3960 sunt

191 4000 384 4069 relationes
407 3999 556 4089 originis
579 3999 685 4068 unius
712 4001 756 4068 ab
774 3999 907 4085 altero,
935 4007 1122 4090 poneretur
1147 4001 1184 4069 in
1202 4001 1275 4070 Deo
1292 4021 1367 4070 rea·

190 4103 240 4177 lis
264 4107 450 4194 distintio;
476 4113 564 4198 puta
587 4105 618 4175 si
641 4108 679 4175 in
702 4108 808 4176 Patre
831 4109 1012 4197 generatio
1035 4114 1072 4177 et
1094 4109 1255 4198 spiratio,
1282 4131 1365 4200 qua-

191 4239 274 4284 rum
296 4236 368 4283 una
391 4237 458 4283 non
483 4215 597 4283 oritur
627 4238 670 4283 ex
693 4215 833 4301 altera,
863 4221 1073 4306 ponerentur
1099 4217 1245 4286 realiter
1273 4215 1367 4284 inter

191 4345 230 4392 se
252 4322 456 4392 distinctae.
474 4321 683 4391 Huiusmodi
707 4325 798 4391 enim
822 4324 1058 4394 formalitates
1080 4330 1164 4393 sunt
1179 4323 1367 4392 relationes

189 4429 306 4500 solum
328 4429 367 4497 in
397 4429 518 4498 ordine
541 4429 585 4498 ad
609 4452 710 4499 snum
733 4430 921 4500 terminum
943 4432 1150 4521 productum
1170 4434 1367 4519 (generatio
