3172 4950
697 323 736 338 -
757 291 819 354 290
838 323 877 339 ..

202 422 286 471 sona
300 425 320 490 ;¹
334 421 397 469 nec
420 420 524 469 sensu
538 397 684 484 Ariane,
710 397 801 490 quod
825 398 920 468 solus
942 399 1049 469 Pater
1071 400 1122 470 sit
1143 400 1237 470 Deus
1256 424 1341 494 supro

203 533 301 594 mus,
326 508 443 578 Pilius
466 515 502 578 et
525 508 682 598 Spiritus
705 508 857 578 Sanctus
879 509 953 577 sint
983 509 1205 579 substantiae
1232 511 1344 580 inferio

201 618 275 704 ris;
301 640 363 686 nec
387 639 491 686 sensu
513 615 779 701 tritheitarum,
805 616 896 707 quod
920 617 1014 686 sicut
1035 640 1106 686 non
1136 639 1209 686 nna
1230 643 1346 709 persons

201 728 254 797 ita
276 748 339 795 nec
363 746 433 793 una
456 725 655 794 substantia
677 725 737 792 sed
760 732 833 794 tres
856 725 929 793 sint
951 748 1053 815 pares
1069 728 1292 816 substantiae
1307 752 1347 798 re

201 859 280 904 rum
303 835 347 902 ad
371 834 435 902 has
458 855 573 901 omnes
589 832 748 901 haereses
764 832 997 902 excludendas
1012 836 1238 925 praedicatur
1255 870 1270 904 a
1285 862 1349 905 usas

202 943 292 1009 Deus
315 964 384 1009 non
406 940 445 1007 in
468 938 719 1028 singularitate
744 940 849 1007 unius
872 963 1049 1030 personae,
1068 942 1130 1012 sed
1147 946 1186 1009 in
1204 945 1350 1012 Trinitas

197 1075 433 1141 personarum,
459 1072 547 1141 quae
570 1064 649 1115 sunt
672 1052 776 1114 unius
798 1050 1058 1119 substantiae».

269 1159 366 1242 Quae
389 1157 582 1226 adtulimus
606 1157 694 1225 satis
718 1164 812 1241 sunt,
839 1164 880 1226 ut
901 1158 1141 1248 intelligatur,
1162 1162 1253 1252 quod
1274 1161 1350 1231 Suu·

203 1291 279 1337 mus
301 1268 464 1336 Pontifex
489 1267 575 1334 Pius
598 1266 662 1333 IX.
690 1264 887 1335 declaravit
909 1266 946 1333 in
968 1266 1104 1335 littaris
1136 1268 1183 1337 ad
1207 1269 1352 1339 Carddc

202 1376 339 1446 Geissel
353 1375 664 1465 Archiepisoopum
681 1374 917 1442 Coloniensem
935 1376 1005 1461 (15.
1016 1375 1114 1443 Iunii
1127 1376 1259 1464 1857.):
1285 1401 1351 1445 «no

203 1484 332 1553 seimus
355 1482 392 1550 in
415 1483 538 1551 iisdem
555 1482 657 1550 libris
674 1481 959 1568 (Guntherianis)
975 1505 1045 1550 non
1060 1505 1174 1572 pauca
1191 1484 1273 1575 legi,
1286 1506 1353 1577 quse

203 1614 225 1660 a
247 1590 422 1660 catholica
444 1590 512 1658 fide
530 1590 733 1681 sinceraque
757 1590 991 1680 explicatione
1015 1591 1057 1660 de
1081 1592 1223 1662 unitate
1237 1594 1353 1663 divina

204 1698 422 1769 substantiae
446 1698 482 1765 in
506 1697 621 1765 tribus
638 1697 818 1766 distinctis
832 1698 1123 1790 sempiternisque
1138 1702 1353 1789 personisncu

203 1808 383 1876 minimum
407 1807 573 1874 aberrant
589 1833 606 1867 n
632 1806 740 1892 (Aeta
755 1807 811 1874 Pii
826 1806 891 1874 IX.
905 1807 946 1873 P.
964 1807 996 1874 Ι.
1015 1806 1057 1874 Τ.
1072 1806 1123 1874 Π.
1146 1833 1181 1899 p.
1204 1810 1292 1894 587).
1314 1808 1352 1878 Si-

202 1917 276 1985 mul
299 1939 379 1986 vero
401 1938 442 1984 ex
466 1915 572 1984 dictis
596 1916 754 1982 omnibus
776 1916 818 1982 ob
842 1915 959 1983 oculos
982 1913 1126 1983 sistitur
1147 1917 1209 2001 id,
1234 1915 1354 2009 quodin

203 2032 278 2096 tota
302 2024 368 2094 hac
391 2024 606 2114 expositione
622 2023 842 2114 potissimum
857 2023 1106 2113 spectavimus,
1124 2024 1288 2095 nimirum
1301 2026 1353 2094 sin·

118 2154 121 2161 ’
205 2132 384 2203 ceritatem
407 2132 519 2220 ipsius
542 2131 717 2220 dogmatis
741 2131 942 2199 conservari
964 2154 1033 2198 non
1055 2154 1169 2222 posse,
1195 2133 1226 2200 si
1248 2140 1353 2223 negatt

204 2241 553 2333 superrationalitate
566 2243 599 2310 ei
615 2242 808 2310 intrinseca
823 2242 1041 2331 suscipiatur
1058 2242 1283 2311 conformatio
1295 2264 1353 2311 oon·

205 2359 326 2442 ceptus
349 2357 384 2420 et
407 2350 655 2418 demonstratio
672 2349 836 2419 veritatis
852 2372 894 2416 ex
910 2348 996 2416 solis
1012 2349 1213 2418 notionibus
1230 2358 1265 2418 et
1279 2349 1353 2440 prin·

205 2461 309 2552 cipiis
331 2460 481 2528 rationis
503 2459 773 2548 independenter
797 2480 818 2525 a
840 2457 1064 2527 revelatione.
1082 2458 1201 2551 Atque
1222 2460 1297 2528 iude
1315 2457 1353 2526 ol·

205 2569 318 2640 terius
341 2568 478 2653 elucet,
505 2591 568 2636 cur
591 2568 682 2636 tanti
707 2569 755 2635 sit
779 2567 952 2650 momenti,
972 2575 1013 2635 ut
1035 2568 1171 2637 indoles
1194 2567 1352 2658 mysterio

205 2701 283 2747 rum
308 2676 599 2767 superrationalis
623 2698 644 2743 a
661 2676 878 2766 philosophis
895 2676 1101 2746 christianis
1118 2684 1154 2746 et
1169 2698 1191 2744 a
1205 2675 1353 2765 theologis

206 2787 339 2856 sincere
362 2794 400 2854 et
423 2784 576 2875 practice
592 2791 816 2874 agnoscatur.

273 2897 444 2965 Scholion.
472 2895 603 2977 Quaeri
627 2894 716 2963 solet
738 2893 779 2962 de
801 2893 947 2961 Platone
969 2900 1005 2962 et
1027 2893 1232 2979 Platonicis,
1257 2899 1353 2962 utnon

206 3004 263 3072 illi
286 3005 452 3094 aliquam,
478 3009 514 3071 et
536 3002 672 3095 qualem
696 3009 731 3070 et
754 3002 844 3070 unde
869 3001 1061 3070 Trinitatis
1083 3004 1232 3092 speciem
1255 3003 1288 3069 iu
1307 3017 1355 3068 soa

206 3112 428 3203 philosophia
441 3111 593 3179 assecuti
609 3111 693 3178 sint.
704 3109 755 3177 At
767 3109 939 3200 imprimis
955 3109 1013 3179 hic
1025 3110 1269 3200 distinguatur
1279 3130 1354 3200 opor

207 3229 261 3290 tet
290 3219 450 3288 doctrine
480 3218 639 3286 Platonis
670 3218 783 3307 ipsius
812 3240 834 3285 a
863 3218 1091 3307 posteriorum
1120 3218 1355 3288 Platonicorum

208 3326 486 3412 commentariis,
516 3325 717 3418 pariterque
749 3326 786 3393 in
819 3325 1043 3393 diiudicanda
1078 3326 1239 3395 doctrina
1267 3324 1357 3415 ipsius

207 3438 365 3507 Platonis
388 3456 588 3524 seponemus
603 3435 712 3502 libros
734 3457 755 3502 a
778 3433 1039 3524 Neoplatonicis
1062 3434 1094 3503 ei
1112 3428 1356 3526 suppositosrel

209 3546 331 3616 saltem
355 3554 551 3636 suspectos,
578 3544 771 3614 cuiusmodi
794 3567 815 3611 a
845 3544 1096 3613 recentioribus
1126 3544 1357 3613 criticiscou·

208 3656 360 3723 munitor
382 3661 568 3723 censentur
590 3652 756 3743 epistolae
780 3652 937 3721 Platonis
954 3652 1158 3721 nominatim
1175 3653 1220 3720 2⁶.
1240 3653 1283 3721 ad
1296 3648 1357 3719 Dio

208 3764 350 3853 nysium
374 3770 411 3832 et
433 3764 477 3831 θ’.
495 3763 539 3830 ad
562 3761 752 3830 Coriscum.

277 3872 351 3939 Iam
363 3873 406 3940 ad
425 3872 538 3962 ipsum
556 3873 763 3961 magistrum
780 3871 870 3963 quod
887 3876 1033 3959 spectat,
1045 3870 1288 3961 interpretatio
1302 3867 1359 3937 eius

210 3981 405 4069 theologiae
440 3979 566 4069 pendet
596 3980 640 4046 ab
670 3978 961 4067 interpretatione
993 3978 1175 4047 doctrinae
1207 3979 1250 4047 de
1278 3974 1359 4045 ideis.

211 4087 393 4157 Sententia
415 4096 532 4155 autem
556 4087 633 4155 eius
656 4087 697 4154 de
722 4086 809 4154 ideis
832 4093 869 4154 et
891 4085 956 4153 hoc
979 4085 1054 4176 ipso
1079 4086 1120 4154 de
1136 4086 1220 4172 Deo,
1236 4079 1360 4155 inmol-

211 4198 259 4267 tis
283 4198 374 4265 forte
398 4196 536 4287 ipsimet
558 4195 698 4263 Platoni
721 4218 787 4262 non
807 4194 914 4279 clara,
933 4201 1027 4262 certe
1043 4194 1126 4261 aliis
1141 4196 1299 4264 omnibus
1316 4191 1361 4259 lio

211 4306 363 4374 minibus
386 4305 498 4375 doctis
521 4328 624 4398 quam
648 4305 794 4373 obscura
818 4304 866 4371 sit
880 4310 916 4372 et
931 4326 1064 4394 semper
1081 4304 1207 4389 fuerit,
1225 4310 1361 4374 censure

212 4421 327 4505 potest
349 4414 406 4485 vel
429 4436 472 4483 ax
494 4413 569 4483 sola
585 4413 724 4504 ingenti
739 4412 947 4484 diversitate
964 4412 1361 4504 interpretationumtun
