3172 4950
709 329 888 392 ..593-

207 455 338 526 filiatio
361 453 529 543 adoptiva
551 476 619 521 non
643 453 798 543 pertinet
819 454 864 521 ad
888 476 1125 544 synagogam,
1152 457 1196 524 ad
1220 460 1387 549 populum

207 563 393 651 Iudaicum
417 585 459 630 ex
484 560 521 628 vi
546 559 682 628 scilicet
703 559 795 648 legis
819 561 962 645 veteris,
983 561 1042 630 sed
1065 563 1109 630 ad
1134 564 1287 652 gratiam
1302 570 1386 638 novi

208 669 450 753 Testamenti,
480 688 569 759 quae
600 689 682 736 vero
716 668 794 757 ipsa
824 668 943 757 gratia
972 674 1126 760 tempore
1158 673 1290 740 veteris
1314 675 1388 745 Te-

210 776 379 849 stamenti
400 798 469 843 non
493 776 624 843 deerat.
651 774 845 863 Gregorius
867 775 954 846 Nau.
975 800 1025 845 or.
1042 778 1099 846 41.
1120 777 1167 846 al.
1189 780 1245 848 44.
1272 804 1307 848 n.
1329 782 1384 850 11.

209 904 427 977 nequaquam
455 882 616 952 «diserte
638 881 829 972 praedicat,
853 910 869 945 n
896 884 986 974 quod
1010 885 1179 954 Patavina
1203 888 1278 972 ait,
1305 894 1387 958 ante

210 993 391 1062 Christum
416 990 590 1081 Spiritum
608 989 776 1059 Sanctum
802 994 1028 1082 separatione
1051 1000 1168 1080 mnus,
1183 1019 1276 1065 nunc
1301 1019 1384 1067 vero

209 1093 358 1170 ὸυσιωδως
390 1122 421 1168 s.
444 1121 474 1166 e.
510 1098 794 1169 substantialiter
827 1127 843 1162 n
870 1103 1160 1170 communicatum
1192 1125 1279 1173 esse.
1318 1105 1387 1177 Sed

211 1208 319 1277 verba
342 1205 507 1295 Gregorii
530 1205 616 1274 haec
639 1212 734 1274 sunt:
764 1207 955 1297 «Spiritus
979 1208 1131 1280 Sanctus
1155 1232 1287 1301 semper
1312 1214 1386 1304 qui-

211 1315 288 1384 dem
307 1319 385 1382 erat
408 1318 444 1381 et
467 1318 522 1381 est
545 1319 581 1381 et
597 1313 709 1381 erit...
724 1315 820 1381 Erat
845 1316 959 1403 igitar
973 1338 1100 1406 semper
1119 1318 1388 1408 participabilis

210 1449 279 1490 aon
299 1423 548 1513 participans,
572 1420 753 1510 perficiens
776 1447 844 1487 noa
876 1424 919 1489 ab
953 1424 1024 1489 alio
1043 1425 1233 1513 perfectus,
1251 1427 1387 1516 replens

210 1557 279 1598 non
301 1532 463 1620 repletus,
473 1531 693 1616 sanctificans
708 1554 775 1623 nore
791 1530 1037 1617 sanctificatus,
1056 1531 1217 1619 defleam
1232 1559 1300 1600 non
1317 1534 1386 1601 dei-

203 1643 351 1730 ficatus,
377 1643 428 1726 (1)
451 1637 526 1726 ipse
550 1658 683 1726 semper
708 1659 813 1705 unum
837 1644 874 1706 et
897 1661 1012 1706 secum
1035 1644 1073 1707 et
1088 1663 1166 1708 cum
1180 1641 1239 1725 iis,
1256 1641 1386 1732 quibus

210 1752 480 1816 connumeratur
504 1747 597 1830 (cum
619 1743 724 1811 Patre
747 1752 785 1813 et
806 1743 957 1831 Filio)...
985 1746 1124 1815 bonitas
1146 1747 1225 1836 ipsa
1248 1753 1285 1815 et
1308 1750 1387 1817 fons
1507 1736 1511 1742 ’

208 1854 405 1937 bonitatis,
432 1852 588 1942 Spiritus
611 1855 752 1935 rectus,
778 1850 985 1941 principalis
1011 1854 1083 1940 (Ps.
1106 1853 1223 1940 BC)...
1250 1854 1387 1942 gratias

208 1961 395 2044 dividens,
423 1961 584 2048 Spiritus.
601 1955 821 2048 adoptionis,
848 1959 1024 2044 veritatis,
1051 1961 1257 2050 sapientiae,
1284 1960 1387 2030 inbel-

208 2069 334 2153 lectus,
362 2066 553 2149 scientiae,
579 2064 747 2155 pietatis,
770 2065 922 2151 consilii,
949 2068 1193 2154 fortitudinis,
1219 2069 1384 2154 timoris,

210 2174 496 2269 quemadmodum
518 2178 748 2241 numerantur
765 2174 1029 2263 (ls.XI.12.)...
1048 2177 1116 2245 Hic
1130 2178 1232 2267 prius
1248 2178 1387 2268 quidem

210 2284 420 2374 operabatur
448 2276 587 2370 (ἐνηργει)
612 2280 650 2347 in
673 2279 844 2369 angelicis
867 2285 904 2349 et
927 2281 1135 2350 coelestibus
1159 2282 1384 2370 virtutibus,

210 2396 247 2459 et
269 2393 440 2480 quotquot
462 2393 548 2455 sunt
570 2386 703 2477 primae
726 2391 805 2476 post
827 2386 938 2454 Deum
969 2393 1005 2455 et
1027 2409 1131 2476 penes
1154 2387 1265 2456 Deum
1284 2411 1292 2473 ;
1318 2411 1387 2456 non

211 2496 303 2565 enim
326 2496 468 2564 aliunde
491 2494 542 2565 eis
565 2500 620 2563 est
641 2493 812 2584 perfectio
835 2501 870 2563 et
901 2493 1118 2563 illuminatio
1149 2502 1185 2563 et
1212 2495 1256 2563 ad
1288 2495 1386 2563 mali-

209 2603 297 2672 tiam
320 2602 482 2671 difficilis
505 2607 569 2670 aut
591 2600 820 2691 impossibilis
848 2602 1017 2687 mutatio,
1056 2623 1158 2693 quam
1193 2624 1214 2669 a
1248 2602 1387 2691 Spiritu

211 2708 362 2797 Sancto,
389 2708 514 2778 deinde
536 2710 574 2777 in
600 2707 815 2799 patriarchis
838 2715 874 2776 et
897 2709 1105 2799 prophetis,
1140 2735 1286 2803 quorum
1322 2716 1387 2786 alii

209 2821 320 2889 Deum
343 2818 512 2887 viderunt
534 2817 572 2884 in
596 2815 811 2905 imaginibus
831 2821 895 2883 aut
923 2827 1176 2905 cognoverunt,
1192 2821 1256 2890 elii
1280 2829 1317 2893 et
1332 2826 1386 2894 fu·

209 2933 293 2997 tura
315 2925 558 3016 praescierunt
574 2927 613 2988 ie
632 2938 740 2988 mente
753 2947 816 2989 sua
830 2926 968 3011 signati
981 2925 1119 3014 Spiritu
1131 2927 1255 2994 Sancto
1275 2931 1384 3018 (2)....

209 3041 329 3127 postea
351 3034 390 3101 in
412 3032 548 3101 Christi
571 3028 778 3121 discipulis,
805 3030 986 3100 Christum
1016 3032 1108 3100 enim
1142 3039 1387 3123 praetermitto

210 3143 268 3212 cui
284 3142 408 3210 aderat
428 3163 500 3208 non
522 3145 564 3207 ut
594 3160 742 3231 operans
777 3132 847 3224 (ὶυχ
876 3139 914 3210 ὡς
938 3134 1084 3231 ἐνεργουν)
1112 3142 1172 3211 sed
1196 3148 1387 3237 utaequa.

207 3250 277 3320 lem
300 3247 558 3334 concomitans;
588 3253 693 3337 atque
720 3246 758 3314 in
786 3245 843 3314 his
867 3246 1068 3337 (discipulis
1091 3249 1242 3339 Christi)
1267 3254 1386 3346 tripli·

208 3355 308 3439 citer,
338 3358 508 3446 quantum
539 3375 661 3444 capere
687 3358 863 3443 poterant,
885 3359 922 3422 et
947 3355 1137 3424 secundum
1159 3357 1233 3426 tria
1256 3363 1385 3451 tempo·

207 3484 291 3532 ra.»
318 3461 522 3551 Distinguit
536 3461 660 3531 deinde
675 3467 813 3551 tempus
834 3466 916 3529 aute
938 3463 1134 3552 passionem
1155 3465 1309 3551 Domini,
1325 3467 1386 3536 ubi

207 3567 364 3658 Spiritus
380 3569 503 3637 aderat
524 3565 706 3658 Apostolis
729 3566 774 3635 ad
790 3567 925 3635 morbos
941 3573 977 3635 et
992 3569 1175 3637 daemones
1190 3569 1384 3659 pellendos,

206 3681 453 3766 postmortem
476 3680 513 3744 et
534 3673 845 3757 resurrectionem,
872 3674 1011 3764 quando
1034 3673 1198 3742 Christus
1221 3674 1387 3745 insuffla·

206 3781 264 3851 vit
284 3780 465 3872 Apostolis
488 3780 632 3850 dicens:
657 3778 808 3869 accipite
832 3777 1003 3869 Spiritum
1032 3779 1221 3867 Sanctum,
1249 3781 1385 3852 demum

206 3888 313 3958 tertio
340 3888 424 3958 «est
450 3887 618 3957 hodierna
645 3887 775 3957 divisio
789 3886 973 3977 ignearum
996 3885 1200 3975 linguarum
1224 3887 1306 3973 (hac
1320 3889 1386 3959 sci·

206 3995 292 4066 licet
314 3996 370 4066 die
389 3996 622 4079 Pentecostes,
641 3993 779 4086 quando
804 3993 995 4061 orationem
1010 3991 1138 4061 habuit
1160 3992 1382 4085 Gregorius),

207 4124 311 4195 quam
337 4103 562 4172 celebramus.
587 4101 744 4170 Primum
768 4102 935 4185 obscure,
971 4099 1122 4169 secundo
1158 4101 1382 4191 expressius,

271 4264 366 4340 (1)Ἠν
380 4230 659 4340 eosdemnumeros
673 4262 702 4319 ἆυ
715 4271 925 4336 personemus,
939 4269 1055 4317 τελιιουν
1068 4261 1097 4318 s’u
1113 4268 1304 4335 τιλειουμινον,
1317 4269 1384 4321 πλη·

205 4377 266 4430 psov
282 4354 312 4411 du
326 4364 517 4430 πληρουμενον,
531 4354 648 4428 &peuces
668 4352 719 4427 ὁυχ
732 4352 922 4425 alpedagnus,
932 4351 1020 4408 Sessar
1034 4349 1064 4407 ὄν
1078 4349 1239 4422 &recuperem

269 4442 312 4517 (ὓ)
330 4448 496 4516 Τυπουμινοι
511 4466 543 4515 τῳ
555 4461 684 4514 aucupare
700 4463 728 4495 το
741 4441 908 4513 η’γιμονικον.

1210 4564 1243 4600 00
