3172 4950
651 345 689 359 -
710 313 770 374 279
790 343 828 357 ..

182 415 206 484 it
223 439 291 486 esse
312 417 465 487 medinm
482 418 792 499 demonstrationis,
817 424 859 487 ut
881 417 1046 508 analogia
1068 417 1146 507 ipsa
1162 439 1230 485 non
1245 417 1316 485 nisi

181 545 197 589 r
215 523 426 595 revelatione
449 526 599 616 reperiri
621 532 659 595 et
681 525 838 614 intelligi
862 526 983 616 possit;
1010 526 1113 617 idque
1133 525 1317 614 supposita

181 631 249 698 iam
272 631 489 701 revelatione
512 657 579 702 non
602 634 647 703 ad
670 633 997 702 demonstrationem
1014 632 1222 700 existentiae
1239 632 1315 699 Tri·

181 737 284 824 itatis,
310 740 370 809 sed
394 740 507 808 solnm
530 742 573 810 ad
596 740 848 809 efformandum
871 740 1021 832 aliquem
1046 739 1150 829 paulo
1174 740 1318 808 distinc-
1406 825 1409 831 Ι

181 868 270 914 orem
287 856 492 938 conceptum
504 849 668 918 veritatis
684 849 849 919 creditae.
865 847 1103 916 ththeriani
1116 855 1315 938 utrumque,

181 957 262 1021 rsit
285 966 322 1025 et
345 956 432 1048 qaid
453 960 503 1024 ait
526 957 685 1025 Trinitas
708 976 961 1047 personarum,
995 955 1267 1045 independenter
1296 976 1317 1021 a

180 1063 358 1134 tralatione
382 1065 618 1135 demonstrare
641 1064 830 1135 voluerunt
851 1090 893 1136 ex
918 1065 1003 1132 solis
1025 1065 1115 1133 ideis
1137 1063 1318 1133 rationali·

180 1194 233 1258 us,
259 1180 297 1242 et
318 1173 396 1242 ideo
419 1174 457 1242 in
481 1180 629 1266 utroque
652 1173 744 1264 lapsi
767 1183 862 1262 sunt;
882 1173 982 1241 nulla
1004 1178 1060 1242 est
1082 1195 1200 1240 eorum
1227 1171 1317 1241 rde-

180 1282 355 1350 roustratio
379 1281 597 1372 speculativa
610 1311 627 1345 n
653 1283 861 1352 existentiae
877 1283 1078 1366 Trinitatis,
1096 1288 1132 1350 et
1147 1281 1183 1349 in
1202 1304 1319 1350 sorum

180 1398 315 1482 inceptu
339 1391 530 1460 Trinitatis
554 1391 641 1482 qaid
662 1395 722 1472 sit,
739 1414 874 1460 errores
890 1400 974 1460 sunt
989 1392 1099 1459 multo
1122 1391 1315 1480 graviores.

179 1521 254 1566 nmo
276 1499 322 1568 ad
346 1499 673 1568 demonstrationem
698 1501 789 1591 quod
813 1507 971 1590 spectat,
997 1501 1035 1567 in
1058 1522 1099 1567 ea
1123 1522 1230 1590 paene
1265 1500 1319 1567 ni·

180 1606 203 1674 il
222 1617 277 1676 est
298 1607 398 1676 aliud
422 1630 525 1700 quam
548 1607 702 1676 studium
728 1608 822 1676 clare
836 1608 1049 1697 concipiendi
1066 1615 1121 1691 (ut
1134 1609 1318 1698 putabant)

179 1713 359 1784 Prinitatem
377 1739 600 1806 personarum
618 1718 662 1786 ad
678 1717 875 1807 analogiam
894 1716 1155 1807 personalitatis
1168 1724 1317 1799 creatae,

179 1847 305 1917 lanaque
328 1826 526 1895 claritatem
544 1835 732 1919 conceptus
746 1828 976 1897 venditarunt
993 1825 1092 1894 velut
1107 1826 1319 1894 demonstra·

179 1931 275 2000 ionem
299 1934 526 2021 existentiae,
552 1959 590 2005 eo
614 1940 687 2006 fere
712 1937 833 2021 modo,
860 1935 962 2024 longe
987 1943 1101 2003 tamen
1118 1919 1317 2019 absurdius,

179 2062 219 2131 pro
238 2041 303 2110 alii
326 2050 529 2133 conceptum
559 2046 651 2114 entis
673 2044 862 2114 necessarii
893 2043 1064 2112 dederunt
1092 2065 1154 2134 pro
1185 2043 1319 2112 demon·

178 2150 321 2219 mationa
346 2151 557 2221 existentiae
579 2154 744 2222 eiusdem.

220 2259 502 2350 rArgnmentnm
519 2284 683 2350 cogens»
709 2261 853 2331 ductum
886 2282 964 2328 aex
997 2261 1209 2350 cogitatione
1243 2283 1320 2352 pro·

178 2365 224 2451 rrii
244 2367 325 2457 Epo
349 2391 410 2437 sen
434 2369 699 2459 personalitatis
722 2368 871 2459 spiritus
895 2368 1029 2453 nostri,
1050 2395 1066 2432 s
1100 2375 1206 2460 atque
1236 2367 1320 2436 adeo

178 2476 230 2539 ata
250 2473 499 2544 demonstratio
523 2475 769 2546 Guntheriana
792 2476 836 2545 ad
860 2476 950 2545 hano
982 2498 1149 2544 summam
1179 2497 1318 2545 revoca·

178 2584 225 2648 bn.
242 2581 399 2674 Spiritus
422 2592 560 2654 creatus
583 2592 637 2654 est
659 2586 775 2675 imago
798 2586 887 2671 Dei,
905 2610 947 2654 ex
964 2587 1116 2675 imagine
1132 2593 1248 2654 antem
1265 2608 1318 2653 co·

177 2691 268 2775 nosci
291 2700 409 2782 potest
429 2693 674 2784 archetypum.
707 2694 804 2784 Ergo
827 2717 869 2763 ex
893 2694 1142 2786 personalitate
1173 2693 1320 2783 spiritus

177 2801 260 2869 rati
285 2807 401 2891 potest
430 2802 617 2892 cognosci,
644 2825 731 2895 quaa
754 2809 790 2872 et
813 2802 929 2894 qualis
952 2803 1002 2871 sit
1024 2801 1258 2892 personalitas
1271 2801 1321 2869 di·

177 2906 247 2977 vira.
263 2909 391 2978 Forma
414 2911 680 3000 personalitatis
704 2934 765 2980 seu
788 2911 845 2996 id,
871 2911 962 3004 quod
986 2911 1219 2980 substantiam
1251 2909 1320 2978 sor·

177 3017 287 3088 naliter
303 3019 491 3088 constituit
512 3042 692 3109 personam
716 3022 753 3088 in
776 3029 874 3105 acta,
894 3028 949 3090 est
964 3023 1171 3088 conscientia
1186 3021 1241 3086 sui
1253 3024 1320 3106 (co-

177 3124 277 3209 tatio
300 3126 436 3218 proprii
458 3127 539 3217 Epo
552 3132 577 3213 ).
603 3129 700 3218 Ergo
722 3129 906 3218 imprimis,
925 3128 956 3195 si
971 3127 1140 3198 elementa
1156 3130 1321 3194 consciens·

176 3233 225 3302 tiae
243 3239 298 3302 rai
321 3236 360 3303 in
382 3236 514 3326 spiritu
538 3245 654 3307 creato
677 3237 745 3306 rite
768 3237 1030 3326 intelligantur,
1048 3243 1196 3327 possunt
1215 3236 1321 3304 etiam

176 3342 304 3433 rtelligi
327 3344 497 3414 elementa
520 3349 745 3414 conscientiae
767 3349 823 3415 sai
846 3347 883 3415 in
907 3347 1036 3436 spiritu
1067 3345 1238 3429 absoluto,
1264 3367 1321 3412 ex-

176 3445 319 3519 =lndendo
341 3451 507 3519 nimirum
531 3452 834 3543 imperfectiones,
870 3475 958 3545 quae
989 3458 1248 3544 consequuntur
1279 3473 1321 3518 ea

176 3558 284 3627 atione
306 3558 401 3626 entis
417 3559 511 3628 finiti
526 3568 562 3628 et
577 3561 784 3651 applicando
798 3561 1028 3652 perfectiones
1046 3559 1232 3629 secuudum
1249 3558 1320 3625 exi·

176 3666 302 3748 entiam
326 3672 553 3735 conaturam
576 3669 669 3737 eutis
692 3668 856 3737 absoluti.
871 3669 945 3737 Hoc
968 3668 1044 3757 ipso
1060 3666 1203 3757 proinde
1220 3664 1321 3732 intel-

175 3771 295 3862 igitur,
321 3796 411 3865 qnae
433 3781 469 3844 et
492 3775 608 3866 qualis
631 3777 682 3844 sit
704 3775 937 3865 personalitas
959 3775 1093 3844 divina.
1107 3775 1212 3843 Hisce
1225 3796 1321 3864 prae·

175 3880 287 3950 litatis
309 3881 362 3949 ita
384 3883 608 3972 proceditur:
635 3884 785 3974 spiritns
809 3890 947 3952 creatus
971 3883 1054 3974 quia
1078 3905 1144 3949 non
1169 3890 1258 3949 estc
1274 3905 1319 3962 ee,

175 3992 253 4061 tiam
275 4014 346 4061 non
368 3995 485 4082 potest
509 4015 530 4056 a
553 4015 587 4058 se
602 3990 768 4080 progredi
783 3991 828 4059 ad
845 3990 1091 4079 cogitationem
1110 3989 1178 4070 sui,
1194 3988 1253 4056 sed
1270 4011 1322 4056 so·
1384 4074 1387 4079 Ι

175 4125 221 4170 un
238 4109 413 4194 qnatenus
436 4098 612 4168 excitatur
636 4100 680 4166 ab
703 4100 911 4167 extrinseco.
929 4100 1115 4187 Propterea
1137 4098 1228 4165 idem
1253 4099 1321 4187 spi·

175 4209 240 4278 itus
262 4207 461 4276 immediate
485 4207 595 4275 solum
614 4206 764 4296 percipit
780 4207 1014 4296 phaenomena
1037 4205 1073 4273 in
1091 4229 1139 4290 se,
1158 4204 1194 4274 h.
1210 4230 1239 4273 e.
1259 4205 1321 4272 im·

175 4317 358 4387 sessionem
382 4336 485 4407 qnam
508 4315 647 4405 recipit,
664 4323 701 4382 et
715 4315 888 4383 actionem
913 4336 1015 4406 quam
1039 4313 1150 4400 elicit;
1170 4335 1238 4380 non
1262 4334 1321 4380 an·

174 4450 215 4493 em
237 4431 352 4517 potest
375 4423 507 4494 intueri
531 4422 729 4492 immediata
746 4422 856 4511 ipsam
880 4444 979 4491 suam
996 4420 1242 4504 substantiam,
1262 4420 1321 4488 sed
