3172 4950
541 320 544 326 ’
665 355 704 372 -
724 324 786 386 359
805 354 843 370 -

193 431 275 502 incile
294 429 481 522 apparebit
502 428 656 498 inanitas
677 427 894 511 obiectionis,
912 447 981 519 qua
1003 425 1175 520 quispiam
1192 426 1341 517 probare

191 539 278 608 veliet
298 538 448 628 priorem
471 537 606 606 ratione
630 558 809 628 personam
830 535 948 603 Patris
972 556 1053 624 prae
1070 542 1152 603 actu
1170 533 1342 603 noticnali

188 645 416 736 generationis,
443 644 499 713 rel
523 668 564 712 ex
588 644 744 734 opposito
774 643 923 732 priorem
954 651 1069 709 actum
1104 641 1342 732 generationis

188 775 254 845 prae
273 753 498 845 paternitate.
518 751 596 821 Dici
620 752 746 842 quippe
770 749 859 819 solet
881 773 922 819 ex
948 772 1018 818 una
1042 761 1160 840 parte:
1186 750 1342 819 actiones

188 870 255 932 runt
275 861 546 952 suppositorum,
567 882 650 949 ergo
665 866 842 949 repugnat
863 866 905 927 ut
928 857 1147 941 concipiatur
1166 866 1268 927 actus
1285 881 1342 949 ge·

188 968 372 1052 temtionis,
384 967 468 1060 quin
485 969 621 1037 ratione
638 967 733 1057 prior
750 965 1060 1057 praeintelligotur
1077 987 1234 1056 persona;
1251 964 1343 1057 quod

188 1074 212 1145 ni
228 1098 289 1144 nou
305 1077 359 1144 ita
374 1083 478 1158 esset,
498 1097 565 1143 uon
583 1074 652 1143 iam
670 1095 816 1164 persona
832 1072 892 1141 sed
909 1086 1037 1141 natura
1052 1082 1145 1143 esset
1158 1096 1339 1164 generans,

188 1191 293 1252 coutra-
311 1205 353 1252 ac
376 1182 559 1251 delinitum
583 1188 637 1252 est
660 1182 697 1249 in
720 1181 822 1250 Conc.
840 1181 1070 1250 Lateranensi
1087 1187 1175 1272 (cap.
1191 1183 1341 1250 Damna-

188 1295 268 1373 aar).
284 1289 340 1358 Ex
364 1297 464 1380 parte
487 1286 600 1358 altera
627 1290 835 1380 opponitur:
853 1289 966 1380 prima
982 1312 1127 1379 persona
1144 1313 1209 1358 non
1227 1294 1344 1379 potest

188 1394 324 1487 intelligi
346 1397 384 1466 iu
408 1397 549 1465 fornnali
565 1398 700 1466 ratione
717 1397 847 1481 Patris,
866 1397 935 1464 nisi
952 1397 1035 1487 quia
1052 1408 1208 1485 generat3
1228 1418 1341 1465 neces·

189 1505 264 1573 nario
285 1528 367 1595 ergo
391 1505 694 1597 praeintelligitur
717 1505 897 1596 generatio
919 1506 1049 1588 activa,
1075 1512 1111 1574 et
1136 1528 1177 1575 ex
1201 1504 1266 1573 hac
1290 1504 1343 1573 iu·

190 1613 348 1702 telligitur
371 1615 566 1705 paternitas
589 1638 651 1683 seu
676 1614 835 1683 formalis
858 1615 949 1683 ratio
972 1614 1105 1683 Patris.

241 1721 511 1812 Respondemus:
537 1722 574 1789 in
598 1729 747 1814 utraque
771 1721 835 1791 hac
855 1723 1046 1791 obiectione
1063 1728 1248 1811 conceptus
1267 1743 1342 1812 per·

194 1849 274 1898 mnae
288 1831 406 1898 Patris
431 1830 579 1921 primum
602 1832 796 1900 assumitur
812 1831 1067 1922 innadaequatus
1083 1840 1118 1900 et
1134 1831 1169 1897 in
1184 1833 1339 1914 confuso,

195 1937 237 2006 eui
255 1939 373 2008 deiude
396 1939 542 2008 additur
558 1941 653 2008 notio
678 1940 903 2030 paternitatis
919 1964 957 2009 ex
964 1940 1099 2029 plicita,
1115 1963 1181 2030 quo
1196 1939 1230 2006 in
1245 1938 1343 2008 mnodo

196 2048 411 2117 macerandi
429 2047 593 2118 instituto
610 2050 794 2118 &cundum
811 2048 1008 2138 analogiam
1025 2048 1061 2115 in
1079 2048 1234 2139 personis
1250 2069 1344 2116 crea·

196 2151 415 2246 tierapertam
445 2177 513 2223 nou
544 2177 734 2245 negamus,
761 2178 859 2247 posse
891 2157 1044 2245 spectari
1079 2157 1178 2245 prins
1208 2156 1343 2224 ratione

197 2259 341 2331 obiectum
364 2271 662 2352 repraesentatum
686 2272 853 2355 conceptu
880 2264 1112 2356 inulaequato
1141 2271 1177 2332 et
1207 2263 1343 2330 ratione

197 2370 343 2455 posterius
368 2371 539 2439 obiectum
563 2371 653 2439 idem
677 2379 976 2462 repraesentatum
1000 2373 1064 2440 sub
1079 2372 1218 2439 notione
1233 2369 1343 2458 expli·

198 2474 250 2543 cita
266 2478 513 2568 paternitatis,
539 2478 672 2571 dequo
700 2503 778 2550 mox
809 2479 974 2549 dicemus.
1001 2480 1102 2548 Nunc
1126 2501 1208 2546 vero
1232 2476 1343 2569 loqui·

198 2598 254 2650 nar
271 2584 312 2655 de
336 2608 484 2677 persona
506 2586 625 2656 Patris
648 2596 684 2656 et
707 2588 749 2656 de
772 2595 853 2656 actu
877 2587 1046 2655 actionali
1064 2586 1249 2655 secundum
1268 2608 1343 2675 per·

198 2686 365 2778 lectionem,
389 2702 525 2784 prouta
542 2696 706 2785 partanei
725 2696 760 2763 in
777 2719 813 2764 se
828 2717 902 2764 esse
921 2695 1141 2785 praelucente
1158 2694 1225 2762 fide
1242 2692 1343 2763 intel·

198 2789 281 2887 ligere
296 2824 491 2890 possumus.
513 2803 572 2872 Sic
588 2803 760 2893 imprimis
777 2803 970 2873 intellectio
987 2802 1178 2893 producens
1190 2801 1344 2870 Verbum

198 2920 246 2972 nou
263 2916 315 2978 est
336 2912 429 2976 acrio
447 2910 565 2976 elicita
580 2909 733 2979 alicuius
747 2912 932 3002 suppositi,
959 2919 999 2979 ut
1021 2919 1074 2980 est
1096 2909 1290 2978 intellectio
1306 2907 1344 2976 iu

200 3015 316 3104 neatis;
335 3018 395 3087 sed
411 3017 606 3087 intellectio
629 3017 752 3087 divina
767 3028 822 3088 est
839 3027 941 3087 actus
957 3042 1066 3108 purus
1082 3014 1340 3099 substantialis,

200 3120 251 3207 qni,
271 3126 466 3196 formaliter
490 3134 531 3196 ut
553 3151 596 3196 ex
618 3127 811 3197 intrinseca
834 3150 898 3196 sua
920 3127 1116 3197 necessaria
1132 3124 1343 3217 perfectione

199 3235 237 3297 nn
252 3233 418 3303 relativus
441 3235 485 3304 ad
509 3234 662 3304 Verbum
687 3236 913 3306 aeternaliter
936 3236 1155 3328 productum,
1181 3241 1235 3302 est
1250 3233 1344 3302 Deus

199 3326 294 3427 Pater3
320 3342 412 3411 uncle
433 3341 496 3411 ille
527 3351 628 3411 actus
660 3343 834 3412 relativus
861 3367 928 3411 uon
953 3359 1008 3412 est
1032 3343 1131 3411 velut
1159 3339 1344 3409 inhaerens

201 3435 281 3514 alicui
301 3469 467 3538 personae
490 3449 788 3538 praeintellectae,
808 3449 868 3518 sed
891 3456 945 3518 est
967 3450 1112 3538 ipsemet
1129 3448 1213 3516 haec
1230 3445 1341 3514 deter-

200 3544 304 3623 cinna
315 3577 463 3647 persona
475 3555 598 3624 divina
611 3557 779 3625 distincta
791 3579 812 3624 a
824 3556 939 3625 Verbo
956 3561 990 3624 et
1006 3578 1027 3622 a
1043 3555 1179 3644 Spiritu
1198 3553 1338 3622 Sancto.

244 3661 294 3732 Aa
317 3664 467 3755 priorem
490 3663 606 3753 igitur
629 3664 853 3732 abiectionem
877 3663 1045 3731 dicimus:
1063 3684 1128 3730 non
1147 3660 1258 3728 solum
1275 3680 1344 3727 non

198 3778 355 3859 repugnat,
376 3779 419 3839 ut
433 3778 534 3840 actus
550 3770 723 3839 relativus
747 3770 992 3838 substantialis
1009 3769 1238 3858 concipiatur,
1257 3765 1344 3860 quio

195 3876 304 3948 atione
317 3879 413 3969 prior
421 3877 731 3968 praeintelligatur
742 3900 900 3968 persona,
912 3878 968 3946 cui
978 3877 1158 3946 inhaereat
1175 3878 1226 3946 rel
1242 3898 1262 3943 a
1275 3898 1345 3968 qua

192 3976 346 4070 eliciatur,
364 3986 425 4056 sed
442 3986 544 4053 immo
561 3987 783 4076 imperiectus
800 3986 860 4055 ille
877 3987 998 4054 modus
1021 3988 1209 4055 secundum
1225 3984 1344 4053 analo·

188 4089 265 4178 giam
287 4103 528 4164 creaturarum
542 4095 756 4184 concipiendi
772 4095 871 4163 rclut
886 4105 1002 4163 actum
1019 4095 1188 4176 elicitum,
1207 4094 1345 4182 indiget

188 4187 238 4265 lac
259 4200 485 4282 correctione,
503 4204 546 4267 ut
568 4205 669 4267 actus
692 4198 766 4285 ipse
783 4198 955 4266 relativus
971 4199 1217 4267 substantialis
1241 4195 1344 4264 intel·

188 4298 307 4393 'igetur
329 4327 404 4374 esse
428 4326 574 4395 persona
600 4304 734 4372 divina.
764 4303 856 4380 Hinc
877 4305 1027 4372 ulterius
1051 4305 1172 4395 utique
1197 4322 1343 4392 persona

188 4410 237 4480 ub
257 4410 400 4481 formali
420 4412 559 4483 ratione
579 4434 757 4505 personae,
775 4412 812 4482 h.
830 4435 861 4482 e.
880 4414 944 4481 sub
968 4410 1109 4480 formali
1131 4411 1268 4479 ratione
1290 4427 1342 4478 re·
