3172 4950
487 367 525 383 ···
548 337 608 397 447
630 366 668 381 -

188 464 283 533 penes
293 444 418 512 Patres
433 441 579 521 veritas,
591 439 681 532 quod
696 436 853 529 Spiritus
868 438 1021 510 Sanctus
1036 434 1168 504 dicitur

188 572 328 620 ersousa
352 550 507 641 Spiritus
531 549 646 632 unice,
672 552 845 639 quatenus
867 545 911 612 ab
934 565 975 612 ca
996 542 1164 634 procedit,

188 680 279 725 smne
295 656 437 725 dubium
454 662 519 740 est,
545 662 587 723 ut
610 677 716 722 unum
732 651 909 741 explicent
923 672 984 740 per
1002 648 1164 733 alterum.

188 764 316 833 rasius:
345 793 362 828 u
376 765 498 832 Putris
522 778 570 830 est
593 763 749 850 Spiritus
771 757 831 851 qui
860 757 976 826 dictus
990 760 1045 824 est
1066 755 1165 839 Filii,

188 871 261 962 ipse
277 870 393 939 Filius
409 869 477 939 ait:
497 868 654 959 Spiritus
670 866 835 936 veritatis
851 865 914 956 qui
932 888 953 929 a
969 863 1077 930 Patre
1086 886 1167 951 pro·

188 1031 191 1047 .
210 979 244 1047 3.
259 980 304 1048 ed
321 978 441 1069 Sersp.
460 1003 495 1047 u.
515 979 548 1046 1.
566 978 616 1045 Et
639 976 786 1066 Gregor.
805 974 989 1065 Nyssenus
1009 994 1111 1039 serm.
1130 970 1163 1039 3.

192 1138 200 1156 .
220 1072 550 1174 dominatricem
568 1107 589 1153 a
605 1084 752 1153 Graecis
775 1080 960 1152 catholicis
983 1079 1020 1147 in
1037 1077 1163 1168 Opusc.

188 1194 265 1263 141.
285 1194 363 1262 245.
382 1198 418 1263 et
433 1216 537 1282 penes
557 1193 761 1281 Hieronym.
781 1191 958 1259 Donatum
974 1185 1015 1253 de
1029 1185 1167 1276 Spiritu

188 1303 209 1370 l.
227 1325 256 1371 c.
272 1301 327 1369 15.
346 1301 418 1368 Mai
435 1300 729 1391 Scriptor.Veter.
746 1299 847 1367 Nova
863 1298 1006 1370 Collect.
1023 1302 1065 1369 Τ.
1081 1300 1165 1370 VII.

188 1409 215 1495 33
235 1410 355 1478 Petav.
374 1408 399 1475 l.
418 1408 502 1477 VII.
519 1430 548 1476 c.
571 1408 605 1475 3.
619 1431 654 1474 n.
672 1407 742 1492 12)
764 1406 949 1496 «Spiritus
966 1405 1116 1476 Sanctus
1132 1412 1168 1475 et

188 1515 302 1584 icitur
317 1520 353 1583 et
370 1536 411 1580 eu
428 1515 523 1583 Filio
541 1538 607 1581 esse
624 1514 846 1580 attestatione
862 1514 1081 1603 confirmatur
1101 1514 1164 1600 (1),

189 1648 223 1689 m
238 1623 409 1711 Spiritum
426 1621 561 1691 Olrtsrt
577 1646 644 1687 ooo
661 1622 776 1703 labet,
794 1620 912 1712 inquit
933 1620 1165 1711 (Apostolus),

188 1736 211 1799 c
225 1729 312 1798 eins.
339 1730 458 1819 Igitur
475 1731 631 1818 Spiritus
654 1752 695 1794 ex
712 1729 781 1795 Deo
798 1734 834 1796 et
849 1730 915 1795 Dei
927 1730 1083 1818 Spiritus
1099 1733 1164 1814 est,
1175 1726 1192 1799 ’,
1270 1754 1275 1762 ·

188 1860 247 1906 cm
270 1860 348 1905 cum
371 1837 420 1904 sit
435 1860 477 1904 ex
491 1837 563 1905 Deo
586 1836 732 1922 (Patre),
751 1857 820 1903 non
836 1835 906 1902 iam
922 1834 1039 1903 Filius
1054 1834 1168 1926 ipsius

189 1968 240 2010 reu
257 1934 434 2032 πνευματος)
460 1951 514 2012 est
536 1949 599 2012 aut
615 1943 760 2026 dicitur,
779 1965 888 2034 neque
905 1942 1060 2012 relativa
1082 1941 1168 2011 hsec

205 2052 427 2122 convertitur
440 2078 457 2113 n
476 2051 574 2142 (quia
590 2051 726 2119 scilicet
737 2049 839 2119 cuius
854 2071 1020 2141 personae
1035 2049 1168 2120 dicitur

188 2185 195 2229 z
217 2159 385 2251 Spiritus,
403 2160 446 2227 ab
470 2180 511 2227 es
534 2157 754 2247 intelligitur
769 2157 977 2248 procedere).
997 2157 1167 2227 Basilius:

188 2291 199 2334 r
223 2265 390 2335 Sanctum
413 2287 475 2355 per
497 2264 629 2333 Filium
653 2264 824 2353 effulgere
850 2263 1042 2354 Apostolus
1058 2264 1168 2333 mani·

188 2373 240 2457 rit,
267 2372 441 2463 Spiritum
465 2371 553 2440 Filii
577 2372 692 2462 ipsum
708 2369 891 2438 nominans
914 2369 1166 2439 sicutetDein

187 2503 278 2549 nom.
294 2480 318 2549 l.
335 2481 380 2550 V.
396 2480 438 2548 Τ.
452 2479 482 2548 Ι.
498 2503 532 2570 p.
548 2479 626 2549 305.
642 2477 803 2569 Cyrillus
817 2477 920 2546 item:
950 2479 1070 2545 estete
1086 2502 1169 2569 pro·

188 2590 280 2658 Filii
309 2591 486 2678 Spiritus,
511 2589 725 2655 naturaliter
748 2602 779 2653 et
804 2590 842 2653 io
867 2590 942 2676 ipso
967 2590 1115 2655 earisteus
1138 2600 1170 2653 et

205 2697 409 2789 procedens,
434 2698 487 2766 ita
510 2702 546 2765 et
568 2697 689 2765 Patris
717 2701 786 2783 (est
809 2695 978 2787 Spiritus)
993 2722 1011 2759 u
1036 2694 1166 2786 cyrill.

188 2805 215 2874 l.
231 2829 265 2895 p.
282 2805 367 2891 9103
394 2827 446 2893 ep.
480 2803 604 2893 synod.
631 2804 675 2872 ad
694 2804 832 2872 Nestor.
854 2804 895 2871 Τ.
910 2803 954 2872 V.
970 2803 1009 2872 P.
1024 2803 1074 2871 Π.
1088 2825 1167 2893 epp.

188 2935 204 2978 o
229 2910 265 2978 S.
282 2909 478 2978 Maximus:
507 2909 695 2999 «Spiritus
730 2909 881 2979 Sanctus
915 2909 1010 2978 sicut
1039 2915 1169 2978 nature

204 3018 390 3087 essentiam
414 3032 465 3095 est
485 3018 552 3084 Dei
577 3030 609 3083 et
632 3019 766 3099 Patris,
784 3018 837 3087 its
852 3017 957 3087 etiam
981 3017 1169 3088 secundum
1257 3008 1260 3012 ’

204 3140 252 3193 est
268 3127 375 3208 Filii,
392 3140 510 3213 utpote
537 3125 766 3192 essentialiter
782 3149 824 3193 ee
839 3127 948 3194 Patre
961 3150 1022 3218 per
1038 3126 1170 3194 Filium

188 3234 391 3304 irooedensn
418 3232 560 3301 Maxim.
591 3232 633 3301 de
663 3232 879 3301 Candelabro
911 3231 1059 3302 Zachsr.
1085 3232 1109 3301 i.
1136 3256 1166 3301 e.

201 3345 335 3433 quaest.
353 3340 415 3407 63¹·
438 3339 525 3430 Opp.
541 3339 686 3407 Maximi
710 3340 751 3408 Τ.
770 3340 801 3407 Ι.
819 3364 854 3430 p.
874 3339 953 3410 238.
972 3338 1050 3407 239.
1069 3339 1169 3426 (cita-

208 3470 230 3516 a
252 3449 373 3532 Becco,
399 3447 524 3538 Opusc.
544 3468 621 3515 sur.
640 3470 674 3538 p.
696 3446 789 3533 117).

188 3686 204 3733 ι,
225 3668 392 3733 Bosssriou,
415 3668 543 3720 Donstus
563 3668 598 3720 ll.
619 3682 658 3719 cc.
681 3680 777 3739 omues
797 3664 922 3718 hebent:
946 3662 976 3717 ἐκ
1001 3682 1047 3717 reo
1072 3684 1168 3735 respo<

188 3761 212 3813 is
233 3779 279 3812 roo
302 3757 358 3812 rison
380 3758 445 3812 isser
470 3777 724 3829 rpoopupropureu.
754 3758 794 3810 Do
824 3756 877 3810 hat
903 3753 1024 3809 laeuone
1044 3753 1170 3809 dicemus
