3172 4950
704 348 744 363 -
766 316 826 377 150
845 348 885 363 -

206 432 321 497 nmen
338 444 406 491 non
422 420 593 514 sequitur,
612 426 654 488 ut
668 421 791 491 modus
804 418 968 512 loquendi
984 419 1061 490 sive
1078 419 1126 490 de
1148 419 1287 489 unitate
1299 420 1364 489 sive

206 532 249 603 de
272 528 498 601 distinetione
522 527 696 598 fueritin
718 551 821 598 usum
849 534 1011 618 rsoeptus
1040 548 1177 618 semper
1195 548 1306 620 seque
1322 526 1367 595 de·

206 637 429 720 terminatus,
455 635 595 704 minine
618 635 816 725 ambiguus,
842 641 879 705 et
899 634 1089 704 exoludens
1102 635 1219 725 ipsam
1240 634 1369 724 possiti

138 772 143 779 ·
207 744 344 813 litatem
367 763 489 810 sensus
513 739 659 810 faleise
683 741 875 827 haeretiei,
913 741 1108 811 cuiusmodi
1138 740 1313 809 formulas
1330 762 1370 810 re·

208 849 426 921 olesisstioas
448 848 610 938 deinoeps
626 855 781 919 statutas
796 856 835 919 et
848 849 1019 918 adversus
1034 849 1232 918 baeretioos
1253 869 1372 917 errores

209 957 332 1029 multis
353 957 552 1029 declaratas
573 957 745 1027 videmus.

277 1065 393 1148 Quare
406 1064 438 1133 2·
451 1063 482 1133 si
498 1086 602 1156 penes
617 1064 741 1134 Patres
755 1063 999 1135 enteoedenteo
1013 1063 1052 1133 in
1066 1064 1243 1133 oommuni
1255 1070 1372 1155 spate

210 1181 265 1243 tos
289 1173 374 1265 quid
395 1179 487 1242 esset
508 1173 711 1261 ambiguum
734 1195 795 1262 por
818 1195 856 1241 se
878 1171 998 1262 plures
1024 1170 1219 1242 admittens
1240 1192 1372 1257 seusu,

209 1279 404 1351 neosssario
428 1278 697 1368 intelligendum
721 1286 815 1349 esset
836 1279 1026 1350 seeundum
1048 1279 1306 1370 explieatioms
1323 1278 1372 1348 l’s

209 1398 305 1460 trum
334 1388 644 1480 subsequentium,
670 1388 730 1480 qui
753 1395 789 1458 et
811 1387 882 1479 ipsi
903 1409 1002 1457 suam
1030 1389 1291 1458 consensionem
1311 1408 1372 1457 om

208 1496 489 1566 antecessoribus
504 1495 733 1586 proclamant,
751 1504 789 1566 et
802 1518 870 1565 uon
886 1496 986 1565 aliud
1001 1496 1088 1566 lieet
1100 1495 1186 1565 eliis
1201 1495 1372 1566 strietiori·

213 1606 277 1675 bos
300 1603 418 1673 verbis
441 1625 478 1673 se
502 1602 623 1673 dooere
652 1603 886 1693 profitentur,
912 1626 1016 1695 quam
1038 1603 1131 1695 quod
1152 1624 1177 1670 s
1199 1600 1372 1671 maioribm

212 1712 293 1782 inde
308 1714 353 1781 ab
367 1717 483 1781 aetate
497 1711 701 1800 Apostolioa
715 1711 888 1781 traditum
902 1718 968 1781 est.
986 1711 1045 1780 Ite
1058 1711 1286 1781 Athanasius
1307 1732 1372 1802 que

212 1820 460 1890 addootriuam
469 1816 1372 1910 eonsubstantialitstiseornparatPatressseouliffl.

213 1951 292 1999 oum
313 1927 491 1999 Nioseuis.
512 1956 529 1991 u
540 1927 617 1997 Nou
639 1927 740 1997 decet
754 1926 836 1997 illos
857 1950 936 1996 oum
950 1926 1008 1995 bis
1023 1928 1257 2015 committeri3
1274 1946 1372 1995 omes

213 2034 306 2105 enim
328 2034 451 2103 Patres
473 2040 580 2119 sunt,
604 2057 715 2127 neque
739 2041 898 2105 sanetum
920 2041 1012 2105 esset
1034 2057 1092 2104 eoe
1114 2035 1372 2119 disorim'nare,

215 2141 318 2233 qnasi
341 2139 381 2208 hi
403 2140 542 2230 quidem
565 2142 661 2226 bene,
679 2141 744 2211 slii
768 2148 892 2211 eontra
914 2142 1003 2211 mule
1026 2141 1250 2228 deouisseut3
1275 2162 1372 2209 eu

214 2247 340 2338 quippe
362 2246 400 2315 in
423 2245 567 2317 Christo
597 2247 900 2317 obdormierunt...
930 2248 1049 2340 Neque
1071 2248 1224 2319 treoerffi
1245 2248 1306 2317 illi
1324 2246 1372 2317 ali

214 2375 318 2447 quam
341 2354 511 2445 seripsere
534 2355 767 2441 sententiam,
793 2379 903 2448 usque
925 2356 995 2426 sibi
1018 2354 1105 2446 ipsis
1127 2354 1253 2424 oouflsi
1274 2352 1372 2427 versi

215 2485 283 2532 uon
304 2468 410 2531 autes
432 2460 574 2551 seriptis
596 2462 809 2553 patrooinati
831 2468 926 2547 suut,
951 2461 1011 2532 sed
1033 2462 1139 2532 etiam
1152 2460 1226 2553 ipsi
1238 2484 1264 2531 a
1277 2458 1372 2533 Petri

217 2573 280 2641 bns
303 2569 630 2659 (antecedentibus)
652 2571 833 2662 progressi
854 2594 973 2641 eorum
995 2571 1103 2641 verbo
1126 2576 1344 2661 usurparunt
1362 2592 1372 2633 ι

215 2679 390 2748 Athauss.
404 2679 447 2747 de
459 2677 592 2766 Synod.
606 2701 643 2747 u.
657 2677 715 2747 43.
730 2678 770 2748 Si
786 2700 870 2748 vero
884 2678 926 2748 de
943 2677 1132 2748 sententiis
1153 2675 1372 2767 singularius

217 2787 443 2879 quorumdam
464 2786 609 2855 Petrum
633 2787 828 2878 quaeritur,
854 2793 948 2857 oerte
971 2785 1028 2855 illi
1049 2807 1160 2877 neque
1183 2783 1372 2857 infallibilu

217 2901 314 2979 suut,
332 2916 442 2986 neque
465 2895 509 2963 ab
531 2917 651 2965 eorum
673 2896 881 2987 integritete
903 2894 1083 2965 dootriuso
1105 2894 1235 2984 pendet
1257 2890 1372 2963 sivein

217 3025 253 3073 se
276 3002 495 3093 perpetuitas
511 3010 546 3072 et
561 3004 761 3073 constantia
783 3002 997 3073 universalis
1015 3000 1220 3071 traditionis
1236 3001 1314 3071 sive
1326 2998 1372 3069 bs

216 3110 274 3179 ius
296 3109 557 3179 demonstratio.
583 3113 749 3181 Attamen
765 3110 803 3180 in
819 3110 981 3199 dogmate
1003 3106 1196 3178 christiano
1217 3105 1372 3179 huiusi:

217 3215 335 3301 dolis,
360 3216 455 3286 sieut
476 3224 533 3286 est
553 3218 726 3308 professio
747 3218 813 3289 Dei
837 3218 943 3287 unius
965 3222 1003 3286 et
1023 3216 1137 3303 trini,
1167 3215 1372 3287 dissereret

216 3324 388 3395 catholieo
411 3324 597 3395 intellectu
619 3333 657 3395 et
678 3325 899 3395 detorsio‘sd
922 3346 1062 3394 sensum
1077 3321 1372 3414 praeposterumir

216 3432 382 3503 Patribus
404 3433 511 3502 etism
534 3433 776 3522 singularibus
808 3432 949 3503 admitti
970 3454 1040 3502 non
1063 3437 1203 3521 potest,
1226 3431 1301 3501 nisi
1317 3427 1372 3503 eri

216 3541 339 3612 deuter
353 3540 624 3625 demonstretur,
641 3563 760 3610 eorum
776 3540 971 3611 doetrinam
991 3537 1091 3609 nullo
1106 3537 1206 3609 modo
1220 3532 1372 3629 pmbsbdl

216 3672 295 3721 oum
325 3648 500 3719 sententia
529 3648 704 3719 catholieo
733 3648 916 3719 consiliari
938 3670 1049 3739 posse.
1083 3645 1189 3715 Ratio
1212 3644 1320 3717 buius
1338 3664 1372 3715 re

217 3758 288 3829 sits
309 3764 365 3825 est
387 3756 424 3824 in
448 3755 536 3846 ipsis
558 3754 743 3846 principiis
764 3757 934 3839 Petrum,
959 3755 997 3825 in
1019 3775 1137 3823 eorum
1164 3752 1294 3823 unione
1315 3773 1372 3823 our

218 3861 389 3947 Eoolesia,
402 3863 440 3933 iu
452 3861 664 3932 auctoritate
677 3869 715 3932 et
731 3862 967 3946 veneratione,
985 3882 1053 3952 qua
1068 3865 1246 3951 tamquam
1259 3858 1372 3931 lamia

218 3968 465 4060 speotabontur
479 3970 524 4039 ab
545 3968 704 4039 Eoolesia
718 3971 808 4062 ipsa,
826 3969 865 4039 in
879 3968 1101 4052 eonnexione,
1119 3987 1190 4060 qus
1204 3964 1372 4039 Patresdi

221 4096 400 4147 versorum
412 4083 579 4162 aetatum,
594 4085 777 4171 soquentes
788 4100 866 4149 oum
879 4075 1179 4160 auteoedeutibus,
1193 4074 1372 4148 oobserent

218 4188 255 4254 et
276 4183 459 4273 speoiatim
474 4184 589 4278 quoad
602 4192 820 4275 praesentem
837 4183 1072 4276 quaestionem
1094 4182 1188 4253 ratio
1201 4188 1260 4252 ost
1273 4179 1372 4253 elaris

219 4289 308 4361 sius
328 4290 367 4363 iu
390 4292 467 4383 ipse
489 4299 619 4362 nature
641 4292 828 4382 dogmatis,
854 4291 945 4384 quod
959 4314 982 4361 a
995 4291 1196 4363 doctoribus
1210 4286 1372 4363 eathoboi

218 4398 378 4487 ignorari
393 4422 461 4473 noo
478 4399 607 4493 potuit,
624 4407 660 4469 et
676 4406 770 4471 osrte
786 4400 883 4471 iutra
906 4399 994 4471 fines
1008 4396 1188 4473 aomos
1209 4397 1247 4471 io
1270 4394 1372 4469 dissui
