3172 4950
700 375 738 389 -
760 343 819 404 531
842 375 880 389 -

202 450 298 537 ritu;
325 449 476 541 spiritus
497 451 589 519 enim
611 451 707 520 Deus
729 455 785 519 est
801 478 817 512 n
835 457 901 520 ete.
922 448 1053 539 Epiph.
1083 446 1195 514 uFilii
1211 447 1376 537 proprius

202 563 255 626 est
277 557 436 646 Spiritus
460 557 634 642 Sanctus,
661 558 722 648 qni
745 557 783 624 in
807 559 882 647 ipso
905 563 960 626 est
983 563 1020 625 et
1041 578 1084 624 ex
1108 555 1197 644 ipso,
1224 554 1317 623 sicut
1338 555 1375 623 id

201 662 421 752 intelligitur
451 662 557 733 etiam
587 663 630 732 de
659 663 731 731 Deo
761 668 797 732 et
827 663 932 730 Patre
960 690 976 724 n
1006 660 1180 750 cyrillus.
1213 659 1303 730 Vide
1325 659 1375 727 ibi

201 769 351 862 reliqua.

267 877 326 945 Ad
350 879 416 946 2¹¹⁰.
435 878 582 962 Quando
598 879 666 948 PP.
683 877 831 949 Nicaeni
854 878 1009 947 contenti
1033 900 1107 947 esse
1130 877 1295 946 volebant
1310 878 1376 946 hac

200 982 416 1069 definitione,
442 985 533 1076 qnod
556 985 673 1054 Filius
696 991 814 1054 estex
838 986 955 1064 Patre,
973 983 1102 1053 Ariani
1125 984 1161 1052 id
1185 1004 1248 1052 suo
1263 983 1376 1051 errori

199 1091 514 1177 accommodabant,
532 1113 606 1160 esse
621 1114 664 1160 ex
681 1093 786 1161 Patre
810 1092 946 1161 scilicet
967 1114 1027 1182 per
1044 1091 1264 1177 creationem;
1284 1089 1376 1158 unde

199 1199 243 1268 ad
280 1199 370 1267 hanc
404 1199 574 1268 haeresim
607 1199 856 1268 excludendam
890 1199 958 1267 PP.
999 1197 1270 1267 efficacissimam
1306 1198 1375 1265 for-

200 1305 331 1374 mulam
364 1307 565 1396 putebant,
600 1306 691 1399 quod
723 1305 840 1375 Filius
870 1312 988 1374 estex
1024 1305 1222 1374 substantia
1256 1303 1376 1372 Patris

200 1408 234 1477 ἐκ
259 1435 313 1485 της
333 1414 434 1485 ὀυσιας
458 1434 510 1476 του
535 1435 658 1505 carpos.
693 1413 751 1481 Ita
781 1412 917 1482 scilicet
948 1412 1121 1503 processio
1156 1409 1375 1499 intelligitur

198 1543 262 1610 per
285 1519 627 1589 communicationem
642 1519 824 1605 essentiae,
843 1527 879 1589 et
896 1519 1013 1588 Filius
1028 1518 1129 1587 Patri
1151 1517 1375 1586 consubstan-

199 1628 299 1696 tialis
321 1649 396 1696 esse
419 1627 574 1695 docetur.
600 1627 675 1694 Iam
699 1649 782 1697 vero
805 1627 896 1696 illud
920 1627 1034 1720 ipsum
1059 1627 1149 1719 quod
1172 1624 1300 1695 Ariani
1317 1626 1375 1695 do·

198 1737 325 1805 cebant
347 1735 388 1802 de
418 1734 537 1803 ordine
559 1734 648 1802 Filii
678 1735 724 1803 ad
747 1735 905 1820 Patrem,
932 1734 1093 1823 deinceps
1123 1733 1375 1802 Pueutomachi

198 1844 404 1933 repetebant
427 1842 469 1910 de
492 1842 612 1911 ordine
636 1842 792 1932 Spiritus
816 1842 938 1911 Sancti
961 1842 1005 1910 ad
1028 1842 1181 1926 Filium,
1207 1863 1281 1910 esse
1301 1840 1376 1909 sei-

197 1950 284 2020 licet
306 1949 478 2040 Spiritum
502 1949 669 2019 Sanctum
693 1971 714 2016 a
736 1949 830 2017 Filio
850 1955 889 2018 et
904 1973 965 2040 per
980 1949 1112 2018 Filium
1129 1948 1263 2018 actione
1280 1970 1373 2018 crea·

198 2057 301 2125 trice.
336 2056 394 2123 Ad
416 2055 562 2125 eundem
592 2078 676 2145 ergo
711 2079 860 2125 errorem
883 2057 1135 2125 excludendum
1159 2056 1223 2124 SS.
1249 2057 1374 2124 Patres

199 2164 320 2233 eadem
343 2162 494 2233 formula
517 2171 763 2253 expresserunt
784 2163 987 2232 relationem
1012 2163 1168 2254 Spiritus
1185 2163 1306 2232 Sancti
1330 2165 1375 2232 ad

199 2271 347 2356 Filium,
373 2293 443 2363 qua
466 2271 567 2340 Cone.
586 2271 776 2340 Nicaenum
801 2272 973 2361 expressit
994 2270 1198 2340 relationem
1220 2270 1309 2338 Filii
1332 2270 1376 2340 ad

200 2379 354 2447 Patrem.
381 2377 554 2468 Spiritum
578 2377 744 2447 Sanctum
768 2378 887 2470 itaque
903 2402 970 2447 non
987 2379 1098 2446 solnm
1121 2378 1288 2446 dixerunt
1303 2399 1377 2445 esse

202 2508 246 2554 ex
269 2484 375 2569 Filio,
402 2508 444 2553 ex
460 2486 564 2553 Patre
587 2491 623 2553 et
638 2485 743 2569 Filio,
770 2485 830 2553 sed
853 2486 897 2553 ad
921 2484 1165 2555 declarandam
1188 2483 1376 2574 processio·

196 2615 275 2660 nem
299 2615 361 2682 per
384 2592 726 2662 communicationem
751 2592 903 2661 eiusdem
926 2597 1075 2661 naturae
1091 2614 1132 2661 ac
1155 2589 1377 2661 substantiae

197 2699 446 2785 definiverunt,
465 2700 643 2790 Spiritum
666 2723 739 2769 esse
763 2724 804 2767 ec
826 2701 1023 2766 substantia
1038 2698 1144 2781 Filii,
1164 2723 1205 2766 ece
1222 2700 1377 2768 sudeton-

198 2809 252 2873 tio
283 2807 404 2874 Putris
432 2822 464 2873 et
487 2807 580 2875 Filii
603 2805 636 2870 ὲκ
653 2831 706 2881 της
734 2809 827 2880 dorne
855 2810 957 2879 ὀυσιας
972 2829 1083 2898 carpor
1099 2830 1151 2869 και
1168 2805 1244 2874 inv.
1285 2809 1376 2877 Vide

196 2913 237 2982 ll.
255 2937 306 2983 co.
326 2913 407 2982 Sine
431 2914 504 2982 nllo
531 2916 647 3004 igitur
681 2915 786 2984 dubio
809 2915 903 2984 sicut
925 2937 987 3005 per
1011 2914 1247 2985 definitionem
1271 2939 1373 3006 gene—

195 3021 345 3089 rationis
367 3020 455 3088 Filii
477 3044 519 3090 ex
543 3022 742 3092 substantia
777 3022 909 3107 Patris,
948 3022 1001 3089 ita
1024 3021 1200 3111 perhanc
1224 3023 1375 3092 alteram

195 3128 425 3219 processionis
449 3129 605 3220 Spiritus
640 3130 763 3199 Sancti
786 3153 827 3198 ex
851 3116 1049 3198 substantia
1080 3130 1198 3199 Patris
1229 3137 1267 3200 et
1288 3131 1377 3201 Filii

194 3234 405 3325 exprimitur
427 3240 502 3303 tum
533 3237 743 3326 principium
767 3236 858 3326 quod
881 3235 1047 3305 videlicet
1077 3259 1223 3327 persona
1246 3238 1378 3328 produ-

195 3364 275 3410 cens
299 3343 351 3427 (in
375 3341 600 3430 generatione
618 3343 738 3423 Pater,
763 3342 800 3409 in
824 3343 1016 3433 spiratione
1040 3344 1146 3413 Pater
1169 3351 1206 3414 et
1221 3345 1374 3433 Filius),

194 3455 270 3516 tum
295 3448 506 3538 principium
530 3474 595 3540 quo
621 3449 786 3519 videlicet
809 3451 960 3519 essentia
983 3448 1082 3532 ὸυσια,
1108 3452 1210 3521 cuius
1227 3476 1374 3523 commu·

195 3555 374 3623 nicatione
395 3561 449 3624 est
479 3561 554 3623 tum
587 3557 767 3645 generatio
794 3555 882 3624 Filii
918 3565 992 3624 tum
1032 3557 1180 3646 spiratio
1219 3558 1376 3648 Spiritus

193 3662 331 3731 Sancti.
359 3662 445 3731 Inde
475 3685 557 3732 vero
589 3663 709 3754 utique
738 3686 948 3754 consequens
971 3668 1047 3747 est,
1082 3670 1123 3732 ut
1147 3685 1253 3733 causa
1277 3666 1377 3736 velut

193 3768 355 3837 formalis
379 3791 448 3860 qua
470 3769 564 3837 Dens
587 3776 642 3837 est
665 3769 822 3860 Spiritus
847 3770 1019 3854 Sanctus,
1058 3770 1107 3837 sit
1136 3770 1284 3860 ipsamet
1306 3795 1378 3840 una

193 3882 326 3945 natura
347 3877 467 3946 Patris
490 3898 531 3944 ao
553 3876 653 3962 Filii,
680 3877 772 3968 quod
794 3874 1020 3965 exprimimus
1044 3877 1248 3946 confitentes
1264 3879 1376 3969 Spiri-

192 3991 271 4054 tum
296 3982 464 4052 Senctum
487 3984 588 4052 Patri
611 3989 646 4052 et
668 3982 762 4051 Filio
786 3982 1130 4052 consubstantialem.
1171 3985 1265 4074 Lege
1289 4007 1377 4078 quae

193 4090 351 4161 diximus
374 4091 416 4159 de
439 4089 642 4159 definitione
664 4090 820 4160 Nicaena
842 4113 876 4179 p.
896 4088 973 4156 117.
986 4113 1037 4182 sq.

258 4197 317 4265 Ad
341 4197 394 4263 3·ιηι
417 4197 665 4289 respondetur:
704 4202 741 4282 a)
774 4197 850 4266 illis
880 4196 1003 4269 iisdem
1035 4199 1216 4269 vocabulis
1250 4201 1376 4269 Patres

190 4308 346 4372 utuntur
368 4304 413 4372 ad
436 4304 693 4395 exprimendam
717 4311 793 4372 tum
816 4305 1073 4393 generationem
1103 4306 1190 4373 Filii
1217 4313 1293 4377 tum
1320 4328 1378 4375 ae-

190 4417 330 4480 ternam
353 4412 604 4502 processionem
630 4411 786 4501 Spiritus
818 4410 942 4480 Sancti
965 4436 1008 4481 ex
1030 4412 1148 4481 Patre.
1177 4441 1193 4476 a
1219 4412 1379 4504 Spiritus

1218 4541 1236 4576 θ
