3172 4950
1151 204 1165 233 Ο

648 354 686 368 -
706 322 767 384 299
789 355 827 369 ..

189 427 253 496 ibus
274 426 503 520 revelationis
530 428 717 496 secundum
748 424 974 496 traditionem
1005 429 1042 491 et
1064 422 1166 492 fidem
1189 428 1327 495 univcr-

189 535 478 605 alemintellectis
502 535 724 604 subiecerunt
737 541 782 633 ⁸et
804 558 846 604 ex
870 533 921 601 eis
945 530 1149 601 iudicarunt
1178 532 1328 623 philoso-

189 644 293 732 biam3
317 657 421 736 atque
444 667 513 713 non
543 665 625 714 raro
655 646 862 734 pracsertim
895 669 971 714 cum
1005 643 1199 736 gentilibus
1225 664 1328 732 egen·

189 773 218 820 aa
235 774 275 820 ex
305 753 534 843 praecognita
564 751 714 821 veritate
746 752 904 822 revelata
936 755 981 823 ad
1011 775 1149 823 sensum
1178 749 1329 841 aliquem

189 881 282 928 rernm
312 859 372 930 vel
401 859 675 930 tolerabiliorem
710 859 938 930 inflectebant
972 860 1128 931 theorias
1162 856 1329 949 quasdam

189 967 457 1060 dilosophornm.

632 1131 786 1202 CAPUT
809 1132 860 1202 11.

336 1284 379 1326 DE
398 1283 461 1327 NON
480 1283 710 1327 uenantum
729 1285 881 1328 mannaan
900 1285 942 1328 SS·
956 1282 1149 1326 summme.

620 1427 764 1488 THESiS
786 1429 873 1490 XIX.

288 1552 560 1631 Sepernataralr'a
581 1557 763 1616 eminentia
783 1555 934 1633 mysterii
954 1572 1022 1613 non
1044 1554 1194 1633 impedit,

229 1654 392 1728 quominus
412 1653 498 1712 illud
519 1656 686 1730 supposita
706 1656 905 1714 revelatione
926 1662 1080 1730 concepta
1101 1654 1273 1730 analopieo

574 1753 777 1830 apprehendi
793 1755 906 1830 possit.

229 1934 377 1999 «Quamvis
402 1940 462 1988 tum
485 1934 597 1988 veritas
622 1936 786 1987 existentiae
811 1934 868 2008 (an
891 1934 954 2006 sit)
978 1939 1038 1988 inm
1061 1936 1170 1989 veritas
1199 1938 1333 1990 essentiae

193 2022 280 2095 utquid
297 2024 356 2096 sit)
377 2028 407 2078 iu
430 2027 568 2093 mysterio
588 2026 636 2082 SS.
648 2026 805 2079 Trinitatis
825 2041 859 2078 ex
882 2025 969 2079 dictis
990 2027 1100 2079 censeri
1124 2025 1226 2080 debeat
1246 2042 1333 2096 snpra

193 2110 339 2168 alcmenam
351 2116 501 2183 rationem,
521 2115 710 2167 nihilominus
727 2115 878 2180 1⁰.e1flde
891 2116 1105 2181 praesupposita
1122 2117 1220 2183 quaeri
1239 2120 1334 2184 potest

193 2203 298 2271 vdiqnis
320 2206 487 2260 intellectus
511 2209 540 2259 et
559 2204 726 2259 distinctior
743 2207 881 2271 analogns
902 2211 1054 2274 conceptus
1077 2209 1211 2259 essentiae
1230 2212 1333 2274 myste-

192 2294 245 2360 rrii,
263 2297 330 2363 qaid
351 2297 399 2360 sit,-
422 2299 590 2366 pariterque
602 2301 639 2351 2⁰.
655 2314 690 2351 ex
713 2297 832 2351 «radice
846 2297 1007 2350 veritatis»
1030 2299 1159 2350 revelate
1178 2302 1208 2350 et
1225 2296 1334 2351 credita

193 2388 338 2448 »praemit
357 2390 453 2453 potest
472 2389 508 2441 ad
526 2389 654 2455 aliquam
675 2388 903 2454 intelligentiam
927 2387 1093 2440 existentiae
1113 2387 1267 2454 mysterii,
1285 2404 1334 2438 ear

193 2471 241 2526 ’ita
251 2477 294 2528 n't.
306 2476 387 2529 Unde
402 2477 471 2530 haec
480 2478 643 2531 intellectio
654 2482 683 2531 et
696 2477 903 2531 demonstratio
914 2478 1075 2544 tbeotops'ea
1089 2480 1134 2529 est
1147 2476 1332 2543 progrediens

194 2576 235 2616 ‘aa
250 2567 401 2633 principiis
420 2567 474 2619 tide
496 2566 617 2620 creditis
637 2569 732 2635 iisque
746 2573 807 2621 tota
824 2567 936 2634 innixa,
952 2583 1008 2620 non
1022 2570 1117 2620 autem
1131 2567 1331 2633 philosophica.

193 2666 233 2705 ἰι
249 2656 399 2723 principiis
418 2658 541 2711 rationis
560 2658 667 2710 lumine
688 2658 883 2726 perspectis.»

231 2812 259 2880 Ι.
274 2813 325 2882 Ut
347 2835 436 2905 quae
459 2815 554 2882 Deus
576 2815 676 2882 nobis
699 2813 856 2899 revelat,
883 2814 1055 2904 possimus
1077 2811 1145 2881 fide
1168 2813 1335 2903 explicita

188 2921 312 3006 auem,
327 2944 395 2989 non
419 2921 615 3013 requiritur
638 2922 776 3014 quidem
792 2945 908 2990 rerum
927 2921 1175 2990 credendarum
1187 2924 1335 3011 propria

188 3030 267 3110 atio,
284 3033 329 3097 nt
351 3029 389 3096 in
412 3051 448 3098 ae
471 3035 577 3116 sunt3
603 3034 757 3097 attamen
782 3028 920 3097 omnino
943 3028 1176 3097 necessarium
1198 3034 1253 3097 est
1275 3050 1335 3096 seu

187 3138 278 3206 oens
300 3136 338 3205 in
363 3137 439 3227 ipso
462 3143 543 3206 actu
565 3136 731 3227 explicite
755 3137 917 3206 credendi
933 3137 1144 3222 continetur,
1164 3136 1254 3228 quod
1271 3136 1335 3204 ali-

187 3258 264 3327 ,uam
285 3245 340 3313 rei
362 3245 516 3314 creditae
539 3244 664 3313 saltem
688 3244 872 3334 analogum
895 3244 1069 3312 notionem
1086 3243 1332 3333 concipiamus.

187 3344 236 3424 loc
256 3360 375 3434 autem
399 3352 686 3444 (praescindendo
709 3373 730 3420 a
754 3354 1037 3422 manifestatione
1067 3353 1120 3421 rei
1143 3375 1204 3442 per
1227 3352 1336 3421 intui·

187 3456 291 3531 ionem
315 3462 550 3530 immediatam
573 3467 610 3530 et
632 3462 669 3529 in
694 3484 730 3530 se
753 3461 842 3552 ipsa,
869 3461 929 3529 nbi
953 3461 1022 3528 iam
1046 3484 1114 3528 non
1137 3465 1230 3529 esset
1252 3461 1337 3528 fides

187 3569 223 3637 ed
243 3570 351 3654 visio)
374 3568 558 3660 peragitur
581 3569 793 3659 tripliciter,
820 3569 878 3638 vel
902 3568 1039 3638 scilicet
1069 3568 1142 3637 solo
1173 3589 1336 3658 superna·

187 3675 273 3745 mali
294 3676 426 3745 lumine
449 3676 686 3746 intellectuali
708 3698 770 3767 per
793 3675 890 3744 ideas
913 3683 948 3744 et
972 3674 1227 3745 intellectiones
1243 3675 1336 3742 iniu-

187 3802 241 3873 as·,
265 3785 322 3854 vel
343 3807 407 3876 per
426 3785 594 3856 visionem
618 3785 856 3876 propheticam
879 3785 1071 3852 exhibendo
1096 3784 1198 3873 signa
1221 3805 1337 3852 rerum

187 3892 256 3973 aive
275 3894 398 3979 realia,
425 3894 501 3963 sive
524 3892 693 3977 verbalia,
712 3893 788 3961 sive
810 3892 1028 3962 extrinsecus
1051 3892 1156 3960 etiam
1180 3892 1337 3961 sensibus

187 3998 246 4069 sive
265 4002 376 4071 solum
391 4001 605 4071 intrinsecus
622 4000 868 4089 imaginationi
885 4000 1134 4089 percipienda),
1154 4000 1339 4092 exquibus

187 4100 367 4180 lntadcctns
389 4111 454 4178 snb
477 4108 718 4177 illustratione
741 4107 864 4177 divina
887 4107 1100 4198 perducatur
1124 4108 1168 4177 ed
1186 4109 1337 4176 forman·

187 4210 238 4282 dos
259 4241 371 4289 rernm
395 4216 675 4306 significatarum
707 4223 893 4307 conceptus
924 4223 960 4285 et
984 4218 1028 4284 ad
1054 4217 1272 4285 formandum
1296 4217 1337 4285 de

190 4323 320 4396 venna
334 4326 519 4414 iudicium,
535 4326 593 4395 vel
610 4325 758 4418 deniqne
774 4327 818 4393 ab
833 4325 908 4416 ipso
923 4325 996 4394 Deo
1012 4325 1126 4394 Verbo
1141 4325 1335 4404 incarnato,

197 4429 391 4511 quietistens
410 4435 448 4502 in
461 4437 542 4502 sinu
554 4434 673 4504 Patria
688 4434 778 4526 qnod
793 4434 901 4520 videt,
917 4433 982 4503 hoc
997 4439 1151 4503 testatur
1168 4430 1336 4518 (10.1.1e;
