3172 4950
563 151 601 164 -
623 117 684 178 537
705 150 743 164 ..

64 249 143 294 rum
165 226 256 311 Dei,
283 225 454 316 Spiritum
479 224 647 294 Sanctum
671 222 856 313 procedere
879 222 984 291 etiam
1008 243 1029 289 s
1057 221 1151 291 Filio
1186 222 1238 291 in·

62 333 220 403 trinseca
242 331 403 401 absoluta
425 331 633 401 necessitate
656 336 692 399 et
713 329 893 419 exigentia
907 334 1056 398 naturae
1077 349 1118 397 ao
1142 329 1238 399 vitae

60 439 225 528 divinae;
251 440 419 531 procedit,
446 440 599 531 inquam,
627 437 785 527 Spiritus
798 437 949 505 Sanctus
972 436 1078 505 etiam
1101 459 1123 504 a
1144 437 1239 505 Filio

60 546 185 614 eadem
207 547 436 630 necessitate,
463 567 532 636 qus
562 543 688 613 existit
710 543 806 633 ipse,
841 565 910 635 que
939 542 1065 611 existit
1093 542 1235 628 Filius,

60 673 134 743 qua
156 651 281 721 existit
303 654 432 737 Pater,
459 674 529 744 qua
552 652 646 720 Deus
670 665 718 717 est
742 652 804 741 qai
836 662 896 716 est.
922 650 997 718 Hoc
1027 672 1110 740 ergo
1134 673 1238 720 sensu

60 761 107 828 ad
133 760 368 852 quaestionem
385 759 599 850 propositam
616 757 892 848 respondendum
910 762 1012 827 esset:
1032 781 1074 826 ex
1088 759 1239 828 absurdo

62 866 229 958 sequitur
251 867 465 953 absurdum,
492 866 523 934 si
547 865 703 956 Spiritus
727 865 879 934 Sanctus
901 886 969 941 uon
992 866 1196 954 procederet
1216 889 1238 933 s

62 976 182 1060 Filio,
208 980 319 1067 nequ‘e
342 976 532 1062 existerat;
558 974 626 1043 imo
649 997 760 1067 neque
790 973 959 1043 existeret
987 973 1129 1059 Filius,
1155 975 1239 1067 quia

63 1082 219 1150 Verbum
242 1083 360 1151 eadem
383 1081 592 1151 necessitate
614 1086 668 1149 est
691 1080 829 1170 spirans
854 1079 1026 1170 Spiritum
1050 1081 1231 1165 Sanctum,

64 1212 135 1282 qua
147 1190 303 1260 Verbum
320 1195 386 1277 est;
401 1191 483 1258 etsi
500 1213 568 1258 non
586 1189 1061 1281 spirat,uequeestVerbum.
1073 1189 1169 1258 Idem
1185 1190 1236 1258 di·

63 1299 210 1367 cendum
235 1299 276 1367 de
298 1300 422 1383 Patre,
449 1298 510 1390 qni
534 1305 680 1387 generat
699 1299 852 1367 Verbum
869 1297 1151 1367 communicando
1164 1298 1236 1367 vim

65 1405 298 1495 spiratricem,
324 1412 361 1476 et
382 1429 451 1474 non
473 1405 544 1474 nisi
568 1430 645 1475 cum
669 1406 784 1474 Verbo
812 1411 867 1474 est
898 1428 1004 1474 uuum
1028 1405 1237 1499 principium

65 1513 224 1604 Spiritus
247 1513 369 1583 Sancti
394 1514 511 1583 eadem
534 1515 766 1599 necessitate,
793 1535 861 1604 qus
888 1514 993 1581 Pater
1016 1517 1081 1581 est.
1107 1513 1149 1581 In
1172 1512 1237 1583 hoc

64 1643 148 1711 ergo
173 1644 301 1707 sensu,
327 1622 427 1690 nulla
450 1622 602 1712 amplius
625 1626 740 1710 posset
762 1643 836 1689 esse
860 1621 1017 1712 quaestio
1035 1620 1077 1688 de
1092 1620 1238 1690 distinc-

67 1730 162 1798 tione
186 1729 345 1819 Spiritus
368 1730 490 1798 Sancti
514 1752 536 1797 a
557 1728 671 1814 Filio,
690 1730 748 1798 sed
769 1734 936 1797 «mutata
950 1727 1099 1798 eutitate
1115 1729 1238 1798 divina

65 1842 261 1929 sequuntur
285 1836 559 1905 contradictoria
583 1837 719 1920 omnia,
745 1843 782 1905 et
803 1836 979 1905 evertitur
1011 1836 1123 1904 omnis
1154 1836 1237 1905 ordo

65 1967 185 2014 rerum
199 1971 230 2030 n,
256 1950 298 2013 ut
319 1944 478 2036 loquitur
500 1944 742 2013 Pallavicinus
766 1945 805 2031 (l.
821 1944 924 2013 VIII.
944 1968 974 2013 c.
993 1944 1049 2012 60.
1066 1967 1101 2012 n.
1124 1945 1233 2031 449.).

65 2049 123 2120 Sic
147 2056 357 2141 acceperunt
379 2051 468 2119 banc
492 2051 727 2143 quaestionem
750 2050 806 2118 illi
830 2056 966 2120 veteres
981 2048 1149 2138 theologi,
1175 2050 1236 2140 qui

64 2179 140 2226 eam
158 2163 267 2226 totam
292 2158 452 2227 inutilem
475 2163 512 2227 et
532 2159 718 2227 absurdam
741 2180 815 2226 esse
838 2163 1019 2247 putarunt.

132 2266 184 2333 At
207 2271 321 2334 status
345 2265 559 2357 quaestionis
582 2272 637 2334 est
659 2266 761 2354 longe
785 2264 1138 2334 diversusPhotiani
1158 2287 1234 2332 cum

62 2372 258 2442 Catholicis
281 2374 527 2459 consentiunt,
555 2374 726 2465 Spiritum
751 2374 918 2443 Sanctum
942 2373 1087 2442 realiter
1109 2373 1235 2441 distin·

62 2479 128 2569 gui
153 2501 174 2547 s
195 2479 309 2564 Filio,
336 2481 394 2549 sed
417 2488 549 2569 negant
565 2479 749 2571 procedere
772 2502 793 2546 a
816 2478 922 2566 Fili03
938 2479 1069 2570 hocque
1092 2478 1167 2569 ipso
1183 2480 1235 2547 ef·

62 2587 231 2671 firmant,
256 2595 395 2678 praeter
418 2589 621 2657 relationem
645 2588 795 2677 originis
818 2587 924 2656 unius
938 2607 1103 2677 personae
1127 2589 1170 2654 ab
1185 2584 1235 2652 al-

60 2699 141 2761 tera
163 2694 415 2763 admittendam
438 2717 512 2763 esse
536 2695 573 2762 in
597 2694 730 2763 divinis
752 2694 857 2763 aliam
890 2695 1060 2763 rationem
1090 2694 1235 2762 distinc-

62 2801 174 2869 tionis
196 2801 304 2870 realis
326 2802 420 2871 inter
442 2803 530 2872 duas
553 2823 729 2892 personas,
744 2801 922 2871 diversum
940 2801 1077 2871 scilicet
1099 2801 1235 2869 modum

62 2908 317 2999 processionis,
344 2909 458 3002 quod,
484 2910 569 2979 licet
584 2917 734 3002 utraque
757 2931 904 3000 persona
927 2908 1093 3000 procedat
1118 2931 1140 2976 a
1162 2907 1236 2977 solo

61 3017 193 3101 Patre,
219 3038 290 3085 una
311 3025 427 3086 tamen
449 3019 608 3108 procedit
630 3017 853 3107 generatione
883 3024 924 3087 ut
953 3017 1089 3103 Filius,
1122 3017 1236 3086 altera

62 3123 258 3214 spiratione
283 3130 324 3192 ut
346 3124 503 3214 Spiritus
526 3125 689 3193 Sanctus.
706 3124 898 3207 Quaeritur
921 3147 1017 3213 ergo,
1043 3130 1163 3195 utrum
1179 3123 1237 3193 vel

61 3231 262 3300 immediate
285 3254 327 3301 ex
351 3232 564 3301 revelatione
587 3233 819 3302 demonstrari
835 3232 892 3302 vel
909 3255 950 3301 ex
974 3233 1032 3317 iis,
1058 3239 1235 3323 quactum

61 3337 202 3407 ratione
225 3338 267 3407 de
291 3336 363 3406 Deo
386 3338 566 3407 evidenter
590 3338 825 3428 intelligimus
848 3345 924 3406 tum
956 3338 1170 3407 revelatione
1193 3338 1236 3406 de

61 3444 222 3536 personis
244 3444 378 3514 divinis
401 3446 634 3531 innotescunt,
650 3470 727 3515 cum
751 3445 962 3515 certitudine
978 3445 1103 3513 deduci
1115 3449 1233 3535 queat,

60 3552 198 3620 nullam
222 3552 259 3620 in
282 3554 353 3622 Deo
377 3576 451 3623 esse
475 3554 734 3623 distinctionem
758 3553 886 3622 realem
916 3553 986 3620 nisi
1010 3575 1072 3642 per
1095 3552 1235 3620 relatio·
1305 3586 1309 3594 ·

59 3684 140 3730 nem
164 3660 337 3749 originis,
363 3682 431 3753 qua
447 3660 588 3729 divinas
611 3683 777 3751 personae
792 3661 937 3730 realiter
952 3659 1142 3730 distinctae
1158 3682 1235 3729 con·

60 3769 277 3838 stituuntur.
291 3769 366 3837 Hoc
388 3768 420 3838 si
443 3769 676 3838 demonstrari
698 3774 837 3859 potest,
865 3790 950 3840 vera
972 3769 1042 3838 erit
1065 3768 1184 3836 illatio
1199 3774 1237 3837 et

59 3876 208 3947 evidens
239 3875 505 3969 consequentia:
531 3875 688 3965 Spiritus
712 3875 864 3946 Sanctus
888 3883 942 3945 est
967 3897 1115 3966 persona
1131 3875 1235 3944 raali-

61 3991 119 4053 ter
142 3983 312 4053 distincta
334 4007 402 4052 non
425 3983 537 4052 solum
560 4005 582 4050 a
604 3984 710 4052 Patre
734 3985 794 4052 sed
817 3985 923 4053 etiam
955 3984 1116 4068 aFilio,
1150 4005 1235 4072 ergo

62 4090 243 4183 (quoniam
265 4091 383 4160 Filius
406 4115 474 4159 non
497 4090 656 4181 procedit
671 4090 845 4182 aSpiritu
862 4091 991 4161 Sancto
1007 4089 1167 4158 omuibus
1183 4092 1234 4159 fa·

60 4196 224 4267 tentibus
246 4203 285 4267 et
306 4197 409 4269 iuxta
439 4195 669 4267 oeconomiam
700 4196 763 4267 SS.
788 4196 980 4266 Trinitatis
1008 4195 1233 4267 intrinsecam
