3172 4950
657 374 695 391 ..
715 342 775 406 501
795 375 834 393 -

170 453 316 534 roratur,
333 452 371 518 et
384 447 525 519 tertiam
548 469 635 541 quae
657 449 797 518 nonnisi
819 449 998 540 supposito
1019 449 1113 520 Filio
1135 459 1236 523 etex
1258 454 1324 524 Pa·

170 564 214 627 tre
242 579 306 649 per
328 555 460 625 Filium
484 557 660 647 procedit;
687 556 804 649 sicque
825 557 894 625 PP.
908 557 1020 643 aiunt,
1049 581 1150 626 cnon
1171 560 1325 630 Verbum

170 687 220 758 per
242 662 417 755 Spiritum
439 664 498 733 sed
523 663 694 753 Spiritum
726 686 787 753 per
817 663 970 734 Verbum
999 664 1100 734 Patri
1135 667 1323 757 coniungi,

170 771 243 865 luia
266 793 288 839 a
309 769 404 839 Filio
427 770 558 860 accipit
574 798 591 832 n
616 768 788 839 Athenas.
804 776 914 841 contr.
929 771 1054 840 Ariau.
1068 794 1118 839 or.
1132 772 1202 840 ΙΠ.
1212 797 1248 841 n.
1266 773 1323 843 24.

170 878 200 947 ti
223 899 307 946 vero
327 876 568 945 consideratur
591 898 662 944 uua
683 876 830 967 spiratio
853 878 1041 946 communis
1052 877 1151 946 Patri
1165 885 1202 948 et
1215 878 1321 965 Filio,

170 1008 224 1054 reu
246 1006 319 1053 una
341 985 459 1056 Patris
481 985 525 1054 ad
537 985 681 1070 Filium,
697 985 785 1053 Filii
800 985 844 1052 ad
860 987 1001 1054 Patrem
1024 991 1146 1054 mutua
1170 986 1324 1071 dileetio,

170 1091 263 1162 ruins
284 1090 456 1161 terminus
475 1092 686 1161 intrinsecus
700 1092 891 1183 productus
913 1097 967 1160 est
990 1092 1144 1182 Spiritus
1161 1092 1324 1162 Sanetus:

170 1221 257 1268 rmor
273 1198 467 1269 subsistens
479 1220 519 1269 ao
535 1199 690 1291 Spiritus
707 1199 858 1268 Sanctus
869 1204 983 1288 potest
995 1198 1065 1268 dici
1077 1205 1113 1267 et
1127 1198 1325 1269 aPatribus

170 1306 294 1375 licitur
307 1304 435 1373 medias
456 1306 547 1376 inter
562 1307 701 1376 Patrem
715 1304 904 1390 etlilium,
927 1305 1109 1397 eodemque
1125 1329 1228 1375 sensu
1240 1307 1326 1376 diui·

170 1438 221 1483 :ur
232 1412 483 1504 abAugustino
498 1417 642 1481 ueniter
654 1415 847 1481 amborum»
859 1419 980 1502 (supra
992 1438 1025 1503 p.
1038 1413 1147 1499 391.),
1162 1435 1184 1481 a
1196 1414 1232 1482 S.
1243 1415 1328 1483 Ber-

170 1520 272 1590 rardo
287 1521 454 1588 uouendum
470 1543 636 1589 commane
646 1520 765 1591 Patris
780 1526 816 1589 et
822 1519 921 1604 Filii,
932 1519 1228 1609 imperturbabilis
1235 1544 1325 1609 pan,

170 1628 283 1715 placen
299 1628 468 1696 firmumn
493 1634 560 1699 etc.
586 1634 708 1718 (supra
729 1651 764 1718 p.
776 1627 883 1714 388.),
909 1632 946 1696 et
971 1627 1091 1719 «quod
1113 1628 1157 1695 ab
1179 1632 1327 1718 utroque

170 1733 338 1825 procedat,
352 1734 593 1804 indissolubile
615 1736 786 1803 vinculum
802 1733 990 1805 Trinitatis
1008 1761 1024 1796 n
1051 1734 1088 1804 S.
1104 1734 1274 1803 Beruard.
1289 1735 1327 1803 in

170 1841 301 1910 Pentec.
320 1865 422 1911 serm.
441 1843 474 1911 3.
486 1867 521 1912 n.
534 1844 568 1911 2.

227 1946 337 2015 11.1n
359 1947 546 2037 Scriptura
561 1954 598 2018 et
611 1949 776 2018 Patribus
792 1947 1005 2038 multiplicia
1019 1953 1102 2018 suut
1112 1949 1252 2018 nomina
1267 1947 1327 2017 Fi·

170 2052 206 2121 lii
226 2051 294 2121 Dei
316 2053 468 2122 relativa
490 2054 535 2123 ad
557 2055 707 2138 Patrem,
734 2055 860 2145 quibus
883 2054 1014 2124 directe
1038 2055 1176 2147 quidem
1193 2055 1328 2144 signifi·

170 2165 265 2229 ratur
276 2159 353 2228 eius
368 2161 466 2251 origo
481 2162 620 2231 aPatre
635 2167 670 2230 et
685 2161 952 2251 adsignificatur
967 2162 1088 2231 modus
1105 2162 1254 2251 originis
1267 2184 1328 2254 per

170 2267 438 2357 generationem:
456 2269 507 2337 sic
523 2267 654 2337 dicitur
671 2269 823 2351 Verbum,
840 2271 1034 2359 Sapientia,
1053 2272 1173 2360 fipura
1198 2263 1329 2360 (χαρακ-

170 2371 251 2466 τηΡ),
267 2378 395 2463 imapo,
412 2377 534 2457 virtus,
552 2374 711 2463 splendor
736 2374 852 2443 Patris
875 2381 941 2446 etc.
968 2375 1059 2444 Sunt
1080 2375 1218 2443 nomina
1241 2375 1327 2461 alia,

170 2483 292 2575 quibus
316 2482 447 2551 directe
469 2487 505 2550 ee
526 2504 685 2571 expresse
714 2481 934 2572 significatur
957 2483 1077 2551 modus
1101 2481 1330 2573 processionis

170 2612 226 2681 per
249 2590 529 2679 generationem,
561 2595 602 2658 ut
631 2589 709 2680 ipsa
737 2589 875 2658 nomina
898 2590 1033 2671 Filius,
1056 2591 1233 2678 pancratio
1260 2596 1327 2658 eto.

170 2696 239 2765 [am
252 2718 336 2766 vero
346 2695 465 2785 priora
480 2695 548 2765 illa
569 2695 685 2764 omnia
706 2698 970 2765 transferuntur
992 2718 1014 2764 a
1035 2695 1199 2766 Patribus
1221 2695 1330 2763 uomi-

170 2803 278 2872 uatim
301 2802 436 2893 graecis
451 2802 494 2872 ad
517 2804 781 2894 significandam
804 2804 1006 2872 relationem
1030 2802 1185 2892 Spiritus
1208 2801 1330 2871 Sancti

170 2909 208 2978 ad
224 2909 370 2994 Filium,
389 2909 449 2978 ubi
465 2911 688 2980 manifestum
703 2916 757 2978 est
771 2916 808 2980 et
821 2932 842 2977 a
855 2910 1021 2978 Patribus
1036 2908 1123 2998 ipsis
1138 2908 1327 2991 indicatur,

170 3015 313 3084 retineri
328 3015 439 3084 solum
462 3015 753 3105 significationem
764 3015 932 3085 directam
955 3015 1105 3102 oripinic
1119 3013 1270 3103 seposita
1284 3012 1330 3080 si-

170 3120 392 3212 gnificatione
414 3119 507 3187 modi
523 3124 682 3211 eripieris.
710 3119 810 3203 Quod
833 3120 916 3212 quia
938 3120 977 3187 iu
998 3118 1194 3187 nominibus
1217 3117 1332 3187 altero

170 3229 240 3299 loco
264 3228 464 3296 memoratis
488 3227 566 3297 fieri
587 3227 725 3319 nequit,
750 3226 827 3295 ideo
843 3232 984 3297 manent
997 3225 1142 3316 propria
1154 3225 1265 3295 solius
1281 3248 1333 3294 se·

170 3335 301 3406 eundae
315 3356 481 3425 personae
503 3338 655 3424 penitae,
672 3340 709 3403 et
722 3356 909 3426 numquam
924 3339 1141 3426 usurpantur
1157 3333 1202 3402 ad
1218 3331 1333 3424 expri-

170 3441 325 3513 mendam
337 3441 541 3511 relationem
564 3440 720 3534 Spiritus
743 3441 876 3510 Sancti.

233 3547 279 3615 1·.
304 3538 438 3615 Docent
458 3547 581 3616 Patres
595 3546 695 3616 velut
708 3547 921 3637 principium
938 3546 1110 3636 generale:
1132 3545 1264 3614 «telem
1280 3564 1332 3610 or·

170 3655 284 3725 dinem
306 3658 343 3722 et
364 3653 470 3724 talem
492 3660 655 3723 naturam
677 3652 783 3723 habet
806 3653 962 3744 Spiritus
977 3654 1021 3721 ad
1035 3653 1180 3737 Filium,
1195 3651 1335 3743 qualem

170 3760 274 3829 babet
283 3759 400 3829 Filius
417 3761 461 3829 ad
472 3761 613 3829 Patrem
628 3788 644 3823 n
659 3763 709 3848 (1)
722 3759 895 3829 Athenas.
910 3782 963 3849 ep.
978 3759 1009 3827 Ι.
1023 3759 1067 3826 ad
1081 3758 1200 3847 Serap.
1212 3782 1247 3825 n.
1259 3755 1331 3844 21.;

170 3866 280 3936 Basil.
308 3872 420 3936 contr.
445 3867 593 3937 Eunom.
619 3868 644 3935 l.
671 3868 715 3938 V.
742 3868 784 3936 Τ.
808 3868 840 3936 Ι.
868 3891 902 3957 p.
925 3867 1003 3935 304.
1038 3867 1225 3958 Speciatim
1248 3867 1279 3934 2·
1303 3864 1336 3934 si

170 3971 345 4063 excipias,
371 3979 412 4042 ub
434 3974 528 4061 dixi,
553 3997 674 4044 nomen
697 3974 833 4057 Filiae,
854 3977 1012 4063 penitae,
1036 3977 1236 4065 acipenitaa
1258 3996 1335 4064 pro·

170 4080 286 4170 prium
308 4080 479 4152 secundae
500 4102 667 4173 personas
682 4104 724 4151 ex
736 4080 907 4172 peculiari
918 4082 1016 4153 modo
1028 4082 1257 4173 processionis
1272 4104 1335 4172 per

330 4263 412 4303 αυτην
434 4249 461 4299 tr
482 4246 554 4311 ταξιν
577 4266 621 4300 και
642 4258 720 4317 φυσιν
741 4241 850 4318 ἔχοντος
875 4266 921 4300 του
942 4266 1095 4319 πνευματος
1116 4266 1180 4319 προς
1201 4265 1244 4298 τον
1267 4244 1335 4309 uber,

274 4354 315 4391 cro
345 4329 358 4387 i
382 4353 464 4388 eruo
496 4355 539 4388 τον
556 4355 661 4408 tarega
674 4333 782 4391 Athen.
799 4335 838 4391 ὅτι
858 4335 891 4400 df
905 4336 960 4401 ὑιος
973 4357 1035 4410 προς
1054 4356 1156 4408 πατιρα
1175 4330 1242 4406 ἔχει,
1255 4332 1334 4395 turer
