3172 4950
675 361 712 376 -
738 331 795 391 149
819 362 857 375 -

213 434 323 506 nbm
348 434 420 516 Qui
444 455 526 504 vere
549 443 747 525 repugnat,
774 441 908 502 utnon
939 433 1063 503 oredst
1086 440 1123 501 et
1142 431 1354 521 profitentur

212 540 312 610 Filium
333 541 399 610 Dei
420 541 532 609 Deum
555 563 630 610 esse
653 547 734 609 aute
758 540 1043 609 constitutionem
1066 538 1207 622 mundi,
1235 537 1354 607 diosus

207 647 271 719 dnos
290 649 495 718 aununtisri
517 649 620 733 Deos,
638 649 670 718 si
684 648 802 718 Filius
817 647 883 716 Dei
898 649 993 717 Deus
1004 645 1239 737 praedicetur,
1257 643 1351 713 huno

207 756 377 827 iudicemus
392 756 545 827 alienum
560 758 605 825 ab
621 755 858 827 eoelesiestios
872 755 998 845 regula
1021 751 1085 844 (του
1099 750 1355 834 iustumne-mon

207 859 326 955 mm),
353 871 394 934 et
416 886 533 934 omnes
556 863 748 934 ostholioae
778 862 957 932 Ecclesiae
988 861 1214 932 uouseutinut
1241 859 1355 927 uobis·

205 994 263 1043 oun
276 1001 293 1036 ι
317 971 443 1043 Collet.
458 971 589 1042 Uonoil.
602 972 730 1042 Mausi.
748 972 779 1041 1.
792 996 828 1062 p.
845 971 952 1060 1033;
977 971 1065 1062 Opp.
1083 970 1230 1058 Dionys.
1249 967 1352 1038 Alex.
1446 996 1450 1004 ·

204 1079 524 1171 eddeltngistrisp.
536 1082 615 1149 280.
626 1079 853 1172 seq.;Ronth.
863 1079 1046 1171 Reliquiae
1055 1101 1145 1148 saer.
1155 1077 1224 1146 111.
1235 1075 1353 1167 paee.

253 1188 328 1261 Non
362 1190 479 1259 miuus
511 1188 692 1259 luculenta
727 1195 782 1258 est
814 1187 1007 1258 declaratio
1040 1185 1192 1276 symboli
1228 1184 1356 1254 divini·

205 1304 249 1367 ns
264 1295 393 1369 traditi
416 1297 453 1366 S.
470 1296 643 1386 Gregorio
667 1296 954 1385 rthaumaturgo,
981 1294 1042 1385 qni
1066 1321 1085 1358 s
1101 1292 1251 1362 maxime
1275 1292 1357 1361 emi·

203 1404 319 1477 sbt-
345 1404 441 1475 inter
474 1404 667 1494 Episcopus
701 1410 825 1473 ooutre
859 1403 1122 1472 samosatenum
1155 1405 1357 1492 pugnantes

203 1508 670 1597 (sustH.E.V11.·e.ae).
698 1539 716 1575 s
733 1510 834 1579 Unus
855 1510 951 1579 Deus
974 1509 1079 1579 Pater
1101 1508 1210 1578 Verbi
1232 1507 1354 1578 viven-

205 1616 473 1708 insapientiae
495 1617 719 1687 subsistentis
741 1616 857 1711 (neptae
872 1613 1102 1711 ύφεστωσης)...
1121 1618 1220 1686 Unus
1242 1616 1358 1685 Domi·

206 1746 263 1811 nus,
279 1726 376 1797 solus
398 1748 441 1794 ex
464 1725 549 1811 solo,
568 1725 662 1794 Deus
674 1747 721 1794 ex
738 1726 852 1795 Deo...
873 1726 1067 1795 invisibilis
1081 1750 1125 1795 en
1140 1722 1355 1794 invisibili...

207 1831 285 1906 Unus
307 1834 466 1924 Spiritus
500 1833 651 1903 Sanetus
683 1857 726 1903 ex
757 1834 829 1904 Deo
864 1835 1127 1904 subsistentiam
1161 1833 1292 1903 hebens
1323 1839 1360 1901 et

206 1963 252 2030 per
269 1941 402 2013 Filium
423 1942 611 2031 effulgens,
637 1942 803 2012 videlieet
825 1942 1023 2012 hominibus
1046 1942 1108 2030 (1);
1135 1942 1250 2032 imago
1272 1939 1360 2009 Filii

207 2051 342 2140 pertenta
360 2052 525 2140 'perfectu
542 2049 630 2135 vita,
649 2050 847 2120 viventium
864 2071 981 2136 musa,
1000 2053 1078 2121 fons
1093 2056 1248 2136 sanetus,
1263 2069 1359 2118 sauo-

207 2157 292 2243 ssu.
316 2158 607 2228 esnotifioetionie
629 2166 772 2247 suctor3
796 2160 835 2228 iu
858 2184 925 2253 qno
949 2160 1102 2252 (Spiritu
1125 2160 1267 2246 Seueto)
1291 2179 1360 2226 rna-

207 2267 379 2338 uitsstatur
399 2268 496 2338 Deus
519 2269 638 2355 Peter,
661 2270 726 2362 qui
747 2292 853 2359 super
875 2269 990 2338 omnia
1012 2269 1108 2339 etin
1130 2268 1302 2352 omnibus,
1327 2273 1362 2334 et

209 2372 283 2445 Ibus
304 2375 434 2462 Pilius,
460 2377 522 2469 qni
545 2399 607 2466 per
630 2377 756 2465 omnis3
782 2377 942 2446 Trinitas
963 2378 1143 2468 perferte,
1170 2396 1258 2466 qnae
1280 2373 1362 2463 glo-

209 2480 248 2551 ris
265 2490 301 2554 et
322 2483 533 2554 aeternitate
555 2489 592 2553 et
613 2505 721 2573 regno
744 2507 813 2552 non
846 2483 1022 2554 dividitur
1051 2504 1114 2552 neo
1139 2481 1360 2550 alienatur...

206 2587 486 2662 iaoommntsbilis
519 2597 556 2662 et
589 2591 812 2662 inveniabilis
847 2614 981 2685 semper
1014 2592 1131 2662 eadem
1167 2588 1327 2659 Trinitas
1344 2615 1361 2650 r

211 2694 372 2780 (dullaud.
389 2698 459 2769 ΠΙ.
479 2720 514 2789 p.
532 2698 612 2767 385.
627 2699 725 2786 447).

258 2804 301 2876 θ’.
318 2806 421 2877 Hane
443 2805 545 2875 fidem
567 2805 605 2875 in
629 2828 736 2875 nuum
749 2806 953 2900 Deum,'qui
975 2807 1025 2876 sit
1038 2805 1196 2874 Trinitas
1217 2802 1255 2872 in
1278 2826 1364 2895 per-

213 2914 298 3000 mis,
320 2936 392 2983 nou
414 2914 460 2982 ad
484 2914 744 3004 profundiorem
773 2914 883 2984 solum
907 2922 943 2984 et
965 2914 1189 2985 omultiorem
1211 2911 1364 3004 aliquam

213 3015 404 3112 theologiam
427 3021 487 3091 sed
508 3022 555 3091 ad
577 3022 825 3112 professionem
848 3022 1006 3092 omnibus
1030 3021 1191 3091 fidelibus
1215 3042 1364 3090 eommu-

214 3144 272 3197 »ιιι
291 3149 426 3220 semper
448 3128 670 3218 pertinuisse,
696 3135 856 3199 eoustere
878 3135 992 3219 potest
1012 3151 1056 3197 ex
1080 3126 1250 3218 symbolo,
1274 3126 1364 3220 qnod

215 3229 487 3306 buotenhesibue
517 3236 785 3325 deolarabetur3
803 3259 846 3307 ex
875 3236 953 3328 ipse
977 3238 1088 3306 forms
1110 3235 1299 3327 bsptismi;
1321 3256 1365 3329 pr

215 3337 391 3434 doxologis,
409 3366 479 3437 que
494 3342 575 3414 inde
590 3345 634 3412 sb
657 3365 743 3415 aevo
758 3345 949 3436 apostolioo
965 3345 1186 3414 deferebatur
1203 3363 1272 3411 uua
1287 3343 1367 3412 edo·

216 3449 298 3537 noo,
322 3472 395 3521 nna
421 3479 438 3515 s
457 3451 572 3541 gloria
594 3451 696 3521 Petri
718 3458 754 3522 et
775 3451 869 3521 Filio
885 3458 921 3522 et
937 3451 1090 3543 Spiritui
1108 3451 1236 3520 Sancto
1252 3477 1284 3535 n,
1310 3447 1367 3518 vel

218 3557 341 3656 ‘gloria
355 3559 458 3629 Patri
480 3566 517 3629 et
538 3557 632 3630 Filio
648 3582 726 3629 eum
749 3559 878 3629 Ssneto
893 3559 1051 3650 spiritu»
1077 3564 1144 3630 ete.
1160 3559 1260 3628 Hane
1276 3557 1366 3626 enim

217 3661 465 3749 abstentionis
487 3673 524 3737 et
543 3666 706 3758 publiose
728 3666 956 3758 professionis
978 3666 1165 3736 termulam
1186 3688 1231 3734 ex
1254 3663 1365 3734 tradi·

219 3767 288 3843 tione
303 3773 497 3866 apostoliea
510 3776 700 3864 profectam
715 3797 803 3860 esse,
822 3773 946 3843 multis
963 3774 1117 3844 ostendit
1141 3773 1177 3842 S.
1196 3770 1365 3858 Basilius,

221 3899 335 3971 ‘quam
358 3883 421 3975 qni
442 3883 487 3952 ab
499 3881 606 3953 initio
621 3884 925 3975 praescripserunt
938 3882 1232 3974 tradideruntque
1255 3886 1369 3971 poste-

221 3982 265 4071 u,
276 4013 339 4062 usu
354 3989 462 4063 sinul
475 4012 556 4061 oum
570 3996 724 4084 tempore
746 4013 880 4083 semper
892 3991 1136 4084 progrediente
1150 4011 1214 4083 per
1230 3989 1369 4080 longam

273 4263 310 4341 (1)
327 4269 379 4322 Kar
392 4269 437 4321 dra
452 4265 508 4322 boo
528 4278 651 4337 πεφηνος,
669 4269 770 4324 driade
785 4284 840 4327 τοις
860 4263 1016 4340 indensem.
1029 4265 1088 4319 Hot
1099 4224 1220 4319 inrisum
1240 4261 1369 4316 ultimum

225 4355 315 4410 turm
330 4355 449 4412 videtur
467 4355 600 4412 Grseeuli
618 4354 787 4425 posterioris
801 4355 924 4410 alieuius
938 4356 1088 4424 &torrens
1103 4358 1180 4409 certe
1193 4355 1225 4407 tn
1239 4351 1371 4406 versione

227 4433 300 4499 hid
317 4463 372 4502 non
389 4450 535 4515 amparet
546 4443 631 4520 (nte
646 4446 776 4513 bunion
796 4446 919 4503 niuem.
932 4447 1060 4503 Damam.
1073 4439 1182 4515 Ltt).
