3172 4950
879 72 917 85 -
938 40 980 101 92
1000 72 1037 85 -

367 148 523 237 pluralis
545 148 737 214 maiestatis
760 145 824 232 (l).
848 144 977 239 Adhuc
999 144 1114 213 minus
1133 150 1279 235 possunt
1300 145 1409 214 verba
1430 145 1538 237 accipi

372 252 471 324 velut
496 253 663 322 allocutio
688 251 755 321 Dei
781 252 826 320 ad
848 251 1014 341 angelos,
1050 273 1127 320 cum
1151 251 1374 342 apertissima
1396 252 1448 321 sit
1469 276 1540 319 cos·

370 364 560 428 numeratio
575 361 613 429 in
629 359 746 430 eadem
770 359 968 450 operatione
992 358 1171 443 creatrice,
1190 359 1278 428 etin
1293 359 1413 429 eadem
1429 359 1540 449 digui-

369 477 443 540 tate
459 492 584 540 causae
599 467 808 559 exemplaris
826 467 914 555 (vid.
929 488 1037 558 supra
1052 490 1086 557 p.
1103 466 1173 553 32).
1191 467 1300 535 Porro
1312 488 1421 537 causa
1432 489 1540 536 exem·

370 578 484 670 plaris
500 602 561 648 seu
577 576 693 669 imago
716 576 923 667 archetypa,
942 577 986 646 ad
1002 598 1105 668 quam
1121 575 1221 644 bomo
1237 582 1390 660 creatur,
1405 596 1477 643 una
1493 574 1541 643 di-

370 688 463 756 citur
485 688 522 755 in
546 687 620 755 illis
643 686 817 777 pluribus,
836 690 873 754 et
887 705 993 754 causa
1009 683 1160 753 efficiens
1175 683 1364 753 creationis
1379 690 1438 752 est
1452 704 1542 750 unua

369 794 475 863 Deus:
505 793 583 863 aad
607 791 873 862 similitudinem
896 798 932 860 et
954 790 1141 880 imaginem
1165 807 1357 859 nostram...
1373 791 1429 858 Er
1444 813 1541 855 orea-

369 905 422 968 oir
448 902 539 969 Deos
555 900 755 970 bominem»
773 907 840 969 etc.
861 899 900 968 si
916 898 1003 969 haec
1020 901 1246 969 conferantur
1263 923 1341 968 cum
1356 898 1446 968 locis
1459 898 1543 967 novi

369 1009 611 1091 Testamenti,
638 1008 796 1078 ubitam
820 1006 1002 1076 distinctio
1029 1029 1255 1098 personarum
1287 1015 1362 1075 tum
1397 1029 1441 1075 ex
1464 1005 1541 1074 uni-

368 1122 442 1187 tate
464 1116 677 1209 operationis
700 1117 820 1186 unitas
843 1123 992 1185 naturae
1024 1115 1245 1200 declaratur,
1280 1114 1543 1204 parallelismus

368 1225 550 1316 apparebit
565 1223 708 1294 evidens
731 1223 784 1293 ita
800 1274 808 1307 ,
834 1231 875 1291 nt
898 1222 1004 1291 etiam
1018 1222 1256 1292 testimoninm
1272 1221 1405 1291 veteris
1422 1221 1543 1291 Testa·

369 1333 478 1403 menti
500 1332 571 1401 alio
595 1353 698 1401 sensu
721 1331 878 1421 intelligi
901 1338 1061 1423 nequeat.
1194 1356 1196 1359 ·
1362 1378 1366 1382 -

435 1439 662 1509 Consentisns
685 1437 833 1530 deniqne
856 1439 1002 1507 Patrnm
1032 1437 1279 1528 interpretatio
1309 1443 1367 1523 et,
1393 1445 1437 1506 ut
1458 1436 1542 1528 Epi·

370 1547 522 1638 phanias
545 1547 598 1614 ait
621 1545 931 1633 (Harma-XXIII.
947 1569 982 1614 n.
997 1547 1045 1632 ὅ),
1075 1568 1153 1614 sex
1184 1546 1335 1615 veritate
1361 1546 1542 1636 profectus

372 1653 560 1723 communis
584 1652 739 1722 fidelium
761 1652 992 1722 intellectus»
1016 1675 1085 1721 non
1109 1652 1197 1722 sinit
1211 1652 1373 1722 dubitare
1389 1653 1433 1723 de
1449 1654 1541 1724 veri-

368 1769 443 1830 tate
466 1783 611 1846 sensus,
638 1783 738 1851 quern
761 1761 868 1831 verba
898 1760 1038 1830 obvium
1068 1761 1321 1852 praeseferant.
1344 1761 1542 1831 Faustinus

369 1868 558 1957 Presbyter
581 1867 758 1936 Romanus
780 1873 964 1960 postquam
986 1889 1028 1936 ex
1060 1867 1273 1937 testimoniis
1302 1868 1387 1938 novi
1420 1868 1541 1937 Testa·

369 1976 476 2044 menti
488 1973 891 2046 consubstantialitatem
902 1975 1021 2045 Patris
1036 1982 1073 2045 et
1083 1975 1170 2046 Filii
1182 1976 1450 2062 demonstravit,
1464 1999 1540 2067 pro·

370 2083 542 2176 sequitur:
570 2112 587 2147 e
601 2084 660 2153 sed
684 2082 884 2168 videamus,
911 2083 942 2152 si
965 2091 1002 2153 et
1023 2083 1162 2173 Moyses
1185 2083 1250 2153 boc
1280 2083 1370 2153 idem
1394 2083 1536 2168 docuit,

368 2191 458 2282 quod
480 2191 643 2281 Apostoli
666 2191 990 2276 annuntiaverunt,
1017 2192 1054 2261 id
1077 2201 1131 2262 est
1153 2192 1268 2260 omnia
1290 2215 1331 2262 ex
1356 2191 1430 2261 Deo
1445 2194 1539 2261 facta

367 2320 441 2368 esse
463 2323 525 2390 per
547 2299 721 2370 Filiam...
748 2299 797 2369 Et
826 2299 920 2370 dixit
947 2300 1066 2369 Deus:
1100 2301 1271 2370 faciamus
1300 2300 1473 2370 hominem
1496 2301 1538 2369 ad

366 2407 554 2496 imaginem
577 2413 613 2476 et
639 2407 905 2477 similitudinem
928 2415 1096 2478 nostram.
1120 2409 1198 2479 Non
1220 2417 1275 2478 est
1294 2409 1401 2479 unius
1425 2431 1537 2500 perso·

367 2536 432 2583 nae
443 2515 569 2600 dicere,
579 2516 758 2603 sociamus
773 2516 817 2585 ad
835 2515 1022 2606 imaginem
1038 2525 1073 2586 et
1089 2516 1356 2586 similitudinem
1373 2533 1536 2598 noenum,

366 2623 426 2692 sed
449 2646 560 2715 neque
584 2624 744 2694 diversae
768 2625 925 2694 deitatis.
943 2625 1032 2694 Nam
1055 2625 1246 2716 pluralitas
1269 2625 1394 2694 horum
1419 2626 1536 2695 verbo·

365 2752 443 2797 rum
466 2729 573 2800 idest
590 2732 768 2819 faciamus
783 2739 819 2802 et
834 2747 997 2815 nostrum,
1022 2724 1192 2803 Patris'et
1207 2732 1294 2801 Filii
1310 2754 1477 2822 personas
1495 2733 1538 2801 si·

366 2836 525 2926 gnificat.
545 2839 645 2922 Quod
669 2846 785 2910 autem
808 2841 1039 2931 singulariter
1056 2844 1240 2932 imapinem
1255 2841 1362 2925 dicit,
1382 2862 1454 2910 una
1470 2841 1538 2911 dai·

365 2951 434 3030 tas,
450 2967 521 3013 una
533 2947 649 3015 virtus
666 2947 849 3039 utriusque
864 2971 1030 3039 personae
1048 2949 1306 3018 manifestatur.
1323 2948 1362 3017 Si
1378 2957 1540 3018 creatura

366 3059 420 3120 est
442 3051 618 3138 Christus,
645 3054 810 3145 quomodo
835 3055 872 3124 in
896 3078 1001 3147 opera
1023 3057 1089 3127 Dei
1113 3079 1252 3126 consors
1267 3055 1475 3126 adhibetur?
1483 3056 1539 3124 Ad

365 3158 482 3250 ipsum
506 3160 597 3229 enim
622 3160 777 3230 dicitnr:
798 3164 987 3251 faciamos.
1015 3164 1054 3234 Si
1087 3171 1232 3234 nonest
1261 3187 1368 3234 verns
1396 3163 1537 3247 Filius,

367 3267 533 3359 quomodo
556 3288 626 3337 una
648 3268 707 3337 illi
730 3291 806 3339 oum
829 3270 935 3340 Patre
959 3270 1074 3361 imago
1097 3273 1211 3342 esti...
1229 3272 1306 3343 Non
1323 3273 1415 3342 enim
1430 3273 1536 3342 dixit:

367 3375 537 3445 faciamus
559 3375 604 3445 ad
628 3377 799 3468 imagines
814 3388 965 3465 nostras,
984 3378 1043 3448 sed
1067 3380 1121 3450 ad·
1135 3381 1321 3471 imaginem
1337 3389 1537 3451 nostram...

364 3481 502 3552 Sufficit
525 3484 668 3554 interim
691 3485 733 3555 ds
756 3485 821 3557 hoc
851 3509 920 3556 uno
951 3487 1105 3578 capitulo
1136 3488 1283 3578 Moysen
1313 3491 1538 3560 concordasse

367 3613 444 3659 cum
467 3590 677 3683 Evangeliis
699 3602 736 3666 et
757 3594 980 3686 Apostolis...
999 3597 1107 3667 Nemo
1125 3597 1219 3667 dixit
1233 3597 1320 3667 duos
1334 3597 1437 3682 Deos,
1456 3598 1541 3669 licat

432 3787 476 3862 (1)
493 3790 551 3844 nee
569 3791 766 3847 RationaIIsta
785 3793 924 3848 Geranios
944 3794 1324 3869 (stemmataclara)
1344 3801 1394 3851 neo
1413 3797 1539 3853 Robblni

361 3877 445 3932 citati
464 3879 539 3946 apud
558 3880 734 3935 antorflunr
752 3881 902 3956 (Thesaur.
912 3886 933 3938 l.
946 3886 984 3938 11.
994 3900 1018 3938 c.
1032 3885 1075 3938 10.
1087 3902 1115 3953 p.
1129 3881 1192 3956 106)
1204 3886 1334 3953 exempla
1355 3887 1464 3941 slmilr'a
1478 3889 1539 3955 plu·

361 3966 434 4021 ralis
447 3967 608 4023 maiestatls
618 3970 745 4037 reperite
756 3976 921 4040 potnerunt;
936 3987 1008 4041 quae
1019 3973 1092 4026 anim
1104 3973 1240 4028 adferunt
1250 3988 1285 4028 en
1295 3973 1365 4028 Gen.
1377 3976 1484 4029 XXIX.
1494 3977 1538 4042 Y&

361 4057 443 4111 Nun.
458 4057 552 4112 XXII.
563 4057 591 4126 6;
600 4058 627 4112 2.
639 4059 710 4127 Rex.
724 4060 800 4116 XVI.
815 4062 1052 4130 20;10b.xv111.
1068 4066 1092 4131 13
1105 4062 1259 4132 Oant.1.4;
1278 4065 1350 4119 Dan.
1363 4066 1402 4119 II.
1415 4064 1452 4118 86
1464 4067 1540 4119 nibil

361 4144 397 4202 ad
416 4162 474 4202 rau
493 4151 649 4216 pertinent.
