3180 4944
714 351 752 368 -
774 322 834 384 488
854 352 893 368 -

222 431 376 502 ostendit
397 430 484 499 Filii
507 429 702 514 virtutem,
727 427 787 497 sed
810 427 966 496 declarat
996 425 1172 495 unitatem
1193 425 1376 497 voluntatis

223 539 482 628 (substantialis
497 537 691 607 voluntatis
714 559 802 628 quac
824 541 878 604 est
892 536 1039 626 ipsamet
1059 533 1216 604 essentia
1237 533 1374 622 divina),

215 630 307 714 'adeo
333 652 374 714 ut
392 646 569 736 particula
586 670 652 735 per
674 643 922 714 confessionem
944 642 1071 712 lrabeat
1093 663 1222 712 caum
1243 641 1376 733 primor-

222 753 360 821 dialis»
387 752 437 840 (1)
460 754 485 821 l.
501 753 542 822 da
567 752 704 843 Spiritu
726 751 855 820 Sancto
878 773 908 819 c.
923 750 956 818 8.
970 773 1006 819 ιι.
1020 750 1076 818 21.
1087 750 1294 819 Doctrinam
1309 770 1375 819 ean·

212 830 297 929 ¹dem
329 861 366 930 S.
391 860 518 928 Basilii
558 860 596 927 in
631 858 867 949 compendium
905 856 1081 926 contraxit
1117 855 1375 948 Chrysostomus

220 968 311 1037 hom.
331 970 376 1039 V.
395 968 430 1034 al
446 968 510 1037 IV.
525 967 563 1034 in
579 967 676 1035 Ioan.
697 990 733 1035 ιι.
751 967 784 1034 2.
807 964 845 1034 3⁶.
859 965 976 1035 Verba
1000 964 1207 1055 explicans:
1241 995 1260 1031 ι
1275 966 1373 1034 omnia

214 1068 280 1164 per
303 1077 414 1164 ipsum
437 1075 532 1142 facta
554 1079 693 1158 sunta,
718 1072 871 1144 ostendit
892 1070 1066 1161 particula
1082 1094 1150 1161 per
1172 1094 1243 1140 non
1263 1071 1371 1140 adimi·

220 1182 432 1251 nutionemn
462 1175 650 1268 (ἐλατιωσιν)
678 1179 886 1270 significari,
912 1184 955 1248 ut
975 1178 1104 1247 Ariani
1126 1180 1369 1269 putabantur

218 1289 368 1379 exprimi
392 1318 409 1352 a
426 1310 531 1356 unam
554 1286 762 1376 dignitatem
784 1285 996 1376 operationis
1011 1285 1196 1355 creatricis
1209 1286 1298 1354 Filii
1309 1310 1367 1357 cun

218 1395 336 1464 Patra.
352 1424 369 1459 n
388 1396 648 1481 Nihilominus,
672 1396 813 1488 inquit,
841 1394 904 1463 usi
925 1393 984 1464 hio
1002 1418 1067 1484 per
1089 1397 1204 1485 ipram
1225 1393 1363 1480 dicatur,

216 1503 256 1571 id
279 1504 321 1571 ob
343 1504 478 1572 nullam
500 1504 607 1571 aliam
630 1525 770 1572 causam
793 1501 945 1593 positum
966 1507 1032 1587 est,
1047 1522 1152 1593 quam
1166 1527 1211 1570 nc
1231 1504 1308 1594 qais
1320 1504 1363 1571 lli

219 1610 305 1677 lium
328 1614 518 1702 inpositum
541 1634 608 1678 esse
628 1613 817 1700 auspicetur
830 1636 847 1671 n
873 1609 924 1696 (2)
946 1607 972 1676 l.
991 1631 1021 1677 o.
1039 1631 1075 1677 ιι.
1091 1608 1125 1676 2.

283 1719 358 1787 Iam
378 1720 408 1787 si
431 1719 601 1788 terminus
622 1741 692 1786 non
714 1716 764 1786 sit
784 1718 942 1800 effectus,
961 1714 1020 1783 sed
1037 1737 1188 1804 persona
1199 1716 1359 1807 procedens

217 1849 260 1895 ex
284 1828 482 1896 substantia
503 1826 541 1895 h.
556 1849 586 1895 a.
600 1848 662 1916 per
678 1823 1020 1895 communicationem
1031 1829 1192 1909 naturae;
1205 1844 1273 1890 non
1282 1845 1356 1912 prop

217 1940 315 2003 terea
337 1934 550 2023 significatio
573 1933 828 2023 particularum
851 1956 874 1997 α
889 1932 997 1999 Patre
1005 1953 1070 2019 per
1085 1929 1221 1997 Filium
1234 1929 1354 1999 descu-

215 2047 289 2125 tur,
306 2041 366 2110 sed
382 2041 601 2110 modificatur
618 2063 680 2132 pro
695 2039 811 2108 indole
827 2038 913 2108 talis
927 2034 1169 2127 processionis.
1189 2035 1285 2106 Sicut
1292 2058 1352 2124 crgo

217 2147 256 2216 in
279 2147 441 2237 operibus
463 2147 667 2217 efficientiae
689 2171 719 2217 e.
735 2172 770 2237 g.
789 2146 827 2214 in
843 2144 1017 2215 creatione
1038 2142 1217 2233 particula
1238 2169 1293 2233 per
1308 2145 1351 2212 Fi

217 2254 305 2321 liam
327 2279 396 2324 ιιοιι
418 2256 534 2324 minus
557 2256 737 2346 significat
760 2277 897 2324 causam
922 2272 1025 2344 quam
1047 2251 1164 2320 altera
1180 2253 1351 2333 cPcere,ot

216 2382 356 2430 causam
379 2362 517 2453 quidem
532 2385 637 2430 unam
653 2384 729 2430 cum
746 2357 1046 2451 adsignifioatione
1057 2356 1349 2448 distinctionispcu

217 2491 391 2555 sonarum,
406 2468 497 2561 quod
511 2470 615 2538 Pater
629 2469 723 2538 Filio
740 2466 969 2539 communicat
983 2464 1153 2534 virtutem
1165 2465 1347 2535 creatricen:

215 2573 269 2642 ita
292 2575 330 2643 in
351 2576 417 2643 hac
440 2576 655 2666 processione
677 2576 722 2645 ad
744 2576 842 2645 intra
857 2573 1011 2665 Spiritus
1027 2571 1150 2640 Sancti
1164 2597 1187 2639 a
1201 2574 1348 2662 Patrepa

214 2675 348 2744 Filiam
369 2676 548 2767 particula
570 2684 719 2771 utraque
740 2680 872 2748 retinet
893 2679 964 2748 vim
989 2681 1183 2772 ἀιτιαιικηνς
1214 2688 1252 2751 at
1279 2678 1349 2749 sicut

214 2782 391 2872 particula
414 2809 436 2849 c
458 2783 567 2852 Patre
588 2785 657 2851 iam
679 2807 747 2852 non
769 2786 971 2857 efficientem
1002 2813 1141 2860 causam
1168 2791 1227 2860 sed
1247 2783 1346 2880 princi·

212 2888 309 2977 pium
331 2889 535 2980 spirationis
558 2890 737 2980 significat
760 2897 816 2979 (ut
837 2893 907 2983 ipsi
931 2896 1145 2967 schismatici
1160 2920 1241 2971 sane
1257 2912 1345 2966 conca

212 2993 330 3081 dunt),
356 2996 409 3064 ita
431 3002 467 3064 et
489 2996 602 3064 altera
618 3021 685 3088 per
707 2996 840 3065 Filium
863 3000 1042 3090 significat
1064 3004 1152 3072 idem
1167 3000 1348 3095 principium

212 3123 290 3169 cum
312 3101 613 3192 adsignificatione
636 3105 873 3175 distinctionis
894 3130 1121 3197 personarum
1143 3102 1347 3178 PatrisetFi·

211 3207 279 3293 lii,
304 3209 395 3300 quod
418 3210 535 3279 virtus
557 3218 594 3280 et
615 3218 715 3281 actus
737 3213 943 3302 spirationis
966 3216 1240 3287 communicatur
1268 3213 1347 3283 ara

212 3320 268 3383 tra
290 3315 328 3382 in
350 3317 510 3403 Filium,
536 3319 654 3410 sicque
677 3344 699 3385 c
722 3320 829 3387 Patre
845 3346 911 3411 per
932 3324 1065 3391 Filiam
1087 3325 1244 3416 procedit
1264 3316 1345 3411 Spiri·

211 3426 270 3488 tus
293 3421 456 3492 Sanctus.
473 3425 765 3506 Quemadmodum
787 3450 871 3518 ergo
893 3430 932 3498 in
955 3431 1129 3506 creatione
1151 3455 1174 3501 a
1197 3434 1346 3517 Pctrepcr

212 3529 343 3597 Filium
365 3554 433 3599 non
455 3530 529 3600 alia
550 3539 586 3601 et
607 3533 680 3602 alia
702 3555 808 3603 causa
830 3536 890 3606 sed
913 3559 1019 3607 causa
1041 3561 1124 3626 una,
1142 3558 1298 3631 personae
1308 3540 1345 3601 tc·

261 3761 304 3835 (1)
320 3763 432 3824 Ὥσιιῆ
452 3764 483 3819 δι’
495 3765 524 3819 c'o
544 3778 612 3837 φυνη
626 3761 772 3839 ὅμολογιαν
788 3789 834 3830 της
849 3789 1076 3842 προκαταρκτικης
1094 3768 1188 3835 durrus
1207 3773 1269 3844 ἔχει.
1282 3768 1344 3823 Polli

208 3852 320 3905 scilicet
337 3853 399 3921 ipso
422 3855 484 3908 aino
504 3855 645 3922 principio
662 3861 691 3909 et
703 3856 767 3911 fons
787 3858 878 3913 totius
897 3860 1052 3914 Trinitatis
1065 3847 1342 3935 (προκαταρτιιιὶιτιι)

207 3940 315 3993 dicitur
336 3958 431 3996 creare
454 3960 504 4011 per
523 3945 644 4013 Filium,
668 3952 808 4012 quatenus
822 3950 1000 4003 voluntatem
1019 3956 1049 4004 et
1064 3953 1255 4019 operationem
1267 3940 1341 4003 iderti·

206 4028 318 4081 flcatam
333 4045 395 4082 cum
407 4034 532 4086 essentia
541 4033 618 4087 Filio
630 4035 817 4089 communicat
829 4053 885 4091 non
901 4038 1024 4092 iubendo
1041 4039 1091 4093 aad
1103 4040 1270 4107 generando,
1283 4028 1339 4087 aral·

205 4121 239 4170 ut
263 4116 369 4171 formae
390 4119 513 4174 alicuius
532 4123 751 4179 irradiationem
769 4127 801 4181 iu
812 4129 927 4196 apoculo
938 4149 952 4178 a
969 4129 1022 4183 ὄιον
1042 4150 1111 4194 τινος
1126 4145 1230 4204 popone
1248 4132 1336 4203 apocal

207 4204 232 4260 ir
252 4228 386 4280 καιοπιρῳ
405 4211 446 4264 ib.
457 4213 540 4265 ΜΟ.

256 4294 298 4372 (2)
311 4300 354 4352 'Er
374 4304 400 4355 δι
419 4299 538 4356 lassata
557 4323 586 4356 το
606 4300 727 4360 dr’ciorou
748 4308 856 4379 ἕψηται,
876 4304 906 4364 δι’
918 4308 990 4366 o'vdrr
1008 4308 1092 4384 ἕτερον
1106 4307 1231 4377 sosarnus,
1245 4298 1336 4365 ἄλλ’ἷῐῦ

203 4408 242 4460 μη
262 4410 407 4460 cyniram
430 4388 585 4453 eitonam
607 4415 647 4459 τις
671 4416 716 4451 τοι
736 4395 801 4452 risos.
