3180 4944
223 377 331 426 unum
354 361 458 442 sunt,
485 356 622 446 spirant
644 353 819 446 Spiritum
842 353 1018 439 Sanctum,
1035 355 1072 421 et
1086 349 1164 421 ideo
1187 357 1271 423 sunt
1296 374 1397 425 unns

224 462 386 552 spirator;
412 483 474 530 nec
497 461 639 551 proinde
662 460 776 529 minus
799 458 995 528 immediate
1016 458 1123 529 Pater
1146 480 1250 552 qnam
1272 459 1406 530 Filius.

223 576 278 640 εει
300 570 510 662 principium
534 568 690 659 Spiritus
714 568 847 637 Sancti.

289 679 341 746 At
363 678 395 747 si
416 700 485 745 non
508 677 655 765 spiratio
678 677 756 766 ipsa
777 696 848 743 una
870 674 1082 760 communis,
1116 675 1177 744 sed
1208 674 1406 752 distinctim

223 792 258 855 ει
281 785 363 853 ordo
386 805 608 873 personarum
631 783 846 866 attendatur,
867 802 1014 871 quarum
1034 787 1090 851 est
1104 781 1267 871 spiratio,
1285 782 1406 860 Patet

222 906 290 960 non
313 891 425 981 spirat
441 889 611 979 Spiritum
634 887 800 957 Sanctum
814 887 884 956 nisi
900 886 1079 977 supposita
1093 888 1323 976 generatione
1335 888 1406 957 si.

222 997 352 1066 liiEst
374 996 465 1065 enim
489 996 643 1086 Spiritus
667 995 817 1064 Sanctus
839 994 909 1062 fixo
924 994 1119 1083 ontologieo
1135 992 1260 1062 ordine
1284 996 1406 1079 terti*

221 1126 290 1172 non
313 1108 427 1171 antem
451 1101 555 1170 simul
579 1124 656 1171 oum
677 1100 772 1169 Filio
795 1099 945 1169 secunda
967 1121 1135 1190 persona,
1167 1105 1206 1169 et
1228 1100 1311 1170 ideo
1332 1101 1406 1181 ri.

221 1210 292 1277 lius
314 1208 539 1277 aeternaliter
553 1212 741 1295 generatus
756 1205 1058 1297 praeintelligitur
1072 1214 1237 1276 aeternas
1253 1230 1402 1298 proces.

220 1317 310 1385 sioni
334 1315 488 1405 Spiritus
512 1314 645 1383 Sancti.
663 1313 834 1396 Quoniam
857 1313 971 1404 igitur
987 1314 1106 1382 ordine
1122 1313 1278 1405 originis
1289 1315 1387 1406 prin,

218 1422 437 1511 intelligitur
460 1421 638 1510 generatio
660 1420 747 1490 Filii
771 1443 813 1488 ex
837 1419 909 1487 solo
931 1420 1058 1505 Patre,
1083 1424 1222 1489 attento
1245 1421 1312 1490 hoc
1333 1436 1375 1495 ot

219 1529 299 1598 dine
321 1535 414 1598 recte
437 1533 552 1619 potest
574 1528 644 1598 diei
665 1529 783 1597 Filius
808 1527 992 1619 «proxime
1006 1550 1048 1596 ex
1064 1528 1224 1617 prim03n
1251 1535 1289 1597 ει
1304 1551 1367 1621 quo

216 1638 312 1706 niam
334 1637 440 1705 Pater
465 1658 535 1703 non
554 1637 667 1725 spirat
697 1636 868 1725 Spiritum
900 1635 1066 1704 Sanctum
1095 1635 1168 1704 nisi
1200 1637 1360 1726 supposita

218 1741 526 1811 communicatione
549 1742 605 1811 vis
629 1741 826 1833 spiratricis
850 1741 887 1808 in
917 1739 1101 1810 secundam¹
1123 1762 1304 1831 personam
1318 1766 1359 1832 ge·

216 1849 349 1933 uitam,
375 1850 451 1917 ideo
467 1871 606 1917 rursum
621 1849 756 1918 ratione
772 1848 877 1917 huius
893 1848 1026 1916 ordinis
1049 1869 1276 1938 personarum
1287 1857 1357 1918 recte

215 1959 331 2043 potest
353 1954 423 2022 dici
448 1955 603 2044 Spiritus
627 1956 777 2025 Sanctus
798 1955 981 2047 proaedere
999 1955 1223 2046 «perillum,
1243 1955 1301 2047 qni
1317 1960 1356 2024 est

214 2061 370 2150 proxime
384 2084 426 2130 ex
442 2063 580 2150 primos
597 2058 660 2152 (δια
675 2085 726 2127 του
741 2084 894 2152 προσεχως
910 2085 944 2125 εκ
959 2085 1010 2127 του
1023 2058 1169 2153 sparton).
1188 2061 1295 2149 (Vide
1306 2082 1353 2127 mo·

214 2165 296 2233 dum
319 2167 533 2255 concipiendi
556 2190 662 2259 supra
683 2192 718 2259 p.
735 2168 812 2237 373.
829 2191 896 2259 sq.;
913 2168 994 2236 400.
1010 2171 1102 2259 sqq.)
1126 2167 1191 2255 (1).

280 2272 371 2341 Hinc
390 2274 617 2364 intelligitur,
643 2275 808 2367 quomodo
831 2275 870 2343 ll.
886 2297 936 2343 cc.
946 2273 1061 2342 Filius
1083 2273 1224 2343 dicatur
1240 2271 1347 2341 medius

213 2377 306 2446 inter
329 2381 467 2448 Patrem
491 2387 527 2450 et
551 2382 721 2471 Spiritum
745 2382 933 2465 Sanctum,
959 2379 1045 2448 alibi
1067 2402 1189 2450 veroa
1210 2377 1347 2448 Patribus

213 2485 416 2576 frequenter
440 2487 595 2577 Spiritus
619 2489 771 2560 Sanetus
793 2487 1013 2580 praedicetur
1035 2487 1170 2557 medius
1192 2487 1282 2556 inter
1299 2484 1345 2552 Pe·

212 2602 301 2664 trcm
323 2599 360 2662 ει
380 2593 512 2662 Filium
540 2591 667 2682 (πνευμα
683 2618 716 2659 το
734 2593 818 2682 oiyros
831 2591 861 2658 ἑν
872 2617 954 2681 μεσῳ
975 2614 1085 2684 carpos
1097 2617 1147 2657 και
1159 2592 1225 2658 υἱον
1244 2591 1346 2683 S.Epi·

211 2701 316 2791 phau.
330 2701 457 2770 Ancor.
471 2725 507 2769 n.
523 2701 586 2787 8.).
601 2701 776 2771 Videlicet
798 2702 830 2770 si
854 2699 1133 2791 spectetur-ordo
1152 2723 1347 2791 perosorum

211 2809 326 2876 Filius
353 2830 499 2898 persona
521 2810 671 2878 secunda
686 2815 739 2878 est
754 2809 888 2878 medius
905 2809 998 2878 inter
1013 2808 1161 2898 primam
1176 2833 1219 2880 ex
1235 2832 1295 2903 qua
1307 2829 1346 2897 ge·

263 2985 305 3061 (1)
326 2989 418 3042 «cun
437 2990 468 3043 in
488 2990 644 3056 spiratione
664 2993 695 3043 P.
711 2995 740 3043 et
751 2992 784 3042 ll.
799 2990 860 3043 sint
879 2989 934 3043 duo
952 2991 1099 3057 spirantes
1112 2989 1143 3042 in
1158 2987 1348 3057 qnantnnrrnt

210 3093 296 3131 unum
318 3078 348 3130 in
367 3079 496 3145 potentia
512 3078 663 3145 spirativa,
685 3093 834 3144 possumus
847 3080 927 3146 loqui
938 3077 971 3130 ds
984 3081 1049 3132 actu
1063 3078 1233 3144 spirationis
1247 3087 1347 3145 percon·

209 3168 387 3234 parationem
406 3167 441 3218 ad
461 3167 539 3232 ipsos
558 3167 713 3232 spirantes,
728 3167 775 3219 vel
788 3166 824 3218 ad
837 3166 1009 3234 principium
1022 3164 1164 3233 spirandi,
1178 3167 1252 3218 sicut
1265 3166 1348 3218 virtute

209 3256 290 3307 cuins
308 3255 342 3307 fit
360 3256 492 3320 spiratio.
514 3255 544 3308 Sl
563 3261 656 3308 antem
676 3256 884 3308 consideremus
903 3256 995 3321 ipsum
1012 3255 1185 3321 principium
1204 3254 1349 3318 scilicstpo·

210 3344 329 3396 tentiam
347 3344 525 3409 spirativam,
547 3360 607 3397 enm
627 3345 657 3396 in
677 3345 728 3397 hoc
747 3359 803 3396 non
822 3344 1040 3409 distinguantur
1055 3344 1141 3395 Pater
1160 3346 1190 3395 et
1203 3343 1350 3407 ruimus

209 3435 305 3499 potest
323 3431 379 3483 diei
399 3433 520 3497 spiratio
546 3449 607 3486 esse
630 3449 647 3485 a
667 3435 751 3486 Patre
780 3432 921 3485 mediante
942 3432 1034 3498 Filio;
1059 3432 1085 3482 si
1103 3435 1198 3484 antem
1218 3428 1351 3484 considere·

208 3536 269 3572 mus
289 3521 367 3586 ipsos
386 3520 541 3587 spirantes,
570 3523 620 3589 qni
643 3522 777 3574 distincti
796 3524 911 3574 suntet
930 3519 1080 3573 seeundum
1098 3520 1150 3572 hcc
1164 3499 1351 3587 praebentsup

208 3609 332 3678 positum
350 3609 515 3675 spirationi,
541 3611 582 3662 sic
600 3611 642 3662 ibi
661 3615 706 3662 est
728 3610 794 3662 ordo
815 3615 933 3663 naturae
952 3605 1110 3682 (originis),
1133 3610 1201 3677 qnia
1219 3610 1305 3662 Filius
1320 3605 1352 3657 est

208 3713 243 3751 ex
261 3699 358 3765 Patre,
380 3702 409 3750 et
428 3698 553 3764 Spiritus
578 3699 698 3751 Sanctus
717 3699 802 3751 simul
825 3716 841 3751 a
860 3700 891 3750 P.
907 3702 936 3750 et
956 3698 989 3750 Ρ.
1017 3698 1097 3751 Unde
1122 3698 1195 3751 dicit
1216 3693 1351 3751 Richardu

205 3784 384 3857 (Victorinus
404 3786 438 3838 ds
460 3787 540 3839 Trin.
556 3787 576 3839 l.
588 3788 622 3840 V.
637 3803 661 3838 e.
673 3783 714 3856 7.)
737 3786 811 3853 quod
825 3785 972 3852 generatio
985 3786 1016 3838 in
1030 3784 1141 3839 divinis
1156 3790 1202 3839 cst
1214 3782 1350 3838 immediate

207 3891 225 3928 a
242 3877 336 3941 Patre,
358 3875 407 3929 sed
429 3877 570 3942 processio
590 3876 716 3942 Spiritus
735 3876 832 3929 Sancti
848 3881 892 3928 est
911 3875 1113 3944 quodammodo
1130 3874 1254 3927 mediate
1266 3876 1350 3937 seque·

207 3963 351 4016 dammodo
372 3964 543 4031 immediate;
565 3964 725 4018 immediate
745 3971 882 4033 qnantum
900 3965 936 4017 ad
951 3967 1089 4019 virtutem
1108 3965 1274 4031 spirantem,
1296 3968 1349 4026 qus·

206 4057 252 4104 est
273 4067 329 4104 uns
348 4053 446 4106 Patris
465 4057 494 4105 et
506 4054 588 4121 Filii,
604 4056 749 4107 etiterum
765 4059 901 4122 qnantum
915 4054 950 4106 ad
965 4054 1058 4120 ipsum
1075 4054 1253 4120 suppositum
1264 4045 1346 4106 rsus,

207 4140 281 4208 quod
298 4142 458 4195 immediate
479 4147 524 4195 est
542 4144 714 4210 principium
736 4144 933 4211 processionis,
949 4144 1018 4211 qnia
1036 4142 1100 4210 ipse
1120 4142 1205 4195 simul
1225 4146 1253 4194 et
1274 4135 1345 4189 lilia·

205 4231 329 4297 spirant;
351 4230 399 4284 sed
417 4231 546 4298 mediato,
568 4233 599 4285 ln
618 4237 756 4300 quantum
775 4232 869 4286 Filius
890 4233 940 4300 qul
953 4233 1054 4300 spirat,
1068 4235 1113 4285 est
1130 4230 1244 4286 aPatre
1256 4249 1266 4276 ι
1280 4219 1343 4280 Sil·

207 4318 233 4370 1.
244 4318 313 4372 dist.
326 4321 368 4372 12.
382 4338 410 4387 q.
425 4323 448 4374 1.
461 4337 488 4374 a.
498 4322 524 4374 8.
