3172 4950
177 447 316 513 notorem
337 450 375 516 et
389 447 574 539 aequalem
603 469 677 518 esse
707 449 910 540 significans
941 451 991 539 (1)
1023 452 1119 524 dedit
1148 453 1320 545 Spiritum

177 555 335 638 tanetum,
360 558 396 624 et
415 554 529 625 dixit:
558 556 705 646 aecipite
721 556 893 646 Spiritum
917 558 1098 634 Senotum.
1114 589 1131 624 n

222 659 323 730 Certe
347 661 483 752 quando
514 661 598 730 haee
623 661 789 732 <linuntur
812 664 856 733 ad
883 666 1141 756 exprimendum
1167 667 1322 736 ordinem

177 766 243 835 lilii
260 765 305 834 ad
330 767 492 852 Patrem,
514 788 611 835 nemo
623 766 773 853 dubitat,
793 768 877 861 quin
901 771 1025 841 relatio
1048 772 1196 862 originis
1212 773 1321 863 signi·

177 880 281 943 ‚cetur
299 878 336 943 et
352 873 523 964 processio
541 873 628 943 Filii
649 897 691 944 ex
711 873 816 945 Patre
831 900 839 964 5
865 900 948 968 ergo
971 901 1048 948 oum
1063 881 1185 949 Patres
1203 879 1322 971 graeei

177 980 274 1049 adem
288 980 415 1048 omnia
437 981 657 1050 transierant
679 981 723 1050 ed
746 981 1006 1054 describendum
1030 986 1184 1056 ordinem
1210 987 1321 1078 Spiri-

177 1110 215 1155 us
234 1086 357 1156 Saneti
379 1085 424 1155 ad
445 1086 600 1174 Filium,
629 1110 698 1158 non
720 1088 818 1158 eliud
840 1097 987 1180 possunt
1003 1091 1203 1181 significare
1218 1115 1321 1185 quam

177 1193 407 1263 recessionem
429 1215 472 1262 ex
495 1193 602 1265 Filio.

221 1299 323 1369 Unde
345 1299 452 1368 etiam
472 1299 683 1370 Eunomiani
699 1301 906 1373 obiiciebsnt
919 1307 956 1372 et
978 1303 1100 1372 Patres
1123 1304 1193 1395 ipsi
1216 1327 1318 1396 quos·

177 1412 252 1492 unt,
274 1406 307 1475 si
328 1407 414 1477 haee
433 1407 548 1475 omnia
565 1429 633 1476 non
647 1408 763 1477 minus
786 1431 869 1478 vere
896 1409 1063 1479 dicuntur
1089 1411 1129 1480 de
1152 1412 1321 1482 relatione

178 1514 313 1604 pinitus
338 1513 383 1582 ad
406 1512 561 1600 Filium,
593 1535 696 1606 quem
723 1513 765 1583 de
787 1515 958 1585 relatione
977 1515 1065 1585 Filii
1088 1517 1131 1586 ad
1154 1518 1317 1604 Patrem,

177 1643 218 1690 ur
253 1619 409 1710 Spiritus
432 1622 582 1690 Sanetus
608 1643 677 1689 non
702 1621 750 1691 sit
775 1621 892 1691 Filius
921 1622 1038 1691 Filii?
1058 1623 1154 1706 Quas
1183 1623 1321 1716 quidem

177 1727 212 1797 sl
232 1728 311 1818 ipsu
328 1727 484 1819 quaestio
506 1733 597 1796 osset
618 1727 780 1811 absurda,
806 1728 877 1796 nisi
897 1734 971 1798 tum
994 1729 1161 1803 haeretiei
1183 1730 1320 1799 intelle-

178 1834 291 1903 issent
316 1840 391 1903 tum
413 1834 536 1903 Patres
557 1838 672 1902 rotam
701 1854 743 1902 ao
766 1833 871 1902 fixam
893 1834 1099 1905 habuissent
1126 1835 1320 1905 doetrinom

178 1938 363 2009 stholioom
382 1960 420 2008 eo
447 1961 572 2024 sensu,
602 1937 692 2031 quod
719 1938 837 2007 Filius
860 1944 913 2010 est
931 1940 1142 2031 principium
1164 1941 1320 2033 Spiritus

179 2045 290 2114 aneti.
306 2045 348 2113 Id
370 2045 493 2113 Patres
516 2046 553 2113 in
579 2066 644 2114 sua
664 2036 885 2135 responsione
917 2070 1051 2140 quoque
1074 2048 1320 2119 manifestissi-

178 2176 248 2221 rnm
269 2151 430 2239 reddunt
448 2174 559 2244 neque
581 2152 672 2222 enirn
684 2154 893 2243 respondent
906 2156 1064 2244 negando
1087 2155 1316 2246 suppositum,

178 2259 247 2331 uod
264 2257 402 2328 seilicet
411 2257 527 2327 Filius
540 2259 590 2328 sit
604 2259 815 2351 principium
827 2259 984 2351 Spiritus
992 2261 1123 2348 Senoti3
1143 2262 1202 2331 sed
1215 2262 1318 2330 immo

178 2365 348 2450 rouloant,
362 2365 531 2452 rationerp
546 2388 609 2435 our
624 2366 740 2435 Filius
754 2365 841 2434 Filii
855 2389 923 2435 non
940 2367 999 2452 sit,
1022 2390 1089 2436 non
1107 2367 1228 2460 utique
1245 2390 1319 2438 esse

178 2497 200 2540 x
212 2472 352 2541 deiectu
366 2471 605 2563 processionis,
621 2501 637 2537 ι
655 2495 723 2542 non
739 2473 829 2565 quod
853 2473 1010 2564 Spiritus
1031 2497 1099 2543 non
1122 2474 1171 2544 sit
1192 2497 1233 2544 ex
1245 2475 1318 2544 Deo
1453 2474 1458 2484 '

177 2602 218 2649 er
238 2579 385 2664 Filium,
411 2586 587 2671 tamquam
608 2579 760 2649 Verbum
774 2580 863 2649 Filii
878 2587 914 2650 st
928 2582 1043 2671 imago
1065 2581 1154 2652 Filii
1169 2608 1186 2645 n
1204 2580 1316 2650 Besil.

178 2709 263 2779 upra
285 2711 320 2778 p.
334 2687 428 2774 4544
457 2710 559 2756 anon
572 2687 724 2778 genitus,
748 2711 817 2757 non
835 2689 972 2758 nomine
992 2688 1080 2758 Filii
1104 2689 1313 2780 appellatus,

178 2793 215 2862 sd
237 2799 354 2863 tamem
369 2815 417 2889 ex
437 2793 551 2862 eadem
568 2794 719 2863 essentia
737 2794 857 2863 Patris
878 2816 918 2863 ae
932 2794 1019 2863 Filii
1042 2794 1198 2884 Spiritus
1213 2795 1318 2865 Sano-

178 2922 215 2968 ns
230 2926 249 2962 n
266 2898 440 2990 Epiphan.
456 2900 585 2969 Anoor.
599 2924 635 2970 n.
653 2901 686 2969 7.
705 2901 752 2987 8.;
782 2928 798 2964 ι
816 2900 972 2990 Spiritus
993 2901 1145 2969 Sanetus
1156 2922 1199 2969 ex
1214 2900 1319 2969 Putre

178 3029 216 3076 er
226 3005 372 3092 Filium,
386 3029 455 3075 non
471 3014 586 3076 tamen
601 3006 783 3076 filiationis
796 3007 894 3076 modo
907 3035 924 3070 n
941 3008 1100 3077 Damaso.
1118 3029 1171 3097 ep.
1188 3006 1234 3074 ad
1244 3005 1318 3074 Ior-

179 3135 237 3182 ιιι.
250 3136 285 3182 ιι.
305 3113 361 3182 28.
387 3114 633 3201 (stathanas.
651 3114 696 3183 ad
715 3114 836 3205 Sersp.
853 3115 884 3183 Ι.
906 3137 941 3183 n.
964 3115 1041 3201 25.;
1061 3114 1208 3203 Gregor.
1226 3113 1313 3183 Nau.

178 3244 205 3289 r.
223 3219 280 3289 31.
294 3219 342 3289 al.
362 3220 418 3289 37.
432 3244 467 3290 n.
484 3222 569 3306 7-9):
584 3245 706 3293 verum
721 3222 827 3291 huius
837 3221 890 3292 rei
906 3221 964 3291 vel
979 3221 1112 3289 nullum
1131 3219 1237 3288 aliem
1253 3239 1319 3287 re-

179 3328 283 3396 ionem
308 3326 456 3395 dandum
490 3350 564 3397 esse
593 3327 718 3412 aiunt,
752 3349 854 3419 quam
881 3326 971 3421 quod
1002 3327 1040 3395 in
1071 3326 1256 3416 Soriptura
1281 3329 1319 3395 et

179 3431 322 3503 niverse
335 3431 549 3502 revelatione
571 3432 757 3523 prooedens
777 3432 932 3523 Spiritus
943 3456 1012 3503 non
1036 3432 1167 3503 dieitur
1187 3432 1315 3520 Filius3

205 3608 250 3687 (1)
265 3610 331 3669 Ὀυκ
349 3608 386 3667 ὅτι
400 3615 426 3667 δι
441 3611 572 3667 isauron
585 3631 630 3666 του
645 3631 793 3684 πνευματος
807 3611 908 3677 iseros,
924 3611 1000 3666 ἄλλα
1017 3609 1129 3684 protom
1142 3630 1185 3663 και
1200 3605 1258 3664 ἴσον
1272 3627 1320 3666 uu·

179 3722 261 3756 srvos.
291 3702 427 3767 Quamvis
447 3701 540 3756 edltor
562 3699 709 3755 lisnrinus
728 3701 909 3755 Monttsuoon
927 3700 1057 3754 omiserit
1074 3714 1169 3753 vooem
1187 3695 1317 3769 μιιζονα,

179 3794 264 3847 tetur
282 3795 376 3845 tamen
395 3807 455 3845 eom
474 3794 588 3845 exstare
604 3791 636 3844 in
654 3792 783 3845 omnibns
802 3806 869 3843 mss.
890 3793 920 3843 et
938 3789 1035 3857 editis,
1053 3787 1179 3855 exeeptis
1199 3802 1255 3840 uno
1268 3785 1318 3841 Oo-

179 3884 224 3947 Los,
246 3895 304 3934 uua
322 3880 430 3935 (lutona
447 3880 494 3952 (ln
514 3897 570 3948 qua
585 3879 650 3946 ipse
668 3878 842 3933 adscribitur
859 3873 1000 3948 margini)
1019 3879 1049 3930 ot
1074 3875 1205 3928 versione
1224 3876 1319 3929 latins

179 3969 232 4023 stri
253 3968 372 4023 Fannii.
398 3971 571 4024 Vocabulum
589 3968 800 4022 demonstretur
822 3971 897 4020 certe
919 3966 1073 4030 genuinum
1092 3966 1152 4017 tum
1170 3979 1205 4017 ex
1218 3967 1319 4017 auoto-

178 4062 242 4113 tato
262 4058 350 4112 codd.
365 4063 395 4111 et
407 4058 469 4111 edd.
482 4058 579 4130 (otiam
592 4057 761 4111 Petrisrolra
780 4057 883 4109 Beoons
903 4054 1018 4108 eandem
1038 4054 1140 4107 habuit
1157 4054 1316 4117 leotionom,

181 4148 217 4202 (le
237 4147 271 4201 de
291 4148 401 4202 Uniono
422 4148 498 4201 Boot.
518 4147 549 4201 in
569 4147 688 4200 Groseto
710 4146 872 4200 &thedoro
895 4144 927 4196 F.
942 4145 966 4197 1.
985 4160 1013 4212 p.
1029 4138 1105 4214 187),
1125 4146 1185 4196 tum
1203 4157 1238 4194 ex
1258 4155 1320 4195 oon·

179 4241 243 4304 xtn,
261 4241 322 4291 tum
341 4253 376 4291 ex
395 4237 497 4290 maiori
516 4235 682 4291 difficultate
698 4235 831 4289 lectionis
850 4231 961 4306 μιιζοια
980 4253 1023 4286 και
1047 4230 1113 4296 ἴσον,
1133 4246 1216 4299 qnam
1238 4242 1319 4282 nemo

179 4343 284 4395 nquam
302 4326 481 4394 intrusisset,
500 4326 548 4380 sed
567 4328 652 4382 tasilo
667 4329 780 4396 poterat
805 4324 912 4393 aliquis
934 4325 1010 4381 velle
1029 4321 1186 4390 corrigere,
1208 4317 1283 4388 quod
1301 4334 1319 4371 a

179 4417 263 4472 ennio
283 4419 425 4472 usitatum
443 4416 534 4472 tuisse
556 4418 656 4473 nullus
675 4415 786 4471 dubito.
