3172 4950
705 328 742 345 ..
763 301 824 362 233
845 328 882 345 ..

208 409 533 482 circuminsidere...
547 410 599 480 At
621 409 652 478 si
676 406 917 498 intelligamus
939 413 1018 479 ‘tres
1048 407 1199 499 spiritus
1221 414 1359 482 morsu

207 517 459 610 perfectissime
467 517 629 610 aequales
637 515 906 602 eto.,locnsesse
913 515 1089 608 poteritrp
1105 512 1357 609 ἐμπεριχωρησιι.»
1400 578 1405 585 .

207 624 309 695 Certe
331 649 399 694 non
423 625 636 714 cogitassent
659 630 795 695 veteres
818 647 881 694 neo
896 623 1061 694 Christus
1076 625 1220 696 locutus
1234 627 1361 698 essctde
1399 654 1405 677 ¹

208 740 331 802 mutua
353 734 601 818 inexistentia,
627 732 659 801 si
683 733 776 802 sicut
799 754 870 801 una
887 732 1087 802 substantia
1109 734 1164 803 ita
1188 756 1261 802 una
1288 740 1362 807 sca

208 856 377 933 persona,
403 846 443 908 at
465 841 653 911 distinctae
676 863 842 932 personae
866 840 1034 912 docentur
1063 863 1139 911 esse
1162 842 1201 911 in
1232 865 1269 912 se
1289 843 1362 914 invi·
1401 873 1405 913 i

209 971 281 1019 cem
305 947 627 1017 circuminsessione
650 955 793 1039 propter
823 949 934 1040 ipsam
964 948 1180 1018 numericam
1210 950 1362 1021 unitatem
1385 1036 1388 1041 Ι

208 1063 357 1126 naturae
380 1078 440 1124 seu
464 1056 694 1124 substantiae.
708 1055 837 1126 Ordine
860 1056 979 1149 itaque
1003 1056 1142 1126 omnino
1166 1057 1305 1128 inverso
1322 1058 1362 1129 di·

208 1164 352 1237 cendum
375 1164 503 1232 fuisset
524 1162 706 1232 Alethino:
732 1163 763 1232 si
786 1162 1038 1255 intelligantur
1059 1171 1134 1235 tres
1157 1166 1305 1256 spiritns
1320 1188 1362 1238 et·
1386 1200 1405 1264 ¹3

209 1272 350 1366 quales,
378 1270 438 1340 sed
461 1271 498 1340 in
522 1273 661 1342 naturis
683 1273 874 1359 distinctis,
900 1272 997 1342 locus
1019 1272 1142 1342 nullus
1157 1295 1235 1343 esse
1256 1273 1365 1367 poterit

208 1404 244 1469 τῃ
266 1381 514 1471 ἑμπεριχωρησει,
533 1381 648 1473 qualis
671 1381 708 1449 in
732 1380 919 1471 Scriptura
940 1388 977 1450 et
991 1402 1013 1448 a
1026 1381 1195 1451 Patribus
1212 1383 1362 1471 afflans

209 1491 291 1583 quia
313 1496 429 1557 autern
453 1494 590 1558 veteres
613 1489 752 1559 unicam
775 1510 918 1558 numero
941 1488 1174 1558 substantiam
1198 1490 1364 1561 crederem
1402 1528 1405 1569 ς

208 1598 245 1667 iu
269 1597 384 1666 tribus
407 1595 587 1666 distinctis
610 1598 791 1687 personis,
817 1596 894 1666 ideo
926 1619 996 1664 non
1019 1595 1131 1666 solum
1162 1599 1206 1666 ds
1238 1599 1363 1668 cucum-
1403 1639 1405 1678 ς

208 1703 398 1774 insessione
422 1704 636 1793 cogitabant,
663 1705 820 1774 sedeam
844 1701 1056 1793 amplissime
1079 1709 1116 1773 et
1138 1703 1363 1796 multiplicitas

209 1811 448 1882 vindicabant.

275 1919 348 2006 Ut,
374 1919 464 2013 quod
488 1921 684 2013 coepimus,
710 1920 849 1991 tandem
872 1919 1106 2008 absolvamus,
1123 1889 1289 2013 proprius
1302 1940 1362 1991 oon·
1400 1964 1404 1969 -

211 2035 330 2119 ceptus
353 2035 495 2097 mutuae
519 2027 763 2098 inexistentiac
794 2052 1020 2120 personarum
1048 2029 1102 2099 ita
1133 2029 1277 2100 videtur
1302 2050 1362 2099 con

123 2152 130 2159 ·
211 2134 424 2203 stitueudus.
439 2134 538 2216 Quod
562 2135 710 2205 dicimus
734 2135 776 2205 de
800 2137 873 2205 Deo
895 2135 942 2203 cd
965 2139 1061 2204 intro
1076 2141 1113 2206 et
1127 2135 1176 2204 cd
1190 2152 1363 2220 emergam

209 2241 388 2332 siguificat
411 2240 565 2310 ordinem
589 2265 629 2312 ac
652 2242 854 2312 relationem
878 2243 1116 2335 praesentiae;
1132 2243 1185 2314 sio
1207 2243 1296 2313 enim
1314 2236 1363 2313 nes

209 2372 284 2420 esse
307 2374 369 2421 nec
396 2352 531 2443 concipi
564 2349 639 2419 sine
672 2351 889 2422 absurditate
922 2353 1111 2444 quidquam
1141 2359 1362 2443 potestatem

210 2460 332 2531 Deum.
358 2460 425 2530 Sed
450 2460 597 2534 dicimus
626 2459 672 2528 od
703 2463 799 2527 intro
823 2460 883 2546 id,
909 2460 1000 2553 quod
1022 2459 1169 2530 realiter
1191 2465 1248 2531 est
1269 2461 1388 2552 ipsun·

210 2567 298 2638 Esse
319 2568 503 2653 divinum,
529 2570 607 2659 ipsa
629 2570 792 2654 essentia,
813 2568 886 2659 ipse
910 2569 1016 2655 Deus;
1042 2567 1089 2636 cd
1112 2580 1214 2636 estro
1235 2590 1312 2639 vero
1323 2565 1361 2637 di·

211 2675 342 2762 cimus,
368 2675 538 2769 quidquid
561 2697 583 2742 a
606 2674 730 2745 diviua
753 2674 904 2745 essentia
927 2676 1107 2745 diversum
1129 2681 1207 2759 est,
1233 2675 1361 2767 adeoque

211 2783 380 2875 quidquid
403 2790 457 2852 est
480 2784 538 2853 vel
560 2806 634 2853 esse
657 2789 775 2874 potest
791 2790 959 2853 creatum.
977 2784 1077 2853 Unde
1093 2783 1124 2853 si
1140 2804 1183 2853 ea
1197 2805 1284 2875 quae
1296 2787 1363 2851 sunt

212 2888 258 2957 cd
275 2906 386 2973 estro,
404 2890 571 2962 dicuntur
594 2915 728 2958 mcum
752 2894 789 2958 in
812 2891 895 2975 Deo,
913 2891 949 2960 id
965 2891 1194 2982 intelligitur,
1215 2897 1363 2984 quatenus

211 2994 306 3062 Deus
328 3015 389 3062 ens
411 2994 560 3084 primum
584 3001 619 3064 et
643 3016 748 3065 causa
770 2995 883 3086 prima
906 2995 944 3064 vi
962 2995 1210 3065 immensitatis
1227 2996 1263 3064 in
1278 2990 1363 3063 omni·
1392 3056 1405 3075 .,

212 3101 276 3170 bus
299 3107 353 3171 est
375 3123 437 3192 per
459 3102 670 3187 essentiam,
697 3102 954 3193 praesentiam,
987 3108 1023 3173 et
1053 3101 1249 3194 potentiam
1278 3100 1363 3188 (vids
1394 3094 1405 3183 Ζ,

212 3208 333 3278 Tract.
348 3209 390 3279 de
413 3210 510 3297 Deo).
1394 3292 1405 3311 .

280 3316 376 3400 Quae
400 3340 483 3386 vero
507 3318 660 3387 suntad
685 3322 804 3401 intra,
829 3318 871 3387 de
894 3340 1012 3388 eorum
1036 3322 1262 3388 immanentis
1276 3337 1365 3390 sermo

212 3445 286 3494 esse
309 3430 425 3514 potest
448 3424 651 3515 dupliciter.
684 3425 723 3494 Si
745 3424 857 3516 primo
890 3431 1091 3517 spectentur
1115 3428 1277 3499 absoluta
1297 3444 1366 3521 quae
1397 3428 1400 3433 ’

212 3531 457 3624 concipiuntur
480 3554 502 3599 a
524 3532 624 3601 nobis
648 3532 723 3601 sive
747 3538 787 3601 ut
803 3534 980 3604 attributa
995 3535 1070 3605 sive
1088 3541 1130 3606 ut
1145 3538 1311 3623 actiones,
1325 3556 1366 3605 eo

211 3663 289 3709 rum
314 3643 536 3708 immanentis
561 3640 726 3730 supponit
749 3640 1009 3710 distinctionem
1033 3642 1184 3713 rationis
1207 3645 1259 3732 (h.
1278 3668 1306 3715 e.
1328 3663 1366 3711 ee

213 3749 362 3816 cundum
385 3754 542 3817 nostrum
565 3748 701 3815 modum
719 3746 962 3838 concipiendi),
982 3753 1018 3818 et
1033 3750 1232 3820 formaliter
1244 3751 1369 3842 estipa

212 3854 381 3923 identitas
405 3878 482 3925 cum
504 3856 578 3925 Deo
601 3877 661 3925 seu
686 3878 763 3925 cum
787 3855 911 3924 divina
933 3857 1086 3927 essentia
1113 3881 1175 3928 seu
1197 3860 1369 3930 attributo

212 3983 290 4031 rum
313 3961 407 4030 inter
430 3984 467 4031 se
489 3964 663 4051 invicem;
690 3967 836 4055 possunt
859 3962 949 4032 enim
973 3964 1044 4035 dici
1068 3968 1245 4038 attributa
1268 3968 1372 4039 imno

212 4090 293 4138 nere
324 4068 422 4154 Deo,
456 4071 513 4140 vel
543 4071 685 4141 divinae
715 4070 910 4158 essentiae,
945 4073 1002 4142 vel
1029 4074 1123 4144 inter
1153 4098 1191 4146 ss
1221 4076 1371 4148 invicem.

213 4176 272 4246 Sic
296 4200 325 4246 e.
341 4202 376 4267 g.
395 4200 577 4268 possumus
600 4179 713 4250 dicere
737 4184 959 4273 sapientiam,
979 4187 1096 4252 sctum
1122 4190 1298 4255 creantem
1317 4180 1375 4255 eto.

213 4283 285 4354 Deo
307 4283 562 4356 immanentem.
578 4287 652 4356 Hoc
675 4295 792 4358 autem
816 4292 886 4361 dici
910 4314 978 4360 nou
1001 4296 1144 4380 posset,
1171 4292 1244 4362 nisi
1267 4293 1375 4384 aliqua

213 4394 305 4460 esset
326 4389 474 4462 rationis
497 4390 678 4463 distinctio
698 4417 705 4481 ;
733 4416 842 4487 neque
865 4396 955 4466 enim
973 4395 1062 4489 quod
1080 4396 1295 4490 concipimus
1310 4396 1376 4469 siue
