3172 4950
866 330 904 343 -
926 296 966 359 40
987 330 1025 343 -

355 404 464 472 libros
486 404 523 473 in
546 404 612 472 hac
647 404 792 472 formam
816 402 873 474 vel
911 404 1017 472 etiam
1041 401 1078 470 in
1101 401 1167 473 hac
1190 401 1349 472 versione
1372 423 1403 470 e.
1422 423 1459 489 g.
1477 399 1528 467 lo-

229 530 233 537 '
355 514 450 598 tina,
476 519 517 582 ut
539 535 581 581 ex
604 511 727 579 multis
764 510 834 579 iam
868 511 1017 580 saeculis
1050 511 1089 578 in
1119 510 1297 600 publicum
1320 532 1422 578 usum
1445 513 1529 576 sunt

354 621 497 712 recepti,
523 644 596 690 esse
618 620 713 710 ipsos
735 619 843 688 libros
866 619 1008 687 Ioannis
1030 618 1232 708 inspiratos.
1256 617 1300 685 In
1319 617 1387 686 tali
1410 620 1528 685 autem

355 729 486 798 iudicio
508 728 726 812 continetur,
751 727 878 813 libros,
904 734 946 796 ut
969 727 1007 795 in
1029 727 1164 817 publico
1187 750 1254 796 usu
1276 731 1431 809 exstant,
1452 744 1528 791 esse

356 839 577 928 incorruptos
600 844 637 906 et
659 860 727 906 non
750 836 981 927 interpolatos
997 842 1101 928 atque
1117 836 1155 904 in
1170 834 1237 906 hac
1254 834 1466 918 recensione,
1484 830 1528 900 ed

357 967 459 1038 quam
481 944 650 1014 iudicium
673 945 841 1029 refertur,
866 945 1058 1013 conformes
1080 944 1195 1013 textui
1232 941 1436 1033 primitivo,
1462 961 1528 1032 qno

356 1053 421 1122 sub
444 1051 673 1143 inspiratione
696 1051 853 1141 Spiritus
876 1051 998 1120 Sancti
1021 1058 1104 1120 sunt
1131 1050 1269 1141 scripti.
1295 1049 1470 1133 Quoniam
1491 1046 1529 1115 in

356 1160 563 1248 intcgritate
585 1164 621 1228 et
643 1159 884 1229 conformitate
900 1181 977 1228 cum
993 1164 1094 1227 textu
1107 1157 1275 1247 originali
1291 1161 1441 1248 possunt
1454 1176 1528 1223 esse

357 1268 489 1358 gradus
511 1267 653 1335 maioris
676 1266 732 1335 vel
755 1266 900 1335 minoris
922 1266 1149 1356 perfectionis
1183 1271 1307 1357 atque,
1344 1270 1386 1333 ut
1408 1286 1472 1354 per
1495 1287 1530 1332 se

356 1379 464 1465 patet,
490 1373 649 1442 definitio
670 1372 848 1450 Ecclesiae
872 1372 1134 1463 inspirationem
1158 1378 1194 1442 et
1223 1371 1467 1462 integritatem
1488 1370 1530 1437 li·

358 1481 412 1551 bri
434 1485 503 1550 non
526 1481 631 1551 efficit
654 1481 714 1550 sed
736 1486 931 1550 exstantem
965 1481 1166 1550 authentice
1202 1479 1429 1549 manifestat:
1455 1478 1531 1547 ideo

358 1613 400 1660 ex
423 1590 623 1660 definitione
661 1589 745 1658 libri
779 1589 935 1659 canonici
974 1589 1166 1660 universim
1189 1594 1346 1681 spectata
1379 1587 1532 1656 nondum

359 1699 497 1790 quidem
518 1703 633 1788 potest
656 1697 777 1785 colligi
810 1698 943 1786 gradus
975 1697 1196 1786 integritatis
1218 1703 1254 1766 et
1276 1694 1533 1767 conformitatis

360 1830 437 1876 cum
461 1804 648 1893 originali3
674 1810 828 1874 attamen
852 1805 890 1871 in
913 1827 952 1874 eo
975 1805 1110 1894 gradu,
1148 1826 1247 1897 quem
1274 1803 1445 1874 indicium
1467 1801 1532 1872 Ec·

359 1913 485 1983 clasiae
507 1912 646 1997 definit,
672 1911 860 2000 integritas
883 1916 937 1980 cst
959 1911 1198 1981 infallibiliter
1221 1917 1329 1981 certa.

425 2021 534 2089 Porro
557 2043 634 2089 cum
656 2018 815 2089 Ecclesia
837 2043 906 2089 non
927 2021 1030 2090 novis
1052 2019 1328 2090 revelationibus
1362 2018 1424 2087 sed
1446 2017 1534 2086 assi·

360 2128 492 2198 stantia
515 2127 673 2218 Spiritus
697 2128 818 2198 Sancti
849 2134 1016 2218 regatur,
1042 2151 1085 2197 ne
1108 2149 1271 2219 nmqnam
1293 2127 1331 2194 in
1354 2126 1429 2194 suis
1452 2125 1534 2194 ded·

359 2235 553 2304 nitionibus
576 2235 710 2304 incidat
732 2235 769 2303 in
792 2258 963 2321 errorem,
1001 2235 1229 2327 requiruntur
1263 2233 1402 2326 quidem
1426 2234 1535 2303 ratic·

360 2366 421 2412 nes
443 2342 647 2411 humanitus
669 2343 918 2433 cognoscibiles
940 2344 985 2412 ad
1008 2344 1250 2435 inquirendam
1274 2350 1310 2413 et
1320 2341 1534 2433 perspicien-

361 2451 440 2519 dam
462 2449 660 2536 veritatem,
685 2451 727 2520 dc
751 2452 850 2521 cuius
880 2451 1080 2522 definitione
1104 2453 1243 2542 agitur3
1269 2456 1307 2520 at
1329 2450 1361 2518 si
1384 2450 1429 2517 ad
1452 2450 1536 2518 dess-

355 2539 527 2629 ⁸nitionem
550 2558 765 2649 pervenitur,
783 2561 859 2628 cius
874 2559 1117 2628 infallibilitas
1134 2582 1202 2626 non
1226 2559 1320 2628 hisce
1336 2557 1537 2626 rationibus

362 2669 421 2738 sed
436 2668 501 2737 soli
515 2668 737 2738 assistentiae
753 2668 909 2759 Spiritus
925 2668 1089 2739 veritatis
1104 2668 1249 2738 debetur
1264 2674 1300 2738 et
1310 2667 1459 2736 Domino
1469 2667 1537 2736 Ec·

362 2776 488 2847 clesioe
499 2777 742 2862 inhabitatori,
757 2801 799 2846 nc
815 2783 873 2847 eat
887 2778 924 2845 in
944 2799 1094 2846 errorem
1114 2776 1305 2869 quamlibet
1320 2775 1537 2845 studiosissi-

362 2908 418 2954 ma
443 2886 633 2976 speculatio
646 2887 755 2976 (Aug.
771 2887 808 2954 in
820 2887 878 2954 Pa.
892 2886 958 2953 IX.
974 2909 1008 2953 n.
1024 2885 1095 2972 12).
1109 2885 1201 2955 Hinc
1217 2884 1400 2975 supposita
1415 2883 1539 2953 defini·

363 2993 458 3062 tione
480 2993 634 3084 pertinet
656 2993 794 3085 quidem
817 2994 861 3062 ad
888 2992 1070 3063 scientiam
1097 2992 1329 3082 theologicam
1356 2984 1540 3061 ostendero

363 3102 512 3187 modum,
538 3124 605 3195 qno
626 3103 792 3172 veritatis
815 3101 960 3172 traditio
976 3125 1012 3171 se
1028 3102 1151 3189 habet3
1177 3125 1246 3170 non
1268 3108 1383 3170 tamen
1398 3123 1540 3172 necessa

364 3215 429 3293 est,
447 3214 488 3278 ut
502 3209 656 3278 rationes
672 3232 805 3300 semper
821 3213 1010 3300 suppetant
1024 3209 1241 3294 huiusmodi,
1260 3231 1348 3300 qnae
1359 3232 1422 3299 per
1434 3232 1471 3277 se
1485 3231 1539 3277 so·

364 3317 419 3386 lae
431 3317 644 3407 praecisione
667 3319 763 3387 facta
777 3318 821 3386 ab
835 3312 1040 3387 infallibilis
1054 3317 1232 3387 Ecclesiae
1245 3317 1374 3387 iudicio
1390 3316 1540 3386 authen·

364 3426 434 3495 ticc
446 3425 644 3495 sufficerent
653 3426 697 3497 ad
709 3426 846 3517 plenam
859 3426 1023 3496 veritatis
1032 3426 1186 3495 traditae
1196 3423 1536 3495 demonstrationem.

432 3535 484 3603 De
506 3534 563 3603 his
586 3534 838 3621 fundamentis,
857 3555 944 3626 quac
958 3533 1111 3603 diximus
1121 3536 1333 3625 principium
1349 3536 1451 3616 furis,
1468 3555 1540 3601 am·

365 3643 521 3734 plissime
544 3642 793 3712 demonstratis
815 3644 852 3711 in
876 3648 1023 3735 utroque
1041 3643 1211 3712 Tractatu
1224 3644 1265 3712 dc
1282 3642 1487 3712 Traditione
1503 3647 1541 3710 et

367 3749 552 3840 Scriptura
573 3750 703 3820 nemini
717 3750 897 3821 Catholicc
913 3751 1075 3820 dubitare
1097 3752 1153 3819 fas
1173 3757 1238 3821 est.
1258 3750 1326 3821 Sed
1342 3749 1402 3842 qui
1418 3749 1540 3839 genui·

366 3859 513 3928 nitatem
536 3881 576 3928 ac
599 3860 818 3929 authentiam
841 3860 909 3929 loci
932 3859 1084 3929 alicuius
1100 3859 1374 3950 scripturarum,
1391 3863 1433 3928 ut
1447 3881 1541 3951 nnnc

367 3971 525 4051 exstant,
551 3966 755 4037 indubium
778 3974 906 4037 vocant
929 3968 985 4038 vel
1010 3967 1146 4036 omnino
1170 3974 1321 4058 negant,
1348 3967 1454 4062 simul
1477 3967 1543 4035 boc

367 4075 443 4165 ipso
466 4079 610 4164 negant,
623 4072 816 4145 Ecclesiam
839 4098 1002 4168 nmquam
1024 4075 1131 4145 talem
1154 4082 1291 4145 textum
1315 4073 1374 4144 vel
1397 4072 1543 4145 solemni

369 4182 506 4251 decreto
529 4181 586 4251 vel
610 4182 797 4252 sufficienti
821 4206 988 4255 consensu
1020 4190 1197 4276 tamquam
1221 4189 1359 4274 partem
1383 4182 1543 4273 Scriptu-

370 4310 428 4358 rae
452 4311 570 4360 sacrae
601 4312 642 4360 ac
664 4291 808 4381 proinde
830 4296 1007 4384 tamquam
1031 4293 1179 4363 verbnm
1202 4291 1267 4361 Dei
1293 4290 1464 4382 scriptum
1488 4290 1544 4359 de·

369 4397 521 4469 clarasse
544 4406 581 4470 st
602 4399 765 4470 fidelibus
787 4401 1017 4492 proposuisse.
