3172 4950
655 336 694 352 -
715 308 775 368 513
797 339 834 352 -

168 413 206 480 ab
227 410 310 481 aliis
333 411 494 501 deinceps
516 409 681 480 Consiliis
696 434 737 481 ac
752 412 917 481 Patribus
933 414 1132 482 damnatum
1148 421 1201 484 est
1216 418 1329 488 nomi-

168 519 272 589 natim
296 520 339 587 ob
360 519 531 589 haeresim
553 519 797 588 Nestorianam
827 519 868 588 de
891 520 998 589 Verbi
1021 522 1259 593 incarnatione
1290 527 1328 594 in

168 650 202 697 so
223 627 514 717 comprehensam.
542 627 744 717 Symbolum
767 627 831 696 hoc
854 629 1071 704 Theodorum
1098 631 1223 700 habuit
1248 655 1328 705 auc·

168 739 291 820 torem,
315 755 338 801 a
352 734 514 804 Nestoris
530 757 612 803 vero
628 735 770 826 eiusque
787 736 1017 804 sectatoribus
1034 740 1269 827 usurpabatur
1284 740 1328 809 ad

168 862 260 911 suam
274 839 445 909 baeresim
460 840 730 930 propagandam.
742 841 792 909 Da
809 841 865 909 his
881 843 970 910 satis
987 843 1139 911 diximus
1151 845 1188 912 in
1206 847 1326 917 Tract.

168 950 203 1021 de
226 949 405 1018 Incarnat.
424 949 477 1017 th.
495 948 628 1017 XXIV.
654 948 729 1015 Iam
752 948 790 1015 in
813 949 877 1017 boc
901 950 1058 1037 symbolo
1080 944 1230 1040 primurn
1254 953 1328 1022 bre·

168 1056 219 1127 ris
241 1062 297 1125 est
317 1055 488 1145 expositio
510 1055 592 1123 fidei
615 1056 656 1123 de
680 1055 784 1123 Patre
807 1062 842 1123 et
856 1054 950 1122 Filio
967 1056 1103 1123 omnino
1120 1058 1326 1145 orthodoxa,

168 1172 238 1235 tum
260 1163 419 1256 sequitur
442 1163 551 1232 multo
573 1162 745 1253 prolixior
767 1169 802 1231 et
825 1163 1010 1232 manifesto
1024 1155 1193 1253 polemica
1216 1166 1328 1235 decla·

168 1271 255 1341 ratic
279 1269 321 1339 ds
344 1269 483 1360 Spiritu
506 1269 633 1338 Sancto
656 1268 693 1336 in
717 1270 809 1338 huuc
825 1270 972 1338 modum:
1001 1276 1069 1338 cet
1091 1271 1129 1338 in
1156 1271 1328 1361 Spiritum

168 1380 332 1450 Sanctum
354 1377 566 1465 (credimus),
593 1377 653 1468 qui
676 1384 731 1447 est
753 1400 795 1446 ex
818 1378 884 1447 Dei
906 1378 1115 1464 substantia,
1132 1386 1328 1448 nontamen

168 1492 217 1555 est
238 1484 368 1572 Filius,
394 1491 447 1553 est
469 1506 552 1554 vero
572 1485 669 1553 Deus
691 1484 844 1553 existens
867 1485 1030 1569 essentia,
1056 1491 1176 1574 utpote
1201 1487 1260 1576 qui
1273 1493 1328 1555 est

168 1592 530 1678 eiusdemessentiae,
556 1593 656 1661 cuius
678 1598 732 1661 eat
753 1592 848 1660 Deus
871 1598 907 1660 et
921 1591 1037 1676 Pater,
1053 1614 1095 1659 ex
1119 1615 1186 1684 quo
1209 1616 1328 1662 secun·

168 1703 245 1772 lum
268 1699 452 1770 essentiam
475 1706 552 1788 est,
577 1722 639 1767 nos
662 1700 753 1768 enim
768 1749 776 1786 ,
794 1698 911 1791 inquit
926 1698 1155 1789 (Apostolus),
1167 1724 1235 1769 non
1252 1700 1328 1791 Spi-

168 1808 274 1878 ritum
296 1805 416 1874 mundi
437 1805 633 1895 accepimus
656 1804 715 1873 sed
739 1804 914 1894 Spiritum
937 1805 1061 1896 quiex
1085 1806 1156 1875 Deo
1179 1813 1250 1891 est,
1277 1830 1327 1876 sc·

168 1936 292 2007 parans
314 1912 551 2003 (Apostolus)
574 1911 675 1980 illum
705 1913 748 1980 ab
779 1912 945 1982 universa
975 1918 1161 1998 creatura,
1187 1915 1327 2006 Deoque

168 2022 389 2111 coniungens,
415 2043 457 2088 ex
481 2042 548 2112 quo
571 2019 758 2088 secundum
780 2018 965 2089 essentiam
988 2027 1042 2089 est
1063 2020 1233 2110 peculiari
1257 2021 1325 2091 sibi

168 2129 299 2200 ratione
321 2134 358 2196 et
379 2126 518 2196 diversa
540 2127 583 2193 ab
606 2126 762 2194 omnibus
785 2126 977 2211 creaturis,
1004 2149 1090 2219 quas
1119 2151 1187 2196 non
1210 2152 1344 2204 secum,

168 2237 246 2308 dum
269 2235 455 2304 essentiam
478 2233 538 2301 sed
561 2231 768 2302 causalitate
792 2232 979 2302 creationis
1001 2256 1043 2301 ex
1065 2234 1137 2302 Deo
1160 2255 1234 2303 esse
1258 2257 1329 2303 cre-

168 2344 291 2429 dimus,
306 2347 345 2411 et
358 2364 467 2434 neque
479 2339 611 2408 Filium
623 2363 700 2409 eum
717 2340 899 2425 credimus,
912 2362 1022 2433 neque
1036 2362 1097 2431 per
1108 2340 1240 2408 Filium
1255 2340 1328 2408 exi·

168 2451 331 2522 stantiam
354 2450 526 2541 accepisse
537 2472 546 2536 3
566 2447 615 2536 (1)
631 2448 833 2538 profitemur
849 2454 964 2516 autem
975 2448 1114 2516 Patrem
1136 2449 1329 2537 perfectum

168 2577 331 2650 muana,
350 2561 386 2625 et
407 2554 540 2623 Filium
562 2553 742 2639 similiter,
759 2554 904 2646 parique
920 2553 1018 2622 modo
1041 2552 1211 2642 Spiritum
1224 2552 1329 2622 Sanc·

168 2670 250 2750 tum,
268 2662 319 2750 (2)
342 2668 480 2731 retenta
494 2661 654 2730 doctrina
668 2659 825 2751 pietatis,
844 2666 886 2728 ut
901 2660 1041 2728 Patrem
1065 2665 1101 2727 st
1121 2658 1253 2726 Filium
1269 2679 1329 2749 pa·

168 2771 319 2862 ritarque
342 2769 513 2860 Spiritum
535 2766 702 2837 Sanctum
723 2789 792 2836 non
814 2771 887 2835 tres
909 2766 1047 2858 aliquas
1063 2766 1263 2835 ffiffersntes
1277 2788 1328 2836 ss·

168 2878 295 2948 sentias
307 2876 498 2962 credamus,
513 2875 572 2945 sed
585 2897 689 2948 uam
700 2875 886 2945 identitate
897 2874 1040 2944 deitatis
1054 2873 1327 2963 agnoscendam»

168 2983 280 3074 [Conc.
294 2983 409 3052 blansi
425 2982 467 3052 Τ.
481 2982 546 3052 IV.
560 3007 594 3074 p.
611 2981 728 3068 1348).

227 3089 273 3157 In
297 3089 363 3158 hac
386 3090 598 3179 expositione
619 3110 718 3181 nemo
740 3110 808 3156 non
831 3087 955 3174 videt,
980 3093 1156 3157 auctorem
1179 3084 1331 3175 symboli

168 3197 204 3267 rb
227 3195 347 3265 oculos
370 3195 533 3265 babuisse
556 3202 592 3264 et
613 3196 745 3265 directe
767 3217 969 3286 oppugnare
999 3194 1192 3265 doctrinam
1214 3195 1331 3263 Pneu-

168 3302 457 3374 matomachorum
479 3303 580 3372 illius
602 3303 743 3372 aetatis.
757 3303 942 3393 Negabant
963 3303 1031 3390 illi,
1058 3309 1100 3372 ut
1121 3300 1226 3393 paulo
1249 3309 1330 3371 anta

168 3410 387 3496 tetendimus,
412 3411 660 3501 processionem
683 3409 840 3500 Spiritus
856 3410 979 3482 Sancti
1001 3433 1044 3480 ex
1066 3409 1182 3495 Patre,
1200 3413 1238 3478 et
1253 3409 1330 3478 ideo

213 3662 258 3744 (1)
275 3667 327 3720 Kar
347 3663 384 3728 irc
404 3685 433 3719 rc
452 3685 558 3737 πνιυμα
581 3668 607 3719 dr
627 3685 656 3718 rc
674 3664 766 3738 ἅγιον,
788 3664 816 3719 iu
840 3683 886 3728 της
910 3661 973 3718 Sicu
997 3682 1132 3736 τυγχανον
1152 3662 1257 3727 ὅπως,
1277 3660 1329 3735 dux

168 3757 231 3822 iser,
248 3752 313 3809 Secu
332 3757 359 3808 dr
378 3749 442 3809 ὄντα
460 3774 492 3828 τῃ
511 3753 606 3823 deoru,
623 3754 656 3816 ὦς
682 3751 781 3817 iarum
799 3752 826 3809 ὄν
846 3772 894 3815 της
913 3749 1015 3817 durrat,
1036 3753 1124 3825 durae
1144 3745 1215 3806 iuris
1235 3749 1248 3807 d
1268 3747 1330 3811 θιος

168 3867 205 3901 ras
223 3865 323 3916 nume,
341 3840 370 3912 ἒξ
389 3842 468 3918 ὄντες
488 3840 544 3899 κατ’
562 3843 654 3899 durrus
675 3841 756 3899 ism.
773 3843 850 3915 ἦμιις
869 3864 931 3916 γαρ,
950 3855 1038 3915 φησιν,
1055 3840 1084 3896 c'u
1105 3861 1135 3895 rc
1150 3860 1255 3912 πνιυμα
1269 3835 1330 3894 ἔλα·

168 3934 245 4008 ἰαμιν
264 3952 312 3987 acu
330 3953 434 4007 κοσμου
452 3933 528 3988 ἄλλα
546 3954 576 3987 rc
595 3953 702 4006 πνευμα
721 3954 751 3987 το
770 3933 799 3988 ia
819 3930 889 3997 Sacc,
905 3952 952 3995 της
965 3952 1013 4004 μεν
1032 3951 1139 3995 arserat
1158 3928 1330 4004 α’ποχυρισας

168 4023 274 4087 iamt
297 4020 348 4095 Sap
367 4027 393 4078 dr
413 4022 546 4095 συναψας,
566 4022 594 4090 ἒξ
614 4024 692 4096 όνπερ
712 4021 766 4077 aar*
791 4021 883 4079 ὄυσιαν
910 4020 982 4078 ioris
1007 4020 1137 4095 ε’διαζοντι
1163 4027 1235 4094 λογῳ
1255 4040 1331 4093 παρα

168 4133 255 4169 saw
275 4111 482 4176 mansuetuda
502 4111 531 4167 οὐ
551 4108 607 4166 κατ’
626 4110 718 4166 ducrum
737 4109 799 4166 ἀλλ’
817 4110 895 4179 cirrrqr
914 4114 1085 4183 δημιουργιας
1100 4107 1129 4166 ia
1147 4107 1209 4164 Secu
1226 4106 1332 4182 νομιζο-

168 4222 209 4255 urr
230 4199 306 4268 issar,
325 4221 368 4254 και
387 4200 448 4256 dura
466 4200 524 4255 nica
543 4198 684 4273 νομιζομεν
704 4196 768 4254 imm
788 4199 848 4255 ὄντι
868 4203 912 4253 δια
931 4199 986 4257 o'rcu
1008 4219 1054 4257 την
1075 4198 1183 4270 decrepita
1199 4196 1315 4267 εἰληφος.

215 4287 261 4365 (2)
279 4292 368 4346 Nulla
384 4291 432 4346 hic
450 4305 535 4345 causa
554 4288 721 4358 suspicandi
739 4288 990 4344 Sabellianlsmum
1009 4304 1070 4342 curn
1092 4290 1206 4342 auctore
1225 4284 1296 4338 libri
1314 4299 1332 4336 a

168 4379 297 4436 iucundo
316 4381 412 4436 Herm.
422 4379 586 4450 inpugnati
604 4377 683 4452 (vids
693 4378 821 4434 Fecund.
832 4381 854 4436 l.
868 4379 924 4435 111.
935 4394 960 4433 c.
972 4374 1014 4448 b.)

1166 4482 1192 4533 a·
