3172 4950
462 318 466 326 '
556 353 594 366 -
616 321 656 382 75
679 353 717 367 -

62 442 119 487 nen
139 418 331 490 haereseos
354 430 542 510 vocarent;
569 426 855 517 quemadmodum
869 426 1052 496 Michaelis
1076 427 1143 497 sibi
1167 451 1222 498 sc·

63 526 168 594 cidisse
180 529 414 620 conqueritur
427 528 466 617 (Ι.
478 553 507 599 c.
520 538 606 600 sect.
620 530 667 618 1).
678 534 865 625 Postquam
880 557 963 603 vero
976 534 1100 624 dogma
1109 536 1223 626 ipenm

62 634 192 722 primum
208 661 275 726 per
299 638 480 716 cuniculos
496 639 698 730 impugnari
714 642 838 731 coepit,
858 628 982 712 deinde
998 644 1223 732 praevalente

62 741 304 815 Rationalismo
327 753 446 837 aperte
468 747 694 818 reiiciebatur
712 749 923 843 aplerisque
946 751 1222 821 Protestantium
1268 817 1270 821 .

63 848 258 942 doctoribus,
277 860 353 924 tum
377 856 511 925 demum
534 880 603 925 non
620 880 712 928 nova
727 865 945 947 arguments,
962 881 1061 950 quae,
1076 867 1119 929 ut
1132 861 1220 948 dixi,

63 956 143 1024 nulls
164 982 315 1049 prorsus
338 959 483 1046 habent,
511 962 570 1030 sed
594 959 677 1031 illas
700 962 834 1053 pridem
851 963 920 1032 iam
936 962 1139 1032 notissimas
1155 966 1223 1034 dif-

64 1066 223 1136 ficultates
246 1090 463 1158 exaggerare
486 1077 695 1160 coeperunt,
711 1072 848 1163 ¹quibus
863 1071 1100 1141 testimonium
1113 1073 1224 1163 primo

65 1173 188 1242 dubium
213 1176 339 1246 deinde
354 1201 498 1267 prorsus
515 1180 672 1270 spurium
688 1179 953 1271 proclamarent.
972 1179 1069 1263 Quae
1085 1182 1223 1273 quidem

66 1281 195 1351 historia
222 1287 484 1356 controversiae
507 1288 686 1374 ostendit,
713 1288 825 1358 multo
856 1289 969 1379 magis
996 1281 1222 1379 praeiudiciis

66 1398 88 1458 et
105 1414 220 1461 errore
245 1393 443 1483 dogmatico
466 1418 568 1487 quam
591 1396 810 1486 argumentis
834 1397 969 1466 criticis
991 1418 1049 1466 eos
1072 1397 1109 1464 in
1133 1398 1223 1466 hano

67 1500 258 1570 erientiam
282 1501 512 1572 descendisse.

114 1607 186 1676 Hoc
210 1631 294 1676 vero
318 1612 432 1699 magis
455 1611 672 1698 mirandum,
699 1613 790 1704 quod
817 1613 979 1682 nonnulli
1010 1614 1116 1682 etiarn
1146 1637 1222 1684 ern·

70 1715 117 1783 liti
136 1715 311 1789 Catholici
335 1718 394 1788 vel
417 1721 480 1788 eis.
491 1720 528 1789 in
543 1721 702 1810 negando
719 1721 958 1791 consenserint
972 1722 1035 1810 (1),
1054 1723 1112 1793 vel
1128 1731 1221 1793 certe

72 1823 176 1892 dicuni
199 1825 456 1915 genuinitatem
480 1834 599 1920 aperte
622 1827 794 1898 affirmare
810 1828 960 1899 actuari
976 1829 1037 1898 vix
1053 1832 1219 1900 audeaut.

527 2046 677 2107 -THESIS
699 2047 739 2108 V.

230 2170 473 2231 Demonstratio
493 2169 550 2232 SS.
572 2172 750 2232 Trinitatis
771 2190 813 2233 esc
836 2173 865 2234 1.
882 2172 930 2233 Io.
954 2172 988 2233 V.
1001 2171 1034 2233 7.

124 2363 134 2391 ι
146 2346 178 2398 Iu
192 2344 325 2402 doctrina
337 2347 366 2400 S.
379 2349 497 2402 Ioannis
509 2348 626 2402 1.10.v.
640 2348 685 2401 6-9
697 2348 840 2402 declarato
852 2363 926 2401 nexu
937 2348 1014 2400 inter
1025 2344 1221 2400 testimouium

75 2432 202 2500 sipiritus
221 2453 273 2504 pro
293 2438 410 2491 Christo
429 2440 487 2491 Deo
506 2442 536 2492 et
555 2439 668 2492 homine
689 2456 717 2492 v.
729 2438 755 2506 6,
771 2438 850 2491 inter
868 2438 1064 2490 testimonium
1083 2438 1170 2490 trium
1189 2439 1220 2489 in

74 2527 154 2577 viena
173 2542 223 2593 pro
245 2542 313 2580 vera
327 2527 444 2580 ‘Christi
457 2527 635 2580 humanitate
650 2544 677 2580 v.
690 2528 716 2595 8,
733 2532 762 2580 et
780 2529 858 2580 inter
873 2526 1068 2579 testimonium
1088 2526 1176 2578 trium
1188 2527 1219 2577 in

50 2638 51 2641 ¹
72 2617 160 2684 a-aoelo,
175 2619 283 2684 Patris,
300 2620 387 2672 Verbi
402 2621 431 2671 et
449 2618 575 2687 Spiritus
594 2619 702 2686 Sancti,
724 2619 774 2686 qui
788 2622 847 2671 tres
861 2633 947 2671 unum
961 2620 1031 2670 suut
1041 2633 1069 2669 v.
1081 2618 1107 2684 ’ῖς
1123 2632 1157 2668 ex
1170 2617 1221 2669 hoo

71 2705 138 2771 »ipso
151 2709 212 2761 loco
232 2708 447 2762 demonstratur
466 2710 553 2762 trium
573 2724 757 2777 personarum
773 2709 892 2762 realiter
905 2707 1107 2761 distinctarum
1122 2707 1222 2760 unitas

69 2796 228 2850 Psecuudum
247 2796 377 2851 divinam
397 2799 588 2852 essentiam.»

113 2975 141 3045 Ι.
157 2975 291 3067 Scopus
302 2975 513 3067 praecipuus
528 2964 848 3066 Ioannis'Apostoli
865 2975 958 3045 sicut
972 2975 1011 3043 in
1028 2997 1090 3044 suo
1103 2974 1219 3044 Evan·
1287 3031 1289 3035 ,

62 3081 136 3170 gelio
149 3085 202 3154 ita
219 3085 327 3154 etiam
343 3085 382 3152 in
398 3085 463 3154 hac
479 3084 627 3176 epistola
642 3084 743 3154 velut
756 3082 948 3174 Evangelii
964 3082 1219 3152 introductione

61 3188 84 3256 is
110 3200 182 3278 est,
208 3200 250 3262 ut
272 3193 393 3262 doceat
417 3215 457 3263 ac
480 3193 686 3284 praedicet,
716 3192 835 3285 aquia
857 3191 956 3260 Iesus
980 3197 1033 3261 est
1056 3190 1219 3260 Christus

58 3295 159 3370 Filius
180 3301 276 3369 Dein
302 3303 353 3370 Ιο.
368 3300 449 3369 XX.
470 3301 525 3386 31,
552 3301 589 3370 id
614 3301 705 3393 quod
728 3300 832 3368 initio
849 3301 971 3369 statim
988 3299 1155 3391 epistolae
1172 3299 1218 3368 si·

57 3413 106 3476 out
125 3408 229 3479 initio
252 3409 441 3501 Evangelii
465 3408 684 3500 apertissime
707 3409 889 3495 declarat,
915 3408 1010 3477 etin
1033 3407 1218 3501 utriusque

113 3622 156 3699 (1)
173 3628 255 3679 Inter
274 3625 436 3680 catholicos
455 3627 569 3680 labente
590 3640 661 3679 esee.
671 3625 754 3680 xv11
774 3625 883 3694 primns
904 3627 970 3691 post
989 3622 1147 3676 Concilium
1158 3621 1217 3674 'iri-

56 3713 191 3771 dentinum
210 3717 372 3770 Richardus
392 3715 488 3769 Simon
511 3715 620 3770 directe
644 3719 813 3782 argumenta
835 3714 986 3783 proposuit
1004 3717 1103 3767 contra
1120 3711 1217 3776 genui-

55 3807 161 3862 ritatem
181 3808 320 3862 verniculi
338 3805 482 3880 (critique
501 3807 539 3861 du
549 3811 584 3862 N.
598 3801 942 3876 u.'i¹.11.c.18).riu110s
956 3804 1011 3856 illa
1020 3804 1117 3856 aetate
1127 3799 1218 3854 adhuc

54 3901 150 3965 reperit
168 3901 395 3968 approbatores,
415 3915 546 3955 censores
568 3915 636 3953 vero
656 3897 855 3951 severissimos
874 3894 932 3968 (ci.
949 3898 1072 3951 Bossuet
1095 3895 1218 3951 Secoude
1325 3893 1330 3902 '

55 3986 131 4044 lustr.
142 4007 194 4045 sur
203 3992 231 4043 le
244 3992 280 4046 N.
292 3992 324 4045 Τ.
340 3991 374 4044 de
387 3992 518 4046 Trevoux
532 3992 565 4045 Τ.
576 3991 627 4045 iv.
636 4005 665 4057 p.
680 3983 756 4062 609).
771 3988 947 4056 Quamquam
966 4002 1002 4040 ne
1021 3988 1084 4055 ipse
1104 3984 1218 4054 quidem

54 4075 184 4134 Simonias
203 4082 385 4135 authentiam
411 4081 549 4135 versiculi
577 4079 714 4148 explicite
738 4094 842 4144 negare
862 4091 948 4131 ausus
969 4081 1032 4144 est;
1056 4078 1111 4130 imo
1131 4077 1218 4128 etiam

54 4167 168 4238 latetur,
192 4187 252 4223 eam
276 4172 449 4224 auctoritate
463 4171 608 4224 Ecclesiae
627 4167 788 4224 confirmari
802 4171 831 4220 et
852 4181 914 4219 esse
928 4165 1144 4219 admittendam:
1162 4185 1174 4211 u
1191 4165 1216 4216 ll

54 4261 125 4325 n'ya
147 4276 201 4329 qne
222 4262 242 4313 l'
254 4262 379 4315 antoritt
399 4262 433 4314 de
451 4245 569 4326 l’Iiglise
584 4260 634 4327 qui
655 4274 727 4311 nous
747 4258 825 4311 fasse
846 4256 1030 4324 aujourd’hui
1050 4255 1217 4308 rseevoirce

53 4365 160 4416 passage
182 4366 286 4405 comme
311 4351 510 4419 authenticae.
523 4352 563 4404 Le
585 4349 670 4403 Graes
689 4352 792 4402 mames
807 4348 857 4415 qui
877 4350 943 4401 sont
956 4347 1083 4400 ennemis
1104 4345 1153 4397 des
1167 4346 1218 4397 La·

53 4441 121 4511 tire,
143 4441 318 4498 e'eecordsut
336 4440 476 4497 indoneus
497 4457 566 4497 avec
585 4455 639 4496 eux
653 4461 666 4490 u
680 4437 734 4514 (ib.
745 4456 773 4508 p.
784 4436 860 4511 217).
