3172 4950
869 346 906 360 -
931 315 988 375 194
1010 347 1048 361 -

371 422 464 492 inter
485 417 595 487 Deum
619 424 656 488 et
678 418 848 488 hominem
870 419 908 487 in
931 418 1083 506 Christo,
1100 427 1206 514 etque
1229 420 1284 492 ite
1298 423 1400 494 modo
1421 423 1537 494 sultam

370 527 535 619 loqnendi
557 525 756 612 Christum,
783 533 824 596 ut
845 532 967 618 postea
988 526 1185 615 Nestorius,
1204 529 1242 598 in
1265 530 1357 601 duas
1379 551 1537 621 persensa

371 635 600 705 dividebant:
623 662 640 697 u
657 633 811 726 undique
827 635 967 706 obducti
983 635 1208 707 distinetione
1223 637 1347 707 Patris
1362 643 1401 707 et
1413 637 1536 709 Filii..

372 742 477 812 aliter
499 763 574 810 eam
597 740 642 808 ad
664 763 763 810 suem
779 742 1007 812 nihilominus
1023 744 1232 814 seutentiam
1246 744 1479 836 interpretari
1492 768 1537 818 eo

371 855 528 932 nentur,
553 855 595 918 ut
617 870 724 939 aeque
746 847 785 916 in
807 871 878 918 una
900 872 1047 939 persone
1069 855 1155 938 (una
1177 858 1316 923 tantum
1337 853 1538 945 personatu

372 959 443 1028 Deo
466 956 640 1042 admissa)
663 963 851 1046 utrumque
874 957 1118 1048 distinguant,
1153 959 1293 1030 Patrem
1320 967 1360 1031 et
1388 960 1535 1047 Filium,

373 1065 526 1135 dicentes
548 1063 679 1132 Filium
697 1085 834 1133 earnem
850 1087 935 1150 ease,
953 1064 990 1133 id
1006 1072 1060 1134 est
1075 1064 1258 1152 homiuem,
1278 1066 1316 1136 id
1338 1073 1397 1137 est
1418 1068 1535 1157 Iesum

372 1173 511 1242 Patrem
533 1179 650 1242 autem
672 1171 849 1262 spiritum,
876 1171 913 1242 id
936 1178 990 1241 est
1011 1173 1133 1259 Deum,
1153 1173 1191 1243 id
1212 1180 1268 1244 est
1289 1173 1537 1249 censensus

373 1280 434 1373 qui
458 1302 568 1348 unum
592 1279 805 1372 eundemque
828 1280 1043 1349 contendunt
1073 1280 1212 1350 Patrem
1236 1287 1272 1352 et
1292 1281 1454 1369 Filium,
1476 1283 1536 1354 iau

372 1387 548 1476 incipiunt
570 1386 728 1455 dividere
751 1385 832 1455 illos
854 1387 1093 1478 potiusquam
1109 1409 1260 1458 unare...
1275 1389 1397 1459 Talem
1414 1412 1536 1475 monere
1580 1394 1582 1401 '

373 1493 486 1564 obium
509 1492 602 1583 apud
625 1492 851 1562 Valentinum
881 1494 1031 1564 fortasse
1060 1493 1281 1581 didicerunt,
1314 1496 1403 1566 duos
1433 1499 1534 1569 hoen

371 1600 486 1670 Iesum
501 1608 538 1671 et
553 1599 759 1669 Christum»
787 1600 940 1670 Tertull.
954 1608 1066 1671 contr.
1086 1602 1192 1671 Prax.
1208 1625 1239 1673 a.
1255 1602 1312 1673 27.
1331 1605 1395 1692 (oi.
1413 1604 1456 1675 de
1475 1604 1533 1675 Ve-

373 1706 507 1779 lentino
532 1730 639 1799 supra
661 1732 694 1799 p.
710 1709 795 1794 Vb).
821 1708 922 1778 Nune
946 1730 988 1777 ex
1012 1708 1127 1779 indole
1155 1709 1313 1779 haeresis
1339 1711 1531 1804 impugnes·

373 1820 438 1890 dae
460 1821 626 1909 apparet,
652 1839 715 1886 our
737 1815 955 1907 Hippolytus
969 1817 1120 1908 primum
1135 1818 1269 1908 probet,
1288 1819 1381 1910 quod
1396 1819 1531 1891 verbu
1580 1896 1582 1905 ,

373 1934 428 1996 est
450 1925 692 2011 incarnatum5
720 1924 843 1995 deinde
865 1948 948 1994 vero
970 1925 1116 1995 insistat
1130 1931 1203 1995 tam
1218 1925 1373 1998 disertae
1394 1927 1529 2000 umbre

373 2033 487 2119 tioni,
507 2033 597 2125 quod
613 2032 765 2102 Verbum
781 2034 1002 2103 incarnatum
1017 2039 1157 2103 estune
1173 2055 1321 2124 persone
1336 2034 1454 2106 Filius
1465 2035 1526 2121 ud,

373 2143 465 2213 idem
487 2141 582 2210 Deus
604 2139 758 2209 Verbum
781 2145 817 2210 et
838 2140 951 2209 homo.
966 2139 1139 2222 Quoniam
1162 2163 1246 2211 vero
1268 2141 1466 2212 adversarii
1482 2141 1526 2212 li·

375 2252 463 2323 lium
486 2249 761 2338 intelligebant,
787 2254 960 2339 quatenus
982 2253 1036 2317 eet
1057 2246 1175 2317 Filius
1199 2248 1353 2320 hominia
1376 2257 1478 2322 natus
1492 2272 1524 2321 eu

373 2359 543 2450 Virgine,
569 2356 786 2447 Hippolytus
809 2355 1001 2445 distinguit
1022 2355 1194 2424 rationem
1208 2354 1318 2425 Verbi
1333 2357 1523 2449 unigenitia

373 2468 478 2539 Patre
501 2473 539 2535 et
561 2463 788 2533 ineffabiliter
812 2463 999 2532 seeundum
1016 2463 1180 2554 spiritum
1196 2462 1401 2551 (seeundum
1415 2461 1521 2536 divini·

375 2578 498 2661 tatem)
522 2572 682 2665 generati
705 2593 727 2639 e
747 2572 875 2656 Patre,
901 2576 936 2641 et
958 2571 1129 2640 rationem
1152 2571 1220 2642 filii
1236 2573 1388 2642 hominis
1402 2573 1441 2642 in
1460 2579 1523 2644 uu·

374 2705 457 2774 pore
487 2704 529 2750 ex
552 2680 702 2771 Virgine
732 2680 808 2748 nati
840 2679 1027 2748 seeundum
1057 2701 1218 2767 earnem3
1244 2681 1280 2750 h.
1301 2702 1332 2750 e.
1358 2675 1525 2770 distinguit

376 2790 481 2860 unius
503 2789 724 2880 eiusdemque
747 2809 913 2878 personae
936 2787 1109 2879 duplioem
1126 2788 1388 2878 generationem
1411 2810 1453 2859 ex
1472 2787 1525 2859 Da

375 2895 480 2966 Patre
495 2895 683 2964 secundum
698 2894 939 2978 divinitatem,
958 2900 994 2963 et
1009 2917 1051 2963 ex
1068 2894 1218 2984 Virgine
1232 2900 1345 2965 matre
1361 2895 1528 2966 seeunduu

376 3003 649 3087 humanitatem,
674 3010 710 3072 et
731 3025 773 3071 ex
798 3009 946 3095 utraque
969 3002 1074 3072 simul
1097 3003 1150 3073 ait
1171 3001 1329 3094 intelligi
1355 3004 1529 3094 persam

377 3110 522 3194 Filium,
533 3111 568 3180 h.
580 3133 611 3179 e.
637 3110 808 3179 rationem
823 3110 911 3180 Filii
926 3111 993 3182 Dei
1007 3115 1045 3180 et
1058 3109 1145 3180 Filii
1162 3111 1323 3196 hominis,
1344 3131 1435 3204 quae
1448 3106 1531 3180 Obri-
1570 3116 1582 3203 'p'

377 3224 432 3288 sto
455 3218 527 3288 Deo
550 3216 682 3287 bomini
705 3220 881 3308 competit.
897 3218 997 3303 Quod
1020 3242 1104 3310 ergo
1127 3220 1202 3305 ait,
1229 3225 1313 3288 ante
1335 3215 1531 3290 inoarnuu'o

376 3348 453 3395 nem
477 3324 588 3394 fuisse
611 3328 804 3416 perfeetum
828 3327 981 3396 Verbum
1003 3333 1040 3396 et
1062 3327 1291 3418 Unigenitum
1313 3326 1448 3413 Patris,
1465 3346 1534 3397 nou·

377 3432 458 3502 dum
482 3440 598 3503 tamen
621 3435 814 3524 perfeetum
836 3434 992 3522 Filium,
1018 3458 1086 3505 nou
1109 3441 1227 3528 potest
1256 3435 1332 3506 sine
1362 3435 1537 3506 musea

377 3540 649 3612 eontradietione
672 3542 840 3633 intelligi,
861 3544 961 3635 quasi
976 3544 1127 3614 nondum
1157 3543 1268 3614 inerit
1289 3544 1469 3635 perlaetus
1487 3539 1538 3613 Fi·

377 3647 449 3718 lius
470 3648 558 3732 Dei,
585 3670 662 3718 oum
685 3648 816 3719 diserte
838 3649 934 3720 dieat
957 3650 1067 3720 fuisse
1097 3650 1319 3741 unigenitum
1341 3656 1379 3721 et
1408 3668 1538 3743 genere·

379 3764 455 3827 tum
478 3778 500 3825 a
522 3757 628 3827 Patre
660 3757 846 3828 seeundum
877 3760 1063 3850 spiritum
1096 3758 1158 3829 sed
1188 3758 1370 3850 signifieat
1399 3758 1541 3830 nondun

378 3865 488 3934 tuisse
510 3865 643 3936 Filium
665 3865 815 3936 hominis
838 3874 874 3937 et
896 3873 1101 3957 generatum
1123 3889 1165 3937 ex
1188 3866 1339 3958 Virgine
1362 3867 1543 3940 meunduu

379 3992 528 4041 earnem.
543 3973 634 4043 Hine
658 3973 764 4044 etiem
779 3974 817 4042 in
841 3975 954 4047 veteri
978 3974 1199 4046 Testamenta
1215 3974 1280 4045 hoe
1304 3996 1428 4063 seusu,
1453 3995 1544 4070 quen

378 4079 573 4149 adversarii
596 4101 680 4170 prae
702 4081 813 4150 oeulis
836 4081 1020 4166 habebant,
1046 4081 1200 4152 Verbum
1222 4082 1277 4150 ait
1300 4078 1546 4175 eese'appellu·

377 4189 454 4252 tum
475 4183 631 4268 Filium,
657 4185 741 4277 quia
763 4190 840 4255 erat
869 4185 1087 4255 naseiturum
1113 4209 1157 4256 ex
1179 4185 1341 4277 Virgine.
1368 4184 1473 4273 Quod
1499 4183 1548 4257 di·

339 4306 343 4314 ’
379 4289 509 4360 eertiue
532 4290 687 4382 explieat
708 4315 743 4361 u.
758 4292 807 4362 4.:
829 4321 846 4357 a
865 4292 1018 4363 Verbum
1041 4300 1129 4380 erat,
1149 4293 1300 4386 spiritus
1315 4300 1407 4382 eret,
1424 4295 1548 4367 viram

378 4402 468 4467 erat.
486 4397 587 4468 Unus
610 4421 786 4469 eommune
808 4422 932 4470 nomen
953 4407 989 4473 et
1011 4402 1105 4492 apud
1129 4402 1286 4473 homines
1315 4403 1491 4477 usitatum
1511 4403 1548 4474 iu
