<?xml version="1.0" encoding="UTF-8"?>
<!DOCTYPE html PUBLIC "-//W3C//DTD XHTML 1.0 Transitional//EN"
    "http://www.w3.org/TR/xhtml1/DTD/xhtml1-transitional.dtd">
<html xmlns="http://www.w3.org/1999/xhtml" xml:lang="en" lang="en">
 <head>
  <title>
</title>
<meta http-equiv="Content-Type" content="text/html;charset=utf-8" />
  <meta name='ocr-system' content='tesseract 3.04.00' />
  <meta name='ocr-capabilities' content='ocr_page ocr_carea ocr_par ocr_line ocrx_word'/>
</head>
<body>
  <div class='ocr_page' id='page_1' title='image "./tractatusdedeot00frangoog/tractatusdedeot00frangoog_0585.png"; bbox 0 0 3172 4950; ppageno 0'>
   <div class='ocr_carea' id='block_1_1' title="bbox 870 294 1049 357">
    <p class='ocr_par' dir='ltr' id='par_1_1' title="bbox 870 294 1049 357">
     <span class='ocr_line' id='line_1_1' title="bbox 870 294 1049 357; baseline 0.006 -2"><span class='ocrx_word' id='word_1_1' title='bbox 870 327 908 342; x_wconf 94' lang='lat'><em>-</em></span> <span class='ocrx_word' id='word_1_2' title='bbox 929 294 1049 357; x_wconf 79' lang='lat'>574-</span> 
     </span>
    </p>
   </div>
   <div class='ocr_carea' id='block_1_2' title="bbox 844 472 1072 544">
    <p class='ocr_par' dir='ltr' id='par_1_2' title="bbox 844 472 1072 544">
     <span class='ocr_line' id='line_1_2' title="bbox 844 472 1072 544; baseline 0.013 -3"><span class='ocrx_word' id='word_1_3' title='bbox 844 472 998 544; x_wconf 83' lang='lat' dir='ltr'>CAPUT</span> <span class='ocrx_word' id='word_1_4' title='bbox 1022 474 1072 544; x_wconf 88' lang='lat' dir='ltr'><strong>H.</strong></span> 
     </span>
    </p>
   </div>
   <div class='ocr_carea' id='block_1_3' title="bbox 407 625 1494 849">
    <p class='ocr_par' dir='ltr' id='par_1_3' title="bbox 407 625 1494 849">
     <span class='ocr_line' id='line_1_3' title="bbox 407 625 1494 672; baseline 0.002 -4"><span class='ocrx_word' id='word_1_5' title='bbox 407 628 448 668; x_wconf 67' lang='lat' dir='ltr'><strong>DE</strong></span> <span class='ocrx_word' id='word_1_6' title='bbox 467 626 720 669; x_wconf 69' lang='lat' dir='ltr'><strong>lnasslrsrrorln</strong></span> <span class='ocrx_word' id='word_1_7' title='bbox 738 625 901 669; x_wconf 73' lang='lat' dir='ltr'><strong>EPEOTATA</strong></span> <span class='ocrx_word' id='word_1_8' title='bbox 913 627 955 668; x_wconf 70' lang='lat' dir='ltr'><strong>EX</strong></span> <span class='ocrx_word' id='word_1_9' title='bbox 971 627 1077 669; x_wconf 67' lang='lat' dir='ltr'>PARTE</span> <span class='ocrx_word' id='word_1_10' title='bbox 1095 627 1281 672; x_wconf 76' lang='lat' dir='ltr'><strong>mvmsnars</strong></span> <span class='ocrx_word' id='word_1_11' title='bbox 1300 628 1494 671; x_wconf 63' lang='lat' dir='ltr'><strong>suasorius!</strong></span> 
     </span>
     <span class='ocr_line' id='line_1_4' title="bbox 602 716 1312 768; baseline 0 -9"><span class='ocrx_word' id='word_1_12' title='bbox 602 717 687 768; x_wconf 79' lang='lat' dir='ltr'><strong>Qusn</strong></span> <span class='ocrx_word' id='word_1_13' title='bbox 706 717 794 760; x_wconf 81' lang='lat' dir='ltr'><strong>UNUli</strong></span> <span class='ocrx_word' id='word_1_14' title='bbox 813 717 892 761; x_wconf 69' lang='lat' dir='ltr'><strong>sunu</strong></span> <span class='ocrx_word' id='word_1_15' title='bbox 910 717 1040 759; x_wconf 74' lang='lat' dir='ltr'><strong>NATURA</strong></span> <span class='ocrx_word' id='word_1_16' title='bbox 1059 718 1100 758; x_wconf 74' lang='lat' dir='ltr'><strong>lul·</strong></span> <span class='ocrx_word' id='word_1_17' title='bbox 1119 716 1312 761; x_wconf 73' lang='lat' dir='ltr'><strong>Drsrmcru</strong></span> 
     </span>
     <span class='ocr_line' id='line_1_5' title="bbox 690 804 1219 849; baseline -0.002 -3"><span class='ocrx_word' id='word_1_18' title='bbox 690 804 953 848; x_wconf 74' lang='lat' dir='ltr'><strong>cnsuscrsmnvs</strong></span> <span class='ocrx_word' id='word_1_19' title='bbox 972 805 1219 849; x_wconf 74' lang='lat' dir='ltr'>PERSONALIBUE.</span> 
     </span>
    </p>
   </div>
   <div class='ocr_carea' id='block_1_4' title="bbox 821 943 1086 1006">
    <p class='ocr_par' dir='ltr' id='par_1_4' title="bbox 821 943 1086 1006">
     <span class='ocr_line' id='line_1_6' title="bbox 821 943 1086 1006; baseline 0 -2"><span class='ocrx_word' id='word_1_20' title='bbox 821 945 966 1005; x_wconf 79' lang='lat' dir='ltr'><strong>&#39;l&#39;HESlS</strong></span> <span class='ocrx_word' id='word_1_21' title='bbox 988 943 1086 1006; x_wconf 82' lang='lat' dir='ltr'>XLV.</span> 
     </span>
    </p>
   </div>
   <div class='ocr_carea' id='block_1_5' title="bbox 560 1067 1362 1245">
    <p class='ocr_par' dir='ltr' id='par_1_5' title="bbox 560 1067 1362 1245">
     <span class='ocr_line' id='line_1_7' title="bbox 560 1067 1362 1148; baseline 0.004 -22"><span class='ocrx_word' id='word_1_22' title='bbox 560 1067 606 1128; x_wconf 89' lang='lat' dir='ltr'><strong>De</strong></span> <span class='ocrx_word' id='word_1_23' title='bbox 631 1068 874 1130; x_wconf 74' lang='lat' dir='ltr'><em>inhabitatione</em></span> <span class='ocrx_word' id='word_1_24' title='bbox 894 1072 1058 1130; x_wconf 78' lang='lat' dir='ltr'><strong>communi</strong></span> <span class='ocrx_word' id='word_1_25' title='bbox 1079 1071 1184 1130; x_wconf 80' lang='lat' dir='ltr'><strong>tribur</strong></span> <span class='ocrx_word' id='word_1_26' title='bbox 1200 1073 1362 1148; x_wconf 81' lang='lat' dir='ltr'><strong>personis,</strong></span> 
     </span>
     <span class='ocr_line' id='line_1_8' title="bbox 728 1171 1188 1245; baseline 0.004 -19"><span class='ocrx_word' id='word_1_27' title='bbox 728 1171 810 1245; x_wconf 80' lang='lat' dir='ltr'><strong>quia</strong></span> <span class='ocrx_word' id='word_1_28' title='bbox 830 1186 934 1227; x_wconf 81' lang='lat' dir='ltr'><strong>unum</strong></span> <span class='ocrx_word' id='word_1_29' title='bbox 955 1177 1032 1228; x_wconf 81' lang='lat' dir='ltr'><strong>runt</strong></span> <span class='ocrx_word' id='word_1_30' title='bbox 1053 1177 1188 1230; x_wconf 81' lang='lat' dir='ltr'><strong>natura.</strong></span> 
     </span>
    </p>
   </div>
   <div class='ocr_carea' id='block_1_6' title="bbox 318 1346 1534 2042">
    <p class='ocr_par' dir='ltr' id='par_1_6' title="bbox 318 1346 1534 2042">
     <span class='ocr_line' id='line_1_9' title="bbox 429 1346 1529 1417; baseline -0.002 -17"><span class='ocrx_word' id='word_1_31' title='bbox 429 1367 442 1394; x_wconf 78' lang='lat' dir='ltr'><strong>s</strong></span> <span class='ocrx_word' id='word_1_32' title='bbox 457 1346 488 1400; x_wconf 81' lang='lat' dir='ltr'><strong>si</strong></span> <span class='ocrx_word' id='word_1_33' title='bbox 506 1352 670 1415; x_wconf 69' lang='lat' dir='ltr'><strong>spectentur</strong></span> <span class='ocrx_word' id='word_1_34' title='bbox 689 1363 826 1415; x_wconf 78' lang='lat' dir='ltr'><strong>personae</strong></span> <span class='ocrx_word' id='word_1_35' title='bbox 850 1348 976 1417; x_wconf 85' lang='lat' dir='ltr'><strong>divinas,</strong></span> <span class='ocrx_word' id='word_1_36' title='bbox 1000 1363 1072 1416; x_wconf 80' lang='lat' dir='ltr'><strong>quus</strong></span> <span class='ocrx_word' id='word_1_37' title='bbox 1092 1349 1200 1403; x_wconf 88' lang='lat' dir='ltr'><strong>sanctis</strong></span> <span class='ocrx_word' id='word_1_38' title='bbox 1224 1348 1411 1415; x_wconf 75' lang='lat' dir='ltr'><strong>inhabitant5</strong></span> <span class='ocrx_word' id='word_1_39' title='bbox 1432 1363 1463 1399; x_wconf 86' lang='lat' dir='ltr'><strong>ex</strong></span> <span class='ocrx_word' id='word_1_40' title='bbox 1480 1348 1529 1414; x_wconf 81' lang='lat' dir='ltr'><strong>ipss</strong></span> 
     </span>
     <span class='ocr_line' id='line_1_10' title="bbox 375 1422 1530 1505; baseline -0.003 -17"><span class='ocrx_word' id='word_1_41' title='bbox 375 1455 388 1483; x_wconf 77' lang='lat' dir='ltr'><strong>n</strong></span> <span class='ocrx_word' id='word_1_42' title='bbox 404 1437 564 1489; x_wconf 83' lang='lat' dir='ltr'><strong>oeconomia</strong></span> <span class='ocrx_word' id='word_1_43' title='bbox 584 1437 744 1490; x_wconf 82' lang='lat' dir='ltr'><strong>intrinseca</strong></span> <span class='ocrx_word' id='word_1_44' title='bbox 761 1435 810 1490; x_wconf 79' lang='lat' dir='ltr'><strong>SS.</strong></span> <span class='ocrx_word' id='word_1_45' title='bbox 824 1422 997 1504; x_wconf 72' lang='lat' dir='ltr'><strong>Trinitatis,</strong></span> <span class='ocrx_word' id='word_1_46' title='bbox 1011 1451 1095 1505; x_wconf 82' lang='lat' dir='ltr'><strong>quam</strong></span> <span class='ocrx_word' id='word_1_47' title='bbox 1117 1435 1186 1490; x_wconf 83' lang='lat' dir='ltr'><strong>fides</strong></span> <span class='ocrx_word' id='word_1_48' title='bbox 1199 1436 1345 1491; x_wconf 79' lang='lat' dir='ltr'><strong>eutholics</strong></span> <span class='ocrx_word' id='word_1_49' title='bbox 1357 1436 1447 1502; x_wconf 82' lang='lat' dir='ltr'><strong>dccet,</strong></span> <span class='ocrx_word' id='word_1_50' title='bbox 1461 1439 1530 1501; x_wconf 75' lang='lat' dir='ltr'><strong>utque</strong></span> 
     </span>
     <span class='ocr_line' id='line_1_11' title="bbox 376 1524 1531 1592; baseline 0.003 -19"><span class='ocrx_word' id='word_1_51' title='bbox 376 1545 389 1572; x_wconf 74' lang='grc' dir='ltr'>ι</span> <span class='ocrx_word' id='word_1_52' title='bbox 403 1539 437 1576; x_wconf 85' lang='lat' dir='ltr'><strong>ex</strong></span> <span class='ocrx_word' id='word_1_53' title='bbox 458 1524 567 1579; x_wconf 84' lang='lat' dir='ltr'><strong>diserta</strong></span> <span class='ocrx_word' id='word_1_54' title='bbox 583 1524 748 1592; x_wconf 74' lang='lat' dir='ltr'><strong>Scriptum</strong></span> <span class='ocrx_word' id='word_1_55' title='bbox 760 1527 789 1578; x_wconf 90' lang='lat' dir='ltr'><strong>et</strong></span> <span class='ocrx_word' id='word_1_56' title='bbox 800 1526 917 1578; x_wconf 83' lang='lat' dir='ltr'><strong>Petrum</strong></span> <span class='ocrx_word' id='word_1_57' title='bbox 931 1524 1072 1592; x_wconf 79' lang='lat' dir='ltr'><strong>doctrina,</strong></span> <span class='ocrx_word' id='word_1_58' title='bbox 1086 1524 1156 1579; x_wconf 85' lang='lat' dir='ltr'><strong>haec</strong></span> <span class='ocrx_word' id='word_1_59' title='bbox 1169 1525 1350 1579; x_wconf 76' lang='lat' dir='ltr'><strong>inhabitatio</strong></span> <span class='ocrx_word' id='word_1_60' title='bbox 1367 1539 1531 1592; x_wconf 75' lang='lat' dir='ltr'><strong>personarum</strong></span> 
     </span>
     <span class='ocr_line' id='line_1_12' title="bbox 376 1598 1531 1682; baseline 0.003 -20"><span class='ocrx_word' id='word_1_61' title='bbox 376 1635 389 1662; x_wconf 75' lang='lat' dir='ltr'><em>n</em></span> <span class='ocrx_word' id='word_1_62' title='bbox 404 1617 449 1666; x_wconf 89' lang='lat' dir='ltr'><strong>est</strong></span> <span class='ocrx_word' id='word_1_63' title='bbox 469 1617 502 1667; x_wconf 91' lang='lat' dir='ltr'><strong>ut</strong></span> <span class='ocrx_word' id='word_1_64' title='bbox 523 1598 608 1667; x_wconf 86' lang='lat' dir='ltr'><strong>unum</strong></span> <span class='ocrx_word' id='word_1_65' title='bbox 622 1617 700 1682; x_wconf 88' lang='lat' dir='ltr'><strong>sunt,</strong></span> <span class='ocrx_word' id='word_1_66' title='bbox 722 1619 809 1682; x_wconf 85' lang='lat' dir='ltr'><strong>utque</strong></span> <span class='ocrx_word' id='word_1_67' title='bbox 828 1615 893 1668; x_wconf 86' lang='lat' dir='ltr'><strong>ideo</strong></span> <span class='ocrx_word' id='word_1_68' title='bbox 914 1616 1028 1675; x_wconf 83' lang='lat' dir='ltr'><strong>omnino</strong></span> <span class='ocrx_word' id='word_1_69' title='bbox 1043 1630 1100 1669; x_wconf 85' lang='lat' dir='ltr'><strong>unu</strong></span> <span class='ocrx_word' id='word_1_70' title='bbox 1118 1615 1275 1668; x_wconf 88' lang='lat' dir='ltr'><strong>communis</strong></span> <span class='ocrx_word' id='word_1_71' title='bbox 1297 1616 1396 1668; x_wconf 86' lang='lat' dir='ltr'><strong>tribus</strong></span> <span class='ocrx_word' id='word_1_72' title='bbox 1411 1614 1531 1682; x_wconf 76' lang='lat' dir='ltr'><strong>personis</strong></span> 
     </span>
     <span class='ocr_line' id='line_1_13' title="bbox 318 1703 1534 1773; baseline -0.004 -13"><span class='ocrx_word' id='word_1_73' title='bbox 318 1748 326 1760; x_wconf 93' lang='lat'><em>.</em></span> <span class='ocrx_word' id='word_1_74' title='bbox 376 1724 389 1751; x_wconf 76' lang='grc' dir='ltr'>ι</span> <span class='ocrx_word' id='word_1_75' title='bbox 404 1703 485 1757; x_wconf 83' lang='lat' dir='ltr'><strong>[luds</strong></span> <span class='ocrx_word' id='word_1_76' title='bbox 506 1719 563 1758; x_wconf 91' lang='lat' dir='ltr'><strong>non</strong></span> <span class='ocrx_word' id='word_1_77' title='bbox 584 1703 701 1758; x_wconf 85' lang='lat' dir='ltr'><strong>ridetur</strong></span> <span class='ocrx_word' id='word_1_78' title='bbox 718 1705 903 1758; x_wconf 83' lang='lat' dir='ltr'><strong>asserendum</strong></span> <span class='ocrx_word' id='word_1_79' title='bbox 920 1705 994 1773; x_wconf 86' lang='lat' dir='ltr'><strong>quod</strong></span> <span class='ocrx_word' id='word_1_80' title='bbox 1011 1705 1095 1773; x_wconf 82' lang='lat' dir='ltr'><strong>pauci</strong></span> <span class='ocrx_word' id='word_1_81' title='bbox 1115 1703 1207 1771; x_wconf 85' lang='lat' dir='ltr'><strong>aliqui</strong></span> <span class='ocrx_word' id='word_1_82' title='bbox 1227 1705 1358 1771; x_wconf 73' lang='lat' dir='ltr'><strong>theologi</strong></span> <span class='ocrx_word' id='word_1_83' title='bbox 1381 1719 1418 1757; x_wconf 85' lang='lat' dir='ltr'><strong>ex</strong></span> <span class='ocrx_word' id='word_1_84' title='bbox 1436 1703 1534 1771; x_wconf 73' lang='lat' dir='ltr'><strong>quihus</strong></span> 
     </span>
     <span class='ocr_line' id='line_1_14' title="bbox 376 1791 1534 1862; baseline 0 -17"><span class='ocrx_word' id='word_1_85' title='bbox 376 1813 389 1840; x_wconf 77' lang='grc' dir='ltr'>ι</span> <span class='ocrx_word' id='word_1_86' title='bbox 404 1791 468 1846; x_wconf 85' lang='lat' dir='ltr'><strong>dum</strong></span> <span class='ocrx_word' id='word_1_87' title='bbox 486 1795 603 1847; x_wconf 79' lang='lat' dir='ltr'><strong>Petrum</strong></span> <span class='ocrx_word' id='word_1_88' title='bbox 622 1795 792 1862; x_wconf 81' lang='lat' dir='ltr'><strong>praesertim</strong></span> <span class='ocrx_word' id='word_1_89' title='bbox 814 1795 844 1848; x_wconf 86' lang='lat' dir='ltr'><strong>S.</strong></span> <span class='ocrx_word' id='word_1_90' title='bbox 862 1794 968 1862; x_wconf 75' lang='lat' dir='ltr'><strong>(tyrilli</strong></span> <span class='ocrx_word' id='word_1_91' title='bbox 988 1794 1144 1848; x_wconf 73' lang='lat' dir='ltr'><strong>sententiis</strong></span> <span class='ocrx_word' id='word_1_92' title='bbox 1162 1795 1360 1860; x_wconf 75' lang='lat' dir='ltr'><strong>collegerunt,</strong></span> <span class='ocrx_word' id='word_1_93' title='bbox 1382 1794 1534 1862; x_wconf 74' lang='lat' dir='ltr'><strong>peculium</strong></span> 
     </span>
     <span class='ocr_line' id='line_1_15' title="bbox 376 1883 1534 1952; baseline 0.004 -21"><span class='ocrx_word' id='word_1_94' title='bbox 376 1903 389 1930; x_wconf 69' lang='lat' dir='ltr'><strong>r</strong></span> <span class='ocrx_word' id='word_1_95' title='bbox 406 1897 468 1936; x_wconf 88' lang='lat' dir='ltr'><strong>esse</strong></span> <span class='ocrx_word' id='word_1_96' title='bbox 487 1883 598 1938; x_wconf 87' lang='lat' dir='ltr'><strong>modum</strong></span> <span class='ocrx_word' id='word_1_97' title='bbox 614 1885 665 1936; x_wconf 92' lang='lat' dir='ltr'><strong>uni</strong></span> <span class='ocrx_word' id='word_1_98' title='bbox 677 1900 815 1952; x_wconf 87' lang='lat' dir='ltr'><strong>personas</strong></span> <span class='ocrx_word' id='word_1_99' title='bbox 828 1884 974 1952; x_wconf 88' lang='lat' dir='ltr'><strong>proprium</strong></span> <span class='ocrx_word' id='word_1_100' title='bbox 988 1887 1018 1938; x_wconf 87' lang='lat' dir='ltr'><strong>st</strong></span> <span class='ocrx_word' id='word_1_101' title='bbox 1030 1899 1087 1937; x_wconf 93' lang='lat' dir='ltr'><strong>non</strong></span> <span class='ocrx_word' id='word_1_102' title='bbox 1106 1899 1280 1937; x_wconf 87' lang='lat' dir='ltr'><strong>communem</strong></span> <span class='ocrx_word' id='word_1_103' title='bbox 1300 1884 1400 1937; x_wconf 89' lang='lat' dir='ltr'><strong>tribus</strong></span> <span class='ocrx_word' id='word_1_104' title='bbox 1413 1883 1534 1952; x_wconf 79' lang='lat' dir='ltr'><strong>personis¹</strong></span> 
     </span>
     <span class='ocr_line' id='line_1_16' title="bbox 376 1971 1413 2042; baseline -0.003 -17"><span class='ocrx_word' id='word_1_105' title='bbox 376 1993 389 2019; x_wconf 76' lang='grc' dir='ltr'>ι</span> <span class='ocrx_word' id='word_1_106' title='bbox 405 1987 460 2038; x_wconf 80' lang='lat' dir='ltr'><strong>quo</strong></span> <span class='ocrx_word' id='word_1_107' title='bbox 478 1971 606 2040; x_wconf 81' lang='lat' dir='ltr'><strong>Spiritus</strong></span> <span class='ocrx_word' id='word_1_108' title='bbox 627 1972 749 2028; x_wconf 85' lang='lat' dir='ltr'><strong>Sanctus</strong></span> <span class='ocrx_word' id='word_1_109' title='bbox 770 1975 875 2029; x_wconf 85' lang='lat' dir='ltr'><strong>unione</strong></span> <span class='ocrx_word' id='word_1_110' title='bbox 894 1989 963 2029; x_wconf 84' lang='lat' dir='ltr'><strong>suas</strong></span> <span class='ocrx_word' id='word_1_111' title='bbox 982 1989 1120 2042; x_wconf 86' lang='lat' dir='ltr'><strong>personae</strong></span> <span class='ocrx_word' id='word_1_112' title='bbox 1139 1988 1191 2028; x_wconf 92' lang='lat' dir='ltr'><strong>nos</strong></span> <span class='ocrx_word' id='word_1_113' title='bbox 1211 1973 1413 2027; x_wconf 69' lang='lat' dir='ltr'><strong>sanctificat.»</strong></span> 
     </span>
    </p>
   </div>
   <div class='ocr_carea' id='block_1_7' title="bbox 374 2130 1540 2330">
    <p class='ocr_par' dir='ltr' id='par_1_7' title="bbox 374 2130 1540 2330">
     <span class='ocr_line' id='line_1_17' title="bbox 441 2130 1538 2223; baseline -0.001 -25"><span class='ocrx_word' id='word_1_114' title='bbox 441 2131 700 2200; x_wconf 87' lang='lat' dir='ltr'><strong>Declarandum</strong></span> <span class='ocrx_word' id='word_1_115' title='bbox 723 2130 783 2201; x_wconf 88' lang='lat' dir='ltr'><strong>hic</strong></span> <span class='ocrx_word' id='word_1_116' title='bbox 812 2131 1044 2223; x_wconf 81' lang='lat' dir='ltr'><strong>suscipimus,</strong></span> <span class='ocrx_word' id='word_1_117' title='bbox 1079 2131 1247 2223; x_wconf 90' lang='lat' dir='ltr'><strong>quomodo</strong></span> <span class='ocrx_word' id='word_1_118' title='bbox 1279 2131 1366 2200; x_wconf 90' lang='lat' dir='ltr'><strong>nnio</strong></span> <span class='ocrx_word' id='word_1_119' title='bbox 1398 2131 1538 2222; x_wconf 86' lang='lat' dir='ltr'><strong>Spiritus</strong></span> 
     </span>
     <span class='ocr_line' id='line_1_18' title="bbox 374 2237 1540 2330; baseline -0.003 -23"><span class='ocrx_word' id='word_1_120' title='bbox 374 2238 497 2330; x_wconf 79' lang='lat' dir='ltr'><strong>Sancti</strong></span> <span class='ocrx_word' id='word_1_121' title='bbox 521 2261 597 2307; x_wconf 92' lang='lat' dir='ltr'><strong>cum</strong></span> <span class='ocrx_word' id='word_1_122' title='bbox 614 2237 845 2307; x_wconf 87' lang='lat' dir='ltr'><strong>sanctificatis</strong></span> <span class='ocrx_word' id='word_1_123' title='bbox 860 2261 964 2330; x_wconf 90' lang='lat' dir='ltr'><strong>quam</strong></span> <span class='ocrx_word' id='word_1_124' title='bbox 980 2239 1311 2324; x_wconf 86' lang='lat' dir='ltr'><strong>demonstravimus,</strong></span> <span class='ocrx_word' id='word_1_125' title='bbox 1330 2261 1409 2308; x_wconf 87' lang='lat' dir='ltr'><strong>sesa</strong></span> <span class='ocrx_word' id='word_1_126' title='bbox 1430 2238 1540 2305; x_wconf 84' lang='lat' dir='ltr'><strong>habeat</strong></span> 
     </span>
    </p>
   </div>
   <div class='ocr_carea' id='block_1_8' title="bbox 300 2344 1547 4481">
    <p class='ocr_par' dir='ltr' id='par_1_8' title="bbox 376 2344 1538 2522">
     <span class='ocr_line' id='line_1_19' title="bbox 376 2344 1538 2436; baseline -0.003 -22"><span class='ocrx_word' id='word_1_127' title='bbox 376 2347 414 2415; x_wconf 94' lang='lat' dir='ltr'><strong>in</strong></span> <span class='ocrx_word' id='word_1_128' title='bbox 439 2347 696 2436; x_wconf 85' lang='lat' dir='ltr'><strong>comparatione</strong></span> <span class='ocrx_word' id='word_1_129' title='bbox 720 2370 797 2415; x_wconf 87' lang='lat' dir='ltr'><strong>cum</strong></span> <span class='ocrx_word' id='word_1_130' title='bbox 813 2346 1071 2416; x_wconf 80' lang='lat' dir='ltr'><strong>inhabitatione</strong></span> <span class='ocrx_word' id='word_1_131' title='bbox 1087 2346 1239 2416; x_wconf 90' lang='lat' dir='ltr'><strong>aliarum</strong></span> <span class='ocrx_word' id='word_1_132' title='bbox 1254 2368 1484 2436; x_wconf 88' lang='lat' dir='ltr'><strong>personarum</strong></span> <span class='ocrx_word' id='word_1_133' title='bbox 1498 2344 1538 2411; x_wconf 92' lang='lat' dir='ltr'><strong>di·</strong></span> 
     </span>
     <span class='ocr_line' id='line_1_20' title="bbox 378 2454 555 2522; baseline -0.006 -1"><span class='ocrx_word' id='word_1_134' title='bbox 378 2454 555 2522; x_wconf 90' lang='lat' dir='ltr'><strong>vinarum.</strong></span> 
     </span>
    </p>

    <p class='ocr_par' dir='ltr' id='par_1_9' title="bbox 300 2557 1547 4481">
     <span class='ocr_line' id='line_1_21' title="bbox 441 2557 1540 2654; baseline -0.006 -24"><span class='ocrx_word' id='word_1_135' title='bbox 441 2561 630 2651; x_wconf 74' lang='lat' dir='ltr'><strong>Repugnat</strong></span> <span class='ocrx_word' id='word_1_136' title='bbox 654 2564 693 2628; x_wconf 92' lang='lat' dir='ltr'><strong>ut</strong></span> <span class='ocrx_word' id='word_1_137' title='bbox 716 2581 786 2627; x_wconf 88' lang='lat' dir='ltr'><strong>nna</strong></span> <span class='ocrx_word' id='word_1_138' title='bbox 807 2581 954 2650; x_wconf 87' lang='lat' dir='ltr'><strong>persona</strong></span> <span class='ocrx_word' id='word_1_139' title='bbox 968 2582 1007 2628; x_wconf 91' lang='lat' dir='ltr'><strong>eo</strong></span> <span class='ocrx_word' id='word_1_140' title='bbox 1024 2582 1091 2651; x_wconf 90' lang='lat' dir='ltr'><strong>quo</strong></span> <span class='ocrx_word' id='word_1_141' title='bbox 1105 2560 1239 2654; x_wconf 89' lang='lat' dir='ltr'><strong>dictum</strong></span> <span class='ocrx_word' id='word_1_142' title='bbox 1254 2566 1312 2629; x_wconf 90' lang='lat' dir='ltr'><strong>est</strong></span> <span class='ocrx_word' id='word_1_143' title='bbox 1328 2560 1441 2644; x_wconf 88' lang='lat' dir='ltr'><strong>modo,</strong></span> <span class='ocrx_word' id='word_1_144' title='bbox 1457 2557 1540 2628; x_wconf 86' lang='lat' dir='ltr'><strong>inha-</strong></span> 
     </span>
     <span class='ocr_line' id='line_1_22' title="bbox 375 2666 1539 2759; baseline -0.004 -22"><span class='ocrx_word' id='word_1_145' title='bbox 375 2669 474 2752; x_wconf 83' lang='lat' dir='ltr'><strong>bitet,</strong></span> <span class='ocrx_word' id='word_1_146' title='bbox 501 2668 585 2759; x_wconf 90' lang='lat' dir='ltr'><strong>quin</strong></span> <span class='ocrx_word' id='word_1_147' title='bbox 609 2666 658 2735; x_wconf 91' lang='lat' dir='ltr'><strong>sit</strong></span> <span class='ocrx_word' id='word_1_148' title='bbox 680 2666 893 2736; x_wconf 87' lang='lat' dir='ltr'><strong>inhabitatio</strong></span> <span class='ocrx_word' id='word_1_149' title='bbox 909 2668 973 2736; x_wconf 88' lang='lat' dir='ltr'><strong>Dei</strong></span> <span class='ocrx_word' id='word_1_150' title='bbox 990 2669 1096 2736; x_wconf 91' lang='lat' dir='ltr'><strong>unius</strong></span> <span class='ocrx_word' id='word_1_151' title='bbox 1107 2675 1145 2737; x_wconf 90' lang='lat' dir='ltr'><strong>et</strong></span> <span class='ocrx_word' id='word_1_152' title='bbox 1160 2668 1251 2737; x_wconf 92' lang='lat' dir='ltr'><strong>trini</strong></span> <span class='ocrx_word' id='word_1_153' title='bbox 1267 2689 1310 2737; x_wconf 92' lang='lat' dir='ltr'><strong>ac</strong></span> <span class='ocrx_word' id='word_1_154' title='bbox 1325 2668 1472 2758; x_wconf 86' lang='lat' dir='ltr'><strong>proinde</strong></span> <span class='ocrx_word' id='word_1_155' title='bbox 1484 2689 1539 2734; x_wconf 90' lang='lat' dir='ltr'><strong>om·</strong></span> 
     </span>
     <span class='ocr_line' id='line_1_23' title="bbox 375 2773 1539 2863; baseline -0.003 -20"><span class='ocrx_word' id='word_1_156' title='bbox 375 2775 472 2843; x_wconf 91' lang='lat' dir='ltr'><strong>nium</strong></span> <span class='ocrx_word' id='word_1_157' title='bbox 495 2775 605 2843; x_wconf 91' lang='lat' dir='ltr'><strong>trium</strong></span> <span class='ocrx_word' id='word_1_158' title='bbox 629 2795 865 2863; x_wconf 89' lang='lat' dir='ltr'><strong>personarum.</strong></span> <span class='ocrx_word' id='word_1_159' title='bbox 881 2774 922 2842; x_wconf 83' lang='lat' dir='ltr'><strong>Id</strong></span> <span class='ocrx_word' id='word_1_160' title='bbox 939 2779 1079 2844; x_wconf 87' lang='lat' dir='ltr'><strong>constat</strong></span> <span class='ocrx_word' id='word_1_161' title='bbox 1095 2776 1137 2844; x_wconf 93' lang='lat'><strong>1·.</strong></span> <span class='ocrx_word' id='word_1_162' title='bbox 1156 2775 1353 2845; x_wconf 84' lang='lat' dir='ltr'><strong>universim</strong></span> <span class='ocrx_word' id='word_1_163' title='bbox 1369 2798 1414 2844; x_wconf 85' lang='lat' dir='ltr'><strong>ex</strong></span> <span class='ocrx_word' id='word_1_164' title='bbox 1430 2773 1539 2843; x_wconf 89' lang='lat' dir='ltr'><strong>intrin-</strong></span> 
     </span>
     <span class='ocr_line' id='line_1_24' title="bbox 362 2882 1540 2954; baseline -0.003 0"><span class='ocrx_word' id='word_1_165' title='bbox 362 2895 454 2954; x_wconf 86' lang='lat' dir='ltr'><strong>&#39;seca</strong></span> <span class='ocrx_word' id='word_1_166' title='bbox 478 2883 673 2951; x_wconf 83' lang='lat' dir='ltr'><strong>oeconomia</strong></span> <span class='ocrx_word' id='word_1_167' title='bbox 697 2882 761 2951; x_wconf 88' lang='lat' dir='ltr'><strong>SS.</strong></span> <span class='ocrx_word' id='word_1_168' title='bbox 777 2882 981 2952; x_wconf 80' lang='lat' dir='ltr'><strong>Trinitatis.</strong></span> <span class='ocrx_word' id='word_1_169' title='bbox 1008 2884 1085 2953; x_wconf 90' lang='lat' dir='ltr'><strong>Non</strong></span> <span class='ocrx_word' id='word_1_170' title='bbox 1109 2884 1220 2952; x_wconf 89' lang='lat' dir='ltr'><strong>solum</strong></span> <span class='ocrx_word' id='word_1_171' title='bbox 1244 2884 1337 2952; x_wconf 90' lang='lat' dir='ltr'><strong>enim</strong></span> <span class='ocrx_word' id='word_1_172' title='bbox 1368 2884 1408 2953; x_wconf 85' lang='lat' dir='ltr'><strong>vi</strong></span> <span class='ocrx_word' id='word_1_173' title='bbox 1430 2883 1540 2951; x_wconf 83' lang='lat' dir='ltr'><strong>nnita-</strong></span> 
     </span>
     <span class='ocr_line' id='line_1_25' title="bbox 374 2989 1536 3079; baseline -0.003 -19"><span class='ocrx_word' id='word_1_174' title='bbox 374 2993 423 3060; x_wconf 89' lang='lat' dir='ltr'><strong>tis</strong></span> <span class='ocrx_word' id='word_1_175' title='bbox 445 2991 617 3060; x_wconf 86' lang='lat' dir='ltr'><strong>essentiae</strong></span> <span class='ocrx_word' id='word_1_176' title='bbox 641 2996 724 3058; x_wconf 88' lang='lat' dir='ltr'><strong>sunt</strong></span> <span class='ocrx_word' id='word_1_177' title='bbox 759 3011 874 3058; x_wconf 87' lang='lat' dir='ltr'><strong>omnes</strong></span> <span class='ocrx_word' id='word_1_178' title='bbox 908 3011 1074 3078; x_wconf 87' lang='lat' dir='ltr'><strong>personae</strong></span> <span class='ocrx_word' id='word_1_179' title='bbox 1108 2990 1145 3057; x_wconf 93' lang='lat' dir='ltr'><strong>in</strong></span> <span class='ocrx_word' id='word_1_180' title='bbox 1168 2990 1325 3079; x_wconf 82' lang='lat' dir='ltr'><strong>singulis</strong></span> <span class='ocrx_word' id='word_1_181' title='bbox 1359 2989 1536 3058; x_wconf 89' lang='lat' dir='ltr'><strong>secuudum</strong></span> 
     </span>
     <span class='ocr_line' id='line_1_26' title="bbox 374 3092 1539 3189; baseline -0.006 -23"><span class='ocrx_word' id='word_1_182' title='bbox 374 3119 437 3182; x_wconf 85' lang='lat' dir='ltr'><strong>ea,</strong></span> <span class='ocrx_word' id='word_1_183' title='bbox 475 3120 563 3189; x_wconf 88' lang='lat' dir='ltr'><strong>quae</strong></span> <span class='ocrx_word' id='word_1_184' title='bbox 598 3095 754 3164; x_wconf 82' lang='lat' dir='ltr'><strong>diximus</strong></span> <span class='ocrx_word' id='word_1_185' title='bbox 788 3096 831 3164; x_wconf 85' lang='lat' dir='ltr'><strong>de</strong></span> <span class='ocrx_word' id='word_1_186' title='bbox 865 3099 1176 3163; x_wconf 81' lang='lat' dir='ltr'><strong>circuminccssione</strong></span> <span class='ocrx_word' id='word_1_187' title='bbox 1207 3097 1288 3183; x_wconf 86' lang='lat' dir='ltr'><strong>(th.</strong></span> <span class='ocrx_word' id='word_1_188' title='bbox 1315 3095 1466 3183; x_wconf 84' lang='lat' dir='ltr'>XIV.);</span> <span class='ocrx_word' id='word_1_189' title='bbox 1489 3092 1539 3161; x_wconf 83' lang='lat' dir='ltr'><strong>sed</strong></span> 
     </span>
     <span class='ocr_line' id='line_1_27' title="bbox 373 3204 1543 3294; baseline -0.007 -19"><span class='ocrx_word' id='word_1_190' title='bbox 373 3207 480 3275; x_wconf 86' lang='lat' dir='ltr'><strong>etiam</strong></span> <span class='ocrx_word' id='word_1_191' title='bbox 505 3205 660 3294; x_wconf 89' lang='lat' dir='ltr'><strong>operatio</strong></span> <span class='ocrx_word' id='word_1_192' title='bbox 683 3205 727 3272; x_wconf 90' lang='lat' dir='ltr'><strong>ad</strong></span> <span class='ocrx_word' id='word_1_193' title='bbox 751 3210 853 3272; x_wconf 84' lang='lat' dir='ltr'><strong>extra</strong></span> <span class='ocrx_word' id='word_1_194' title='bbox 876 3205 1071 3273; x_wconf 87' lang='lat' dir='ltr'><strong>necessario</strong></span> <span class='ocrx_word' id='word_1_195' title='bbox 1094 3210 1150 3272; x_wconf 90' lang='lat' dir='ltr'><strong>est</strong></span> <span class='ocrx_word' id='word_1_196' title='bbox 1166 3225 1236 3272; x_wconf 90' lang='lat' dir='ltr'><strong>una</strong></span> <span class='ocrx_word' id='word_1_197' title='bbox 1250 3204 1364 3273; x_wconf 91' lang='lat' dir='ltr'><strong>trium</strong></span> <span class='ocrx_word' id='word_1_198' title='bbox 1381 3206 1543 3275; x_wconf 86' lang='lat' dir='ltr'><strong>sicntuna</strong></span> 
     </span>
     <span class='ocr_line' id='line_1_28' title="bbox 373 3302 1541 3397; baseline -0.003 -16"><span class='ocrx_word' id='word_1_199' title='bbox 373 3318 430 3381; x_wconf 90' lang='lat' dir='ltr'><strong>est</strong></span> <span class='ocrx_word' id='word_1_200' title='bbox 451 3317 581 3379; x_wconf 87' lang='lat' dir='ltr'><strong>natura</strong></span> <span class='ocrx_word' id='word_1_201' title='bbox 605 3311 672 3396; x_wconf 93' lang='lat' dir='ltr'><strong>(th.</strong></span> <span class='ocrx_word' id='word_1_202' title='bbox 687 3311 787 3397; x_wconf 89' lang='lat' dir='ltr'><strong>XII).</strong></span> <span class='ocrx_word' id='word_1_203' title='bbox 806 3311 906 3380; x_wconf 86' lang='lat' dir='ltr'><strong>Unde</strong></span> <span class='ocrx_word' id='word_1_204' title='bbox 930 3310 1023 3379; x_wconf 87' lang='lat' dir='ltr'><strong>sicut</strong></span> <span class='ocrx_word' id='word_1_205' title='bbox 1045 3313 1090 3379; x_wconf 89' lang='lat' dir='ltr'><strong>ad</strong></span> <span class='ocrx_word' id='word_1_206' title='bbox 1114 3312 1213 3379; x_wconf 91' lang='lat' dir='ltr'><strong>intra</strong></span> <span class='ocrx_word' id='word_1_207' title='bbox 1236 3302 1354 3380; x_wconf 87' lang='lat' dir='ltr'><strong>omnia</strong></span> <span class='ocrx_word' id='word_1_208' title='bbox 1377 3313 1541 3381; x_wconf 80' lang='lat' dir='ltr'><strong>attributa</strong></span> 
     </span>
     <span class='ocr_line' id='line_1_29' title="bbox 375 3418 1543 3509; baseline -0.003 -20"><span class='ocrx_word' id='word_1_209' title='bbox 375 3427 412 3489; x_wconf 87' lang='lat' dir='ltr'><strong>et</strong></span> <span class='ocrx_word' id='word_1_210' title='bbox 435 3440 551 3486; x_wconf 89' lang='lat' dir='ltr'><strong>omnes</strong></span> <span class='ocrx_word' id='word_1_211' title='bbox 575 3418 739 3487; x_wconf 85' lang='lat' dir='ltr'><strong>formales</strong></span> <span class='ocrx_word' id='word_1_212' title='bbox 762 3419 916 3487; x_wconf 90' lang='lat' dir='ltr'><strong>rationes</strong></span> <span class='ocrx_word' id='word_1_213' title='bbox 940 3424 1025 3486; x_wconf 89' lang='lat' dir='ltr'><strong>sunt</strong></span> <span class='ocrx_word' id='word_1_214' title='bbox 1048 3419 1132 3509; x_wconf 86' lang='lat' dir='ltr'><strong>quid</strong></span> <span class='ocrx_word' id='word_1_215' title='bbox 1156 3441 1262 3486; x_wconf 91' lang='lat' dir='ltr'><strong>unum</strong></span> <span class='ocrx_word' id='word_1_216' title='bbox 1287 3441 1467 3489; x_wconf 87' lang='lat' dir='ltr'><strong>commune</strong></span> <span class='ocrx_word' id='word_1_217' title='bbox 1488 3418 1543 3486; x_wconf 91' lang='lat' dir='ltr'><strong>tri·</strong></span> 
     </span>
     <span class='ocr_line' id='line_1_30' title="bbox 300 3526 1544 3620; baseline -0.002 -25"><span class='ocrx_word' id='word_1_218' title='bbox 300 3555 306 3567; x_wconf 66' lang='lat'><strong><em>⁴</em></strong></span> <span class='ocrx_word' id='word_1_219' title='bbox 376 3529 440 3596; x_wconf 88' lang='lat' dir='ltr'><strong>bus</strong></span> <span class='ocrx_word' id='word_1_220' title='bbox 463 3526 621 3616; x_wconf 86' lang='lat' dir='ltr'><strong>personis</strong></span> <span class='ocrx_word' id='word_1_221' title='bbox 645 3533 784 3617; x_wconf 88' lang='lat' dir='ltr'><strong>praeter</strong></span> <span class='ocrx_word' id='word_1_222' title='bbox 808 3526 996 3594; x_wconf 86' lang='lat' dir='ltr'><strong>relationes</strong></span> <span class='ocrx_word' id='word_1_223' title='bbox 1021 3526 1170 3596; x_wconf 88' lang='lat' dir='ltr'><strong>invicem</strong></span> <span class='ocrx_word' id='word_1_224' title='bbox 1195 3527 1397 3617; x_wconf 88' lang='lat' dir='ltr'><strong>oppositas,</strong></span> <span class='ocrx_word' id='word_1_225' title='bbox 1431 3528 1544 3620; x_wconf 89' lang='lat' dir='ltr'><strong>quibus</strong></span> 
     </span>
     <span class='ocr_line' id='line_1_31' title="bbox 374 3634 1545 3726; baseline -0.003 -22"><span class='ocrx_word' id='word_1_226' title='bbox 374 3656 540 3726; x_wconf 88' lang='lat' dir='ltr'><strong>personae</strong></span> <span class='ocrx_word' id='word_1_227' title='bbox 564 3634 831 3703; x_wconf 86' lang='lat' dir='ltr'><strong>constituuntur</strong></span> <span class='ocrx_word' id='word_1_228' title='bbox 853 3641 890 3702; x_wconf 91' lang='lat' dir='ltr'><strong>et</strong></span> <span class='ocrx_word' id='word_1_229' title='bbox 913 3634 1198 3722; x_wconf 79' lang='lat' dir='ltr'><strong>distinguuntur3</strong></span> <span class='ocrx_word' id='word_1_230' title='bbox 1213 3634 1266 3702; x_wconf 88' lang='lat' dir='ltr'><strong>its</strong></span> <span class='ocrx_word' id='word_1_231' title='bbox 1289 3642 1472 3725; x_wconf 88' lang='lat' dir='ltr'><strong>respectus</strong></span> <span class='ocrx_word' id='word_1_232' title='bbox 1486 3657 1545 3702; x_wconf 91' lang='lat' dir='ltr'><strong>om·</strong></span> 
     </span>
     <span class='ocr_line' id='line_1_32' title="bbox 374 3742 1546 3833; baseline 0.001 -24"><span class='ocrx_word' id='word_1_233' title='bbox 374 3765 435 3810; x_wconf 89' lang='lat' dir='ltr'><strong>nes</strong></span> <span class='ocrx_word' id='word_1_234' title='bbox 457 3743 501 3810; x_wconf 92' lang='lat' dir='ltr'><strong>ad</strong></span> <span class='ocrx_word' id='word_1_235' title='bbox 525 3748 628 3810; x_wconf 88' lang='lat' dir='ltr'><strong>extra</strong></span> <span class='ocrx_word' id='word_1_236' title='bbox 651 3764 846 3810; x_wconf 89' lang='lat' dir='ltr'><strong>communes</strong></span> <span class='ocrx_word' id='word_1_237' title='bbox 871 3748 955 3810; x_wconf 89' lang='lat' dir='ltr'><strong>sunt</strong></span> <span class='ocrx_word' id='word_1_238' title='bbox 977 3742 1093 3810; x_wconf 90' lang='lat' dir='ltr'><strong>tribus</strong></span> <span class='ocrx_word' id='word_1_239' title='bbox 1115 3743 1273 3833; x_wconf 84' lang='lat' dir='ltr'><strong>personis</strong></span> <span class='ocrx_word' id='word_1_240' title='bbox 1298 3766 1361 3812; x_wconf 88' lang='lat' dir='ltr'><strong>seu</strong></span> <span class='ocrx_word' id='word_1_241' title='bbox 1386 3751 1469 3812; x_wconf 90' lang='lat' dir='ltr'><strong>sunt</strong></span> <span class='ocrx_word' id='word_1_242' title='bbox 1489 3743 1546 3812; x_wconf 85' lang='lat' dir='ltr'><strong>Dei</strong></span> 
     </span>
     <span class='ocr_line' id='line_1_33' title="bbox 374 3848 1545 3942; baseline -0.001 -25"><span class='ocrx_word' id='word_1_243' title='bbox 374 3849 481 3917; x_wconf 89' lang='lat' dir='ltr'><strong>unius</strong></span> <span class='ocrx_word' id='word_1_244' title='bbox 504 3855 540 3917; x_wconf 88' lang='lat' dir='ltr'><strong>et</strong></span> <span class='ocrx_word' id='word_1_245' title='bbox 562 3850 651 3918; x_wconf 90' lang='lat' dir='ltr'><strong>trini</strong></span> <span class='ocrx_word' id='word_1_246' title='bbox 675 3856 814 3939; x_wconf 86' lang='lat' dir='ltr'><strong>praeter</strong></span> <span class='ocrx_word' id='word_1_247' title='bbox 838 3848 950 3917; x_wconf 86' lang='lat' dir='ltr'><strong>solnm</strong></span> <span class='ocrx_word' id='word_1_248' title='bbox 974 3855 1171 3938; x_wconf 88' lang='lat' dir='ltr'><strong>respectum</strong></span> <span class='ocrx_word' id='word_1_249' title='bbox 1194 3849 1323 3934; x_wconf 84' lang='lat' dir='ltr'><strong>illurn,</strong></span> <span class='ocrx_word' id='word_1_250' title='bbox 1351 3851 1415 3942; x_wconf 91' lang='lat' dir='ltr'><strong>qui</strong></span> <span class='ocrx_word' id='word_1_251' title='bbox 1431 3850 1545 3919; x_wconf 84' lang='lat' dir='ltr'><strong>funda·</strong></span> 
     </span>
     <span class='ocr_line' id='line_1_34' title="bbox 373 3957 1546 4049; baseline 0 -25"><span class='ocrx_word' id='word_1_252' title='bbox 373 3962 434 4024; x_wconf 80' lang='lat' dir='ltr'><strong>tur</strong></span> <span class='ocrx_word' id='word_1_253' title='bbox 458 3957 494 4024; x_wconf 90' lang='lat' dir='ltr'><strong>in</strong></span> <span class='ocrx_word' id='word_1_254' title='bbox 513 3959 699 4046; x_wconf 70' lang='lat' dir='ltr'><strong>structione</strong></span> <span class='ocrx_word' id='word_1_255' title='bbox 723 3959 939 4047; x_wconf 56' lang='lat' dir='ltr'><strong>hyspostute&#39;cu</strong></span> <span class='ocrx_word' id='word_1_256' title='bbox 952 3981 965 4037; x_wconf 85' lang='lat'><strong>‚·</strong></span> <span class='ocrx_word' id='word_1_257' title='bbox 981 3957 1013 4024; x_wconf 91' lang='lat' dir='ltr'><strong>is</strong></span> <span class='ocrx_word' id='word_1_258' title='bbox 1036 3957 1128 4025; x_wconf 75' lang='lat' dir='ltr'><strong>enizn</strong></span> <span class='ocrx_word' id='word_1_259' title='bbox 1151 3963 1265 4048; x_wconf 81' lang='lat' dir='ltr'><strong>potest</strong></span> <span class='ocrx_word' id='word_1_260' title='bbox 1289 3980 1367 4026; x_wconf 79' lang='lat' dir='ltr'><strong>assa</strong></span> <span class='ocrx_word' id='word_1_261' title='bbox 1391 3958 1546 4049; x_wconf 83' lang='lat' dir='ltr'><strong>proprius</strong></span> 
     </span>
     <span class='ocr_line' id='line_1_35' title="bbox 374 4064 1546 4158; baseline 0.001 -27"><span class='ocrx_word' id='word_1_262' title='bbox 374 4065 434 4132; x_wconf 91' lang='lat' dir='ltr'><strong>uni</strong></span> <span class='ocrx_word' id='word_1_263' title='bbox 459 4087 651 4155; x_wconf 86' lang='lat' dir='ltr'><strong>personae,</strong></span> <span class='ocrx_word' id='word_1_264' title='bbox 678 4067 762 4158; x_wconf 89' lang='lat' dir='ltr'><strong>quia</strong></span> <span class='ocrx_word' id='word_1_265' title='bbox 785 4080 950 4156; x_wconf 86' lang='lat' dir='ltr'><strong>personae</strong></span> <span class='ocrx_word' id='word_1_266' title='bbox 975 4064 1172 4133; x_wconf 86' lang='lat' dir='ltr'><strong>formaliter</strong></span> <span class='ocrx_word' id='word_1_267' title='bbox 1194 4072 1236 4134; x_wconf 92' lang='lat' dir='ltr'><strong>ut</strong></span> <span class='ocrx_word' id='word_1_268' title='bbox 1258 4088 1430 4155; x_wconf 87' lang='lat' dir='ltr'><strong>personae</strong></span> <span class='ocrx_word' id='word_1_269' title='bbox 1453 4064 1546 4135; x_wconf 85' lang='lat' dir='ltr'><strong>reali·</strong></span> 
     </span>
     <span class='ocr_line' id='line_1_36' title="bbox 373 4171 1547 4264; baseline -0.003 -24"><span class='ocrx_word' id='word_1_270' title='bbox 373 4177 429 4240; x_wconf 86' lang='lat' dir='ltr'><strong>ter</strong></span> <span class='ocrx_word' id='word_1_271' title='bbox 452 4171 547 4240; x_wconf 87' lang='lat' dir='ltr'><strong>inter</strong></span> <span class='ocrx_word' id='word_1_272' title='bbox 571 4195 607 4240; x_wconf 88' lang='lat' dir='ltr'><strong>se</strong></span> <span class='ocrx_word' id='word_1_273' title='bbox 630 4172 914 4262; x_wconf 83' lang='lat' dir='ltr'><strong>distinguuntur.</strong></span> <span class='ocrx_word' id='word_1_274' title='bbox 931 4171 1082 4239; x_wconf 85' lang='lat' dir='ltr'><strong>Functio</strong></span> <span class='ocrx_word' id='word_1_275' title='bbox 1106 4177 1223 4239; x_wconf 88' lang='lat' dir='ltr'><strong>autem</strong></span> <span class='ocrx_word' id='word_1_276' title='bbox 1247 4172 1477 4264; x_wconf 81' lang='lat' dir='ltr'><strong>hypostatica</strong></span> <span class='ocrx_word' id='word_1_277' title='bbox 1492 4171 1547 4240; x_wconf 91' lang='lat' dir='ltr'><strong>sub</strong></span> 
     </span>
     <span class='ocr_line' id='line_1_37' title="bbox 374 4279 1547 4373; baseline 0.003 -28"><span class='ocrx_word' id='word_1_278' title='bbox 374 4279 515 4347; x_wconf 88' lang='lat' dir='ltr'><strong>formali</strong></span> <span class='ocrx_word' id='word_1_279' title='bbox 539 4280 674 4349; x_wconf 85' lang='lat' dir='ltr'><strong>ratione</strong></span> <span class='ocrx_word' id='word_1_280' title='bbox 708 4281 956 4371; x_wconf 86' lang='lat' dir='ltr'><strong>hypostaseos,</strong></span> <span class='ocrx_word' id='word_1_281' title='bbox 992 4281 1181 4350; x_wconf 87' lang='lat' dir='ltr'><strong>secundum</strong></span> <span class='ocrx_word' id='word_1_282' title='bbox 1205 4303 1311 4373; x_wconf 88' lang='lat' dir='ltr'><strong>quam</strong></span> <span class='ocrx_word' id='word_1_283' title='bbox 1335 4288 1391 4351; x_wconf 90' lang='lat' dir='ltr'><strong>est</strong></span> <span class='ocrx_word' id='word_1_284' title='bbox 1414 4281 1547 4351; x_wconf 86' lang='lat' dir='ltr'><strong>realiter</strong></span> 
     </span>
     <span class='ocr_line' id='line_1_38' title="bbox 372 4386 1547 4481; baseline 0 -28"><span class='ocrx_word' id='word_1_285' title='bbox 372 4386 552 4473; x_wconf 87' lang='lat' dir='ltr'><strong>distincta,</strong></span> <span class='ocrx_word' id='word_1_286' title='bbox 579 4412 642 4457; x_wconf 91' lang='lat' dir='ltr'><strong>nec</strong></span> <span class='ocrx_word' id='word_1_287' title='bbox 666 4388 732 4457; x_wconf 87' lang='lat' dir='ltr'><strong>fide</strong></span> <span class='ocrx_word' id='word_1_288' title='bbox 756 4390 981 4478; x_wconf 85' lang='lat' dir='ltr'><strong>cognoscitur</strong></span> <span class='ocrx_word' id='word_1_289' title='bbox 999 4413 1062 4459; x_wconf 90' lang='lat' dir='ltr'><strong>nec</strong></span> <span class='ocrx_word' id='word_1_290' title='bbox 1085 4390 1268 4481; x_wconf 85' lang='lat' dir='ltr'><strong>supposita</strong></span> <span class='ocrx_word' id='word_1_291' title='bbox 1289 4390 1358 4459; x_wconf 85' lang='lat' dir='ltr'><strong>fide</strong></span> <span class='ocrx_word' id='word_1_292' title='bbox 1383 4387 1547 4477; x_wconf 85' lang='lat' dir='ltr'><strong>intelligi-</strong></span> 
     </span>
    </p>
   </div>
   <div class='ocr_carea' id='block_1_9' title="bbox 0 0 1590 4950">
    <p class='ocr_par' dir='ltr' id='par_1_10' title="bbox 0 0 1590 4950">
     <span class='ocr_line' id='line_1_39' title="bbox 0 0 1590 4950; baseline 0 0"><span class='ocrx_word' id='word_1_293' title='bbox 0 0 1590 4950; x_wconf 95' lang='lat' dir='ltr'><strong> </strong></span> 
     </span>
    </p>
   </div>
  </div>
 </body>
</html>
