3180 4944
815 134 853 151 ..
874 101 935 165 240
956 135 993 150 -

319 223 356 288 et
376 216 415 286 in
437 220 596 287 sanctam
611 214 756 288 tendens
775 214 986 286 Trinitatem
1004 208 1067 304 (ὲις
1096 212 1186 304 ἅγιαι
1212 208 1303 281 ιὀυσα
1327 207 1483 307 τριαδα);

320 330 558 398 verumtamen
582 327 718 394 unitate
740 324 898 395 naturali
925 331 961 395 et
994 323 1189 394 omnimoda
1221 321 1413 393 identitate
1444 324 1484 394 ad

320 456 427 504 unum
452 432 616 525 quiddam
640 455 859 518 concurrens,
879 433 915 501 in
935 432 1001 502 Dei
1012 430 1189 500 ‘nimirum
1211 453 1335 502 nomen
1353 437 1390 501 et
1406 453 1484 501 rem:

320 542 373 612 ita
388 547 430 610 ιιι
452 541 489 610 in
513 563 717 632 unoquoque
739 546 816 610 tote
838 539 1063 630 intelligatur
1078 546 1219 626 natura,
1234 560 1307 609 una
1323 561 1403 608 cnm
1418 538 1488 608 eius

320 647 546 741 proprietate,
573 647 798 739 hypostatica
813 649 988 718 nimirum.
1007 647 1126 717 Manet
1147 646 1240 716 enim
1275 643 1488 738 unumquod-

321 759 387 850 que
410 756 446 825 id
471 756 561 849 quod
584 755 698 826 estin
723 758 851 828 unione
867 780 944 827 cum
968 755 1050 825 aliis
1074 755 1243 840 naturali,
1269 754 1335 824 illa
1360 775 1491 847 quoquo

320 862 500 956 possidens
531 862 569 930 iu
604 885 668 932 sua
706 871 836 934 natura
872 859 1025 955 (κάκεινα
1050 859 1243 930 alterceris
1276 856 1340 945 ὶδιᾳ
1364 857 1489 952 queas),

320 976 375 1040 est
397 970 487 1040 enim
511 969 616 1040 Pater
638 969 677 1039 in
699 971 801 1058 Filio
816 977 852 1041 at
875 971 1003 1041 Sancto
1026 969 1192 1062 Spiritu,
1217 967 1386 1038 similiter
1410 988 1489 1060 quo·

321 1100 387 1171 quo
409 1077 525 1147 Filius
542 1083 579 1148 et
602 1077 759 1168 Spiritus
782 1077 819 1147 in
843 1079 961 1166 Patre,
986 1085 1023 1149 et
1045 1077 1083 1147 in
1106 1100 1143 1148 se
1173 1084 1294 1147 mutuo
1314 1102 1332 1139 n
1358 1072 1485 1166 cyrill.

320 1185 451 1275 dialog.
471 1185 554 1255 VII.
573 1185 615 1253 Τ.
629 1186 674 1255 V.
689 1185 729 1255 P.
743 1186 773 1254 Ι.
791 1185 916 1276 peel.

386 1293 489 1364 Nunc
512 1316 554 1363 ex
578 1293 684 1363 dictis
707 1293 934 1386 respondetur
957 1294 994 1362 in
1025 1295 1138 1363 forma
1169 1293 1213 1362 ad
1248 1291 1489 1363 difficultatem

320 1401 423 1472 initio
446 1401 681 1492 propositam,
707 1401 745 1470 in
768 1422 837 1494 qua
860 1401 1053 1471 dicebatur:
1080 1407 1153 1471 tres
1183 1399 1418 1493 perfectiones
1439 1420 1489 1469 re·

320 1509 453 1581 lativae
476 1514 560 1579 suut
581 1510 676 1578 inter
699 1531 736 1579 se
758 1509 902 1579 realiter
925 1509 1139 1596 distincta03
1164 1507 1265 1601 atqui
1288 1514 1364 1577 tres
1386 1507 1490 1578 simul

320 1616 550 1709 perfectiones
567 1622 651 1685 sunt
672 1616 808 1709 aliquid
832 1617 957 1687 melius
980 1623 1016 1686 et
1037 1615 1230 1707 perfectius
1245 1637 1349 1709 quam
1365 1635 1437 1684 una
1448 1613 1489 1684 il·
1587 1610 1589 1616 ’

320 1725 447 1794 larum.
464 1723 561 1814 Ergo
584 1730 651 1793 eto.
670 1725 775 1815 Resp.
794 1725 983 1814 Distinpuc
1006 1725 1178 1791 maiorem:
1203 1731 1288 1794 aunt
1312 1727 1489 1816 tamquam
1580 1802 1589 1817 ,

320 1830 508 1901 relationes
531 1832 706 1922 oppositae
729 1831 874 1902 realiter
897 1832 990 1902 inter
1013 1854 1049 1901 se
1073 1831 1260 1901 distinctae
1285 1830 1362 1916 ita,
1387 1830 1489 1901 utin
1585 1868 1586 1872 =

321 1961 392 2009 una
415 1941 585 2009 communi
608 1939 760 2009 essentia
783 1961 931 2032 quacum
960 1940 1248 2026 identificantur,
1279 1961 1388 2009 unum
1420 1938 1493 2008 sint

321 2046 371 2137 (h.
391 2071 421 2117 e.
438 2048 500 2133 ita,
519 2054 561 2117 ut
576 2048 758 2118 distinctio
775 2050 825 2118 sit
840 2048 1101 2141 inadaequata),
1116 2047 1254 2117 concedo
1270 2047 1318 2135 M,
1339 2054 1426 2118 sunt
1440 2046 1488 2117 di·

320 2155 471 2227 stinctae
494 2157 623 2248 absque
646 2157 783 2227 unitata
807 2157 844 2225 in
869 2156 1041 2227 communi
1068 2156 1220 2226 essentia
1243 2154 1302 2241 (h.
1320 2178 1351 2225 e.
1368 2154 1434 2240 ita,
1452 2159 1513 2224 ut.

320 2261 502 2332 distinctio
525 2262 575 2332 sit
596 2262 817 2355 adaequata),
843 2288 927 2355 cepo
950 2262 997 2333 M.
1014 2263 1154 2333 Pariter
1183 2261 1362 2353 dictisque
1383 2264 1528 2329 miso-

320 2392 409 2437 rum:
433 2376 506 2439 tres
528 2370 760 2462 perfectiones
775 2369 946 2440 relativae
961 2369 1149 2439 distinctae
1164 2374 1239 2439 tum
1256 2367 1351 2437 inter
1366 2389 1405 2438 se
1415 2373 1559 2438 tuu-

320 2477 364 2548 ab
386 2478 539 2548 essentia
560 2483 677 2548 essent
699 2478 835 2570 aliquid
858 2477 971 2546 maius
998 2477 1166 2565 (inducta
1194 2475 1436 2569 quaternitate
1456 2474 1567 2546 a.

321 2585 489 2656 subversa
511 2585 689 2656 infinitate
712 2586 826 2656 divini
849 2586 962 2673 Esse),
983 2583 1120 2653 concedo
1144 2608 1190 2671 m;
1210 2589 1284 2653 tres
1310 2582 1572 2674 perfectio·-

320 2703 382 2764 nes
404 2694 575 2764 relativae
598 2693 785 2765 distinctae
808 2692 902 2763 inter
925 2715 960 2762 se
984 2715 1045 2784 per
1069 2697 1226 2762 mutuam
1241 2690 1578 2782 oppositionum¹

320 2800 380 2871 sed
404 2800 641 2891 identificatae
663 2808 740 2871 tum
763 2800 924 2892 singulae
947 2807 1023 2870 tum
1045 2821 1161 2869 omnes
1177 2820 1255 2868 cum
1271 2818 1344 2866 una
1358 2798 1581 2868 ecdem·

321 2931 387 3001 que
409 2907 549 2979 infinita
572 2909 734 2994 essentia,
749 2916 832 2978 sunt
848 2907 984 3000 aliquid
999 2907 1113 2977 mains
1128 2911 1163 2976 et
1177 2904 1370 2997 perfectius
1389 2917 1585 2998 quan

320 3036 411 3101 una,
436 3038 521 3106 cepo
545 3039 589 3084 m.

388 3123 427 3195 Si
450 3123 600 3194 ulterius
624 3133 814 3216 urgeatur:
839 3125 944 3196 Pater
966 3148 1035 3195 non
1051 3126 1157 3195 habet
1170 3123 1422 3216 perfectionem
1442 3134 1587 3195 rs·

320 3232 478 3317 lativam,
505 3253 593 3325 quae
615 3237 670 3301 est
691 3233 886 3324 proprietas
901 3232 989 3301 Filii
1004 3238 1071 3303 etc.
1086 3232 1185 3323 Ergo
1208 3238 1274 3302 eto.
1300 3232 1586 3323 Dissaepta-⁶0

321 3340 539 3410 antecedens:
563 3340 668 3410 Pater
690 3363 759 3410 non
781 3340 888 3410 habet
910 3339 1008 3409 illam
1031 3362 1105 3410 rem
1126 3362 1188 3410 seu
1209 3339 1424 3430 potiusnon
1439 3332 1586 3411 eal

319 3449 385 3520 illa
407 3472 539 3519 summa
561 3472 638 3535 res,
665 3471 753 3542 quae
775 3448 926 3519 identice
949 3454 1004 3519 est
1024 3449 1153 3534 Pater,
1178 3447 1297 3518 Filius
1319 3454 1357 3519 et
1380 3435 1581 3540 spire-i·

319 3566 379 3629 tus
392 3558 553 3642 Sanctus,
571 3582 655 3648 nepo
672 3558 717 3627 A.
735 3557 840 3627 Pater
851 3579 920 3626 non
932 3559 1037 3628 habet
1059 3557 1157 3626 illam
1172 3579 1244 3626 rem
1261 3557 1327 3626 sub
1350 3540 1577 3626 formali

320 3664 489 3735 relatione
512 3664 708 3750 filiationis,
727 3664 965 3756 subdistinpco
981 3664 1042 3734 A.:
1061 3687 1130 3733 non
1152 3663 1258 3734 habet
1278 3663 1380 3734 illam
1404 3669 1565 3734 unz:-

321 3793 423 3867 quam
447 3772 715 3842 constituentem
738 3773 852 3863 ipsum
874 3771 1038 3858 Patrem,
1065 3771 1203 3839 concedo
1218 3771 1280 3859 A.;
1299 3793 1369 3840 non
1387 3764 1558 3841 habet

320 3880 418 3950 illam
441 3885 483 3948 ιιι
506 3879 671 3949 convenit
692 3879 815 3966 Patri,
841 3881 977 3952 scilicet
1006 3886 1048 3949 ut
1078 3901 1179 3950 suum
1209 3880 1366 3949 Verbum
1396 3886 1541 3950 un·-

320 4009 423 4082 quam
446 3989 632 4058 terminum
655 3988 884 4059 intrinsecum
907 3988 1144 4059 neceesarium
1173 4009 1257 4057 suae
1280 3986 1411 4058 vitalis
1440 3988 1522 4057 in·

318 4095 547 4182 tellectionis,
573 4120 657 4188 cepo
673 4097 719 4165 A.
733 4097 812 4167 Huc
829 4102 974 4187 spectat,
994 4096 1084 4190 quod
1100 4096 1155 4166 ait
1170 4095 1207 4165 S.
1225 4095 1506 4164 Bonavensura:

322 4209 406 4274 aest
426 4208 574 4274 naturae
600 4204 719 4276 unitas
741 4208 777 4273 et
798 4225 1022 4294 personarum
1050 4202 1264 4296 pluralitas,
1289 4211 1327 4274 et
1350 4216 1489 4270 tantm
