3172 4950
533 341 571 355 -
595 310 653 371 159
675 342 712 356 -

90 415 192 485 Hanc
203 413 439 486 distinctionis
451 420 488 486 et
500 415 750 486 constantioris
762 415 1028 507 terminologiee
1041 418 1213 508 originem

33 528 186 601 metetur
209 521 362 592 historie
378 521 526 593 Consilii
541 524 573 594 N
575 524 688 594 icaeni
704 524 866 614 superius
881 546 902 593 a
915 525 1014 594 nobis
1036 526 1213 617 descripta

36 628 102 717 (tl.
118 629 202 715 IX),
221 631 290 699 imo
319 630 471 700 historia
500 637 575 701 totu
597 632 812 702 Arianorum
834 641 871 702 et
886 633 1211 705 Pneumatomacho·

37 760 122 822 rum,
140 742 183 808 ut
197 743 274 808 tum
291 761 313 807 a
328 739 496 808 Patribus
512 762 666 810 seorsum
690 747 765 810 tum
788 741 825 810 iu
842 739 1009 811 Conciliis
1034 743 1211 813 confutati

39 851 73 914 et
91 845 251 916 minuati
274 853 370 915 sunt.
474 902 481 913 .

101 950 203 1036 Quod
220 953 341 1045 itaque
359 954 401 1023 de
417 953 492 1022 illis
512 956 666 1024 vetustis
690 954 891 1026 doctoribus
911 957 964 1027 ait
987 955 1024 1027 S.
1038 956 1211 1049 Hierony·

44 1085 112 1133 uua
120 1061 225 1153 Apol.
246 1069 357 1134 contr.
372 1064 492 1135 Rufin.
507 1064 533 1131 l.
548 1064 599 1133 II.
614 1086 649 1131 n.
667 1065 722 1133 17:
743 1065 848 1135 citeri
859 1072 985 1157 potest,
1001 1070 1042 1135 ut
1057 1066 1114 1136 vel
1131 1066 1213 1136 aim·

47 1168 174 1261 pliciter
189 1169 403 1256 erraverint,
421 1171 478 1241 vel
496 1171 568 1239 alio
585 1194 690 1242 sensu
705 1173 922 1263 scripserint,
942 1173 999 1243 vel
1015 1194 1037 1241 a
1053 1173 1212 1244 librariis

46 1278 205 1370 inperitis
221 1301 341 1350 eorum
355 1280 527 1371 paulatim
544 1281 677 1370 scripta
693 1285 858 1372 corrupte
870 1281 955 1369 sint,
970 1282 1028 1352 vel
1042 1287 1135 1353 certe
1151 1304 1211 1352 en·

49 1393 170 1481 tequam
193 1388 233 1456 in
254 1387 472 1458 Alexandria
489 1388 590 1480 quasi
614 1388 829 1458 daemonium
846 1389 1076 1459 meridianum
1098 1389 1211 1460 Arius

51 1501 246 1580 maceretur,
265 1496 466 1565 innocenter
483 1495 698 1587 quaedamst
711 1494 826 1564 minus
842 1496 1098 1589 ceute'loquuti
1114 1505 1208 1584 sunt,

52 1605 180 1692 atquae
203 1624 272 1671 non
295 1603 432 1694 possint
453 1625 696 1694 perversorum
719 1602 898 1673 homiuum
922 1604 1131 1674 calumniam
1153 1606 1209 1676 de·

54 1708 203 1797 clinare,n
229 1717 344 1781 totum
368 1712 621 1782 concedendum
643 1718 707 1798 est,
732 1711 763 1781 si
787 1734 898 1781 sermo
922 1712 971 1782 sit
992 1713 1035 1783 de
1056 1714 1110 1784 rei
1132 1737 1208 1806 pos·

55 1817 205 1891 u'bilitate
226 1824 264 1888 et
280 1820 323 1889 de
339 1820 539 1890 doctoribus
555 1821 700 1890 seorsim
715 1819 869 1910 singulis
885 1842 953 1890 non
972 1844 1054 1892 vero
1071 1822 1109 1890 in
1132 1845 1210 1892 con-

57 1947 138 1997 uentu
159 1928 339 2018 spectatis3
354 1933 393 1998 at
408 1928 439 1997 si
454 1932 646 2019 quaeratur
663 1928 705 1997 de
716 1929 832 2018 facto,
847 1927 999 2018 primum
1014 1937 1050 1999 et
1064 1931 1211 2000 tertium

58 2033 114 2104 due
126 2057 251 2128 magna
266 2036 468 2128 probatione
483 2035 625 2105 admitti
638 2059 706 2105 non
723 2037 835 2122 debet,
851 2038 1040 2107 secuudum
1055 2044 1091 2108 et
1107 2061 1210 2132 quar·

10 2156 33 2231 ,-
59 2146 114 2212 tun
132 2143 299 2236 inspectis
321 2144 466 2236 scriptis
488 2143 635 2214 Petrum
660 2144 822 2231 illorum,
850 2144 911 2237 qni
942 2169 1074 2238 semper
1096 2146 1211 2217 hebiti

10 2280 12 2353 ζ
61 2255 123 2321 runt
141 2251 335 2339 orthodoxi,
353 2252 529 2343 reperitur
551 2274 625 2321 esse
649 2251 883 2322 verissimum.

510 2446 654 2507 THESIS
675 2446 732 2506 XI.

176 2580 223 2643 De
244 2579 481 2658 difficilioribus
502 2580 709 2657 concipiendi
729 2588 760 2641 et
782 2581 936 2658 loquendi
956 2580 1070 2652 modis,

122 2683 229 2758 quitus
250 2681 367 2741 Patres
387 2681 508 2742 oettisti
528 2680 772 2741 distinctionem
792 2682 914 2741 realem
934 2679 1127 2741 divinarum

393 2795 609 2856 personarum
630 2781 835 2860 siqnificant.

116 2962 311 3028 -Qusndoss
323 2964 426 3017 Patres
445 2964 507 3017 sive
528 2967 594 3016 ente
614 2963 837 3017 controversiam
856 2975 918 3015 cum
938 2960 1056 3014 Arianis
1077 2961 1138 3014 eive
1163 2957 1209 3013 ed-

65 3046 126 3105 ÷luc
144 3058 206 3120 port
222 3053 381 3107 Concilium
399 3054 553 3108 llicaentlm
572 3055 730 3122 loquuntur
749 3053 785 3106 1⁰.
800 3052 834 3105 de
855 3052 996 3107 relatione
1010 3051 1081 3104 Filii
1101 3050 1137 3103 ad
1158 3052 1209 3105 Pe·

65 3144 141 3198 ’ben
159 3146 239 3199 relut
258 3145 408 3198 interioris
429 3144 464 3199 ad
484 3146 721 3213 superiorcm;·2’.
734 3144 768 3197 de
789 3145 955 3199 voluntarla
966 3143 1150 3210 generatione
1162 3143 1208 3197 ri-

66 3229 118 3298 vlu,
128 3233 162 3286 θ’.
172 3233 205 3287 de
223 3237 389 3303 operatione
405 3235 478 3289 Filii
498 3234 534 3288 ed
555 3238 638 3288 extre
653 3236 736 3288 velut
747 3233 943 3289 ministrantis
955 3234 1012 3286 Deo
1029 3234 1121 3300 Patri,
1134 3234 1209 3287 eiua·

66 3325 315 3387 irregeneratione
332 3323 368 3377 ad
389 3339 459 3391 opus
478 3324 643 3390 creationis,
664 3324 702 3375 4⁰.
726 3322 759 3376 de
780 3324 915 3377 missione
927 3326 956 3377 et
977 3323 1209 3390 apparitionibus

10 3440 13 3463 ι
66 3404 141 3461 *lilii
160 3412 244 3466 etism
258 3413 289 3466 iu
309 3414 401 3467 veteri
420 3414 612 3480 Testameuto,
628 3414 709 3466 velut
728 3413 858 3466 visibilis
872 3416 902 3467 et
920 3414 980 3466 loco
1000 3412 1208 3480 circumscripti

66 3510 138 3562 ’pne
153 3502 236 3556 Patre
258 3503 407 3555 invisibili
426 3506 456 3555 et
475 3502 631 3556 immenso:
659 3517 755 3555 omnes
776 3502 847 3555 illae
870 3503 1028 3556 locutiones
1050 3517 1137 3568 penes
1159 3501 1209 3553 Pa·

67 3586 133 3640 'tres
150 3590 319 3644 orthodoxos
339 3594 461 3658 possunt
482 3596 567 3659 atque
589 3591 728 3660 spectatis
749 3605 841 3644 corum
864 3591 1018 3659 principiis
1037 3593 1068 3642 et
1084 3588 1207 3647 declara·

67 3674 193 3733 ’leuibus
210 3679 319 3735 debent
338 3681 468 3746 intelligi
488 3681 521 3734 de
542 3681 614 3735 reali
634 3680 823 3736 distinctione
844 3681 916 3734 Filii
933 3695 986 3747 per
998 3679 1208 3746 generatlouem

68 3769 242 3831 ‘menda
262 3788 279 3824 a
294 3773 380 3825 Patre
397 3775 430 3824 ut
448 3789 465 3825 a
484 3787 534 3826 suc
553 3773 705 3840 principio,
726 3788 781 3825 uou
795 3776 889 3825 autem
902 3769 1026 3824 demodo
1045 3770 1208 3823 distinctio·

69 3852 275 3913 ’wimundum
294 3860 492 3915 diversitatem
515 3865 654 3926 naturae;
672 3861 704 3912 in
727 3861 875 3928 plerisque
897 3874 964 3913 vero
983 3859 1070 3912 simul
1091 3857 1208 3924 respici·

10 3940 12 3953 '
70 3942 127 3994 ’tur
139 3945 257 4001 bumana
278 3953 384 4002 natura
404 3964 420 4001 a
437 3949 514 4003 llillo
540 3948 711 4002 assumenda
731 3951 782 4002 aut
804 3951 969 4015 assumpta,
995 3949 1041 4001 vel
1064 3946 1208 4015 apparltio

70 4026 112 4082 ’ll
127 4033 177 4090 ltro
196 4057 209 4085 n
216 4054 269 4105 per
287 4040 438 4091 subiectam
457 4046 650 4094 erecturam.»

114 4199 179 4276 llon
199 4214 315 4299 potest
336 4208 461 4299 negari
482 4210 575 4300 apud
598 4207 724 4278 Patres
748 4207 992 4278 anteuiceenos
1024 4228 1207 4277 occurrere
1304 4212 1306 4218 ’

68 4307 155 4382 uolo
174 4314 335 4409 loquendi
359 4317 400 4386 de
422 4317 528 4402 Filio,
548 4321 584 4385 et
602 4316 658 4386 vel
682 4317 811 4387 diserte
834 4318 891 4387 vel
915 4340 976 4408 per
1000 4336 1207 4407 cousequen-

67 4409 132 4483 ΗΜ
142 4420 179 4490 de
193 4422 331 4513 Spiritu
346 4422 486 4511 Sancto,
506 4424 817 4515 in-compsratione
833 4448 912 4495 oum
928 4425 1044 4508 Patre,
1066 4421 1128 4513 qui
1143 4441 1208 4510 per
