3172 4950
747 319 787 336 -
809 285 870 351 ιω
887 320 929 338 -

252 397 334 467 «aio
356 417 420 466 nos
442 394 615 466 unitatem
638 396 713 466 sine
735 394 909 465 divisione
939 400 999 483 (ot
1021 394 1171 486 proinde
1201 394 1281 467 sine
1310 394 1384 467 mul

248 504 452 599 plicatione)
474 503 665 575 dilatamus
687 505 724 575 in
744 505 958 575 Trinitatem
980 510 1268 596 (personarum),
1292 513 1331 577 et
1350 529 1384 577 ru

248 637 326 684 sum
350 612 560 683 Trinitatem
583 614 658 684 sina
682 613 914 685 diminutione
937 614 1182 702 (manentibus
1213 615 1384 706 trihueps

249 721 359 809 sonis)
375 722 615 792 eontrahimus
630 722 669 792 in
682 722 855 792 unitatem
867 727 1076 810 (naturao)o
1096 721 1188 793 Ibid.
1206 745 1246 792 n.
1266 723 1323 793 17.
1339 722 1384 794 Vr

249 827 405 922 reliquas
427 827 708 898 oontlrmationes
731 828 943 899 orthodoxae
958 829 1137 899 domninae
1154 829 1249 921 apud
1271 828 1384 901 artu

249 936 340 1006 sium
362 936 478 1027 ipsum
500 935 539 1004 in
562 935 654 1006 libro
676 936 738 1008 eit.
757 945 793 1008 et
807 937 850 1006 de
866 937 1006 1007 Deerat.
1020 937 1100 1007 Nie.
1113 961 1150 1007 n.
1165 937 1223 1008 25.
1243 937 1384 1009 Certen

251 1042 364 1114 solnm
387 1044 585 1114 auotoritas
604 1045 796 1116 Athanasii
813 1045 873 1116 sed
897 1045 1011 1138 magis
1033 1047 1140 1116 etiam
1162 1046 1300 1117 diserta
1321 1047 1384 1121 ved

253 1145 419 1238 Dionysii
441 1147 486 1217 ab
509 1147 585 1238 ipso
608 1150 719 1220 aitsta
741 1150 965 1242 persuadent,
992 1149 1030 1220 S.
1043 1149 1221 1221 Basilium
1243 1150 1384 1243 potinsl

247 1263 369 1326 nutam
390 1275 465 1323 osso
487 1253 530 1324 de
551 1256 734 1325 nonnullis
754 1257 916 1348 abruptis
939 1257 1138 1342 sententiis,
1159 1278 1251 1350 quas
1264 1279 1384 1328 memor

247 1363 455 1447 retinuerat,
469 1384 547 1432 oum
569 1363 680 1433 libros
702 1365 867 1455 Dionysii
895 1387 980 1457 prae
1001 1366 1162 1435 manibus
1182 1387 1255 1435 non
1268 1365 1384 1438 hahere

246 1476 284 1542 et
297 1493 340 1541 ax
353 1472 466 1542 abusu
476 1471 689 1542 Asianorum
705 1471 855 1543 libenter
870 1471 1134 1563 adEpisoopum
1145 1471 1384 1544 Alexandrian

248 1580 501 1672 appellantium
524 1581 651 1672 magis,
677 1601 782 1673 qnam
803 1603 846 1650 ex
870 1588 947 1651 toto
969 1580 1151 1672 complexu
1173 1580 1384 1653 doetrinasit

248 1689 395 1777 dieasse,
409 1690 546 1784 quando
557 1712 611 1782 ep.
622 1689 655 1759 9.
665 1712 702 1759 n.
711 1689 746 1758 2.
756 1689 952 1760 adhiaxim.
961 1690 1117 1782 seripsit,
1130 1690 1384 1783 Dionysinmpr

248 1818 305 1867 ma
320 1799 453 1868 semina
466 1799 595 1869 Ariani
617 1799 793 1895 dogmatis
813 1799 984 1891 sparsisse
1006 1800 1069 1886 (ef.
1082 1798 1135 1869 Da
1151 1800 1215 1891 Sp.
1234 1799 1272 1869 S.
1286 1823 1322 1869 n.
1335 1796 1384 1885 ll,

315 1907 476 1977 Scholion
501 1914 533 1978 1.
560 1907 732 1992 Quoniam
755 1906 925 1977 haetenus
948 1907 991 1977 de
1015 1907 1177 1979 doetrina
1199 1908 1384 1978 Patrumtr

248 2013 508 2086 tanioaenorum
529 2016 690 2107 egimus,
715 2015 814 2086 loeus
836 2016 911 2107 ipse
934 2017 1142 2087 mentionem
1169 2013 1384 2108 postulareri

249 2122 353 2193 detur
376 2121 631 2210 damnationis,
658 2144 746 2216 qnae
761 2121 873 2192 medio
889 2123 1028 2193 saeculo
1042 2122 1112 2193 ΠΙ.
1126 2123 1165 2192 in
1180 2123 1335 2194 Consilio
1344 2121 1384 2193 dt

249 2230 409 2303 tiooheno
430 2232 646 2324 proclamata
668 2253 743 2302 essa
765 2233 881 2301 fertur
911 2237 1034 2301 eontra
1056 2231 1206 2302 Paulum
1230 2232 1384 2302 Samont

248 2362 355 2428 num,
380 2363 421 2413 so
444 2340 536 2435 quod
559 2340 617 2411 vel
640 2341 715 2432 ipse
738 2339 896 2411 doouerit
920 2338 976 2409 vel
999 2362 1042 2409 ex
1066 2339 1230 2411 dmtrina
1251 2337 1384 2412 nathalia

249 2449 414 2544 nonaequi
435 2449 624 2534 obioosrit,
649 2446 783 2518 Filium
799 2470 874 2519 esse
891 2447 1043 2536 ὶμοουσων
1057 2448 1171 2518 Patri.
1198 2449 1312 2534 Quam
1325 2464 1384 2541 pm

251 2557 350 2628 olera
379 2557 430 2628 sit
459 2557 544 2627 haeo
575 2563 708 2628 tessera
730 2557 776 2628 ad
799 2557 1010 2628 eatholioum
1039 2556 1167 2648 dogma
1195 2559 1319 2629 strioto
1337 2551 1384 2627 dei

249 2664 435 2751 niendum,
461 2671 600 2735 oonstat
621 2687 665 2734 ex
688 2664 839 2735 historia
862 2665 1063 2757 dogmatum
1086 2675 1124 2745 et
1145 2665 1384 2736 nominatius

247 2773 399 2843 historia
420 2772 666 2843 condemnatae
687 2793 729 2843 ao
752 2773 946 2844 debellatae
969 2794 1059 2843 saeo.
1074 2771 1128 2843 IV
1131 2822 1140 2842 .
1154 2779 1192 2843 et
1202 2774 1249 2845 V.
1271 2768 1384 2844 haered

246 2881 415 2952 Arianae.
432 2880 672 2951 Nihilominus
695 2882 910 2974 significatio
933 2882 1031 2953 vonis
1052 2883 1208 2969 ὁμσουσιον
1239 2877 1384 2953 handle

247 2987 405 3082 perverti
426 2997 565 3080 poterat
587 2988 799 3081 dupliciter:
825 2991 869 3061 1·.
889 2990 945 3060 ita
965 2996 1008 3060 ut
1029 2997 1179 3060 naturae
1193 2982 1384 3080 importata

248 3117 351 3191 qnam
374 3120 442 3166 non
466 3097 544 3190 ipsa
560 3119 628 3166 vox
645 3096 826 3189 signifieat
841 3097 901 3167 sed
917 3118 1006 3191 quae
1021 3096 1384 3167 consubstantialitate!

247 3203 286 3274 in
308 3204 482 3275 oreaturis
504 3227 639 3297 sempor
661 3205 861 3289 comitatur,
875 3204 952 3295 ipso
974 3204 1144 3274 vooahnlo
1167 3194 1384 3274 formaliterd

247 3311 416 3406 gnificata
438 3318 715 3402 supponeretur,
741 3332 811 3406 qua
832 3311 871 3380 in
894 3310 1085 3402 hypothesi
1115 3311 1186 3381 iam
1217 3311 1261 3382 do
1290 3302 1384 3382 dirisi

247 3417 405 3512 personis
419 3417 491 3488 diei
513 3440 581 3487 non
606 3427 741 3511 posset,
766 3419 851 3511 quin
875 3419 1044 3512 perfectio
1074 3425 1113 3490 et
1134 3419 1259 3489 unita
1280 3416 1384 3490 dvis

247 3540 395 3597 namtas
425 3535 628 3617 negaretur.
643 3526 737 3610 Quia
759 3527 896 3597 scilieet
918 3529 1004 3592 ὸυσια
1019 3527 1057 3596 in
1073 3527 1202 3598 orestis
1224 3520 1384 3620 hypaten

248 3636 313 3706 hus
339 3635 521 3707 distinctis
549 3657 618 3704 non
644 3635 715 3704 nisi
746 3636 898 3726 specifice
926 3659 999 3703 ono
1026 3642 1099 3721 est,
1134 3635 1280 3706 realiter
1306 3638 1384 3704 auos

246 3744 344 3808 som
368 3766 481 3836 πρωται
504 3765 565 3813 sen
588 3743 760 3814 essentiae
783 3743 984 3834 singulares
1006 3750 1062 3814 tot
1090 3752 1175 3815 sunt
1197 3743 1293 3814 inter
1313 3736 1384 3814 aad

247 3850 409 3935 sunone,
427 3858 513 3944 quot
528 3853 800 3942 distinguuntur
817 3851 1026 3942 hypostases
1041 3861 1191 3937 orestae,
1209 3873 1302 3922 unns
1315 3848 1384 3920 alta

247 3954 400 4042 &poeseos
413 3981 481 4027 non
497 3965 562 4046 est,
580 3961 666 4052 quin
682 3959 834 4029 essentia
852 3982 913 4029 seu
931 3967 1060 4029 natura
1075 3957 1273 4050 singularis
1289 3959 1337 4029 sit
1347 3976 1384 4025 ar

246 4060 285 4133 in
307 4085 376 4133 uno
398 4072 435 4135 et
456 4066 529 4135 alia
551 4066 588 4135 in
612 4066 725 4137 altero
749 4066 920 4137 distinata
942 4089 1085 4137 numero
1102 4067 1188 4137 lieet
1202 4067 1384 4138 eiusdsnrl

245 4168 377 4257 tionis,
402 4178 439 4243 st
460 4173 605 4265 proinde
628 4173 661 4244 si
684 4174 726 4245 de
749 4182 849 4265 patre
872 4181 909 4244 et
931 4173 1006 4244 filio
1029 4174 1165 4265 agitur,
1185 4174 1272 4269 quin
1295 4183 1384 4247 natur

245 4299 309 4370 per
328 4279 485 4372 aliquam
507 4280 712 4354 divisionem
735 4289 772 4352 at
795 4281 1126 4374 multiplicationem
1148 4304 1171 4351 a
1199 4291 1302 4375 patro
1323 4280 1384 4355 inl

206 4384 215 4431 ⁶
242 4384 331 4457 lium
352 4397 551 4481 propagata
574 4389 814 4483 intelligatur.
832 4389 909 4462 Han
923 4392 1060 4462 ratione
1074 4391 1281 4486 frequenter
1294 4389 1384 4463 erm
