3172 4950
488 340 497 351 .
538 331 576 345 ..
598 300 638 358 73
658 330 697 345 ..

53 407 122 476 nihil
137 405 234 474 aliud
258 404 432 489 conficies,
446 405 518 474 nisi
541 405 632 496 quod
657 404 739 472 ordo
755 401 1009 472 versiculorum
1026 400 1053 466 7¹
1070 404 1106 467 et
1122 397 1150 464 8¹
1167 398 1205 466 iu

52 514 205 582 codicibus
234 513 381 598 Leonis,
408 517 449 581 ut
471 535 575 602 penes
606 511 694 579 alios
717 511 861 594 Patres,
889 509 999 577 fuerit
1026 508 1201 576 inversus.

51 622 128 690 ticet
157 619 297 689 scilieet
320 621 482 690 Pontifex
506 646 541 689 v.
562 621 616 688 6⁰⁰¹
639 626 675 689 ct
703 621 736 689 ei
764 642 954 688 connexum
978 618 1055 703 8··³¹;
1082 617 1127 684 ad
1150 616 1203 682 7⁰¹⁰

51 753 125 814 vero,
149 730 212 822 qui
236 736 317 818 post
339 730 393 795 8⁰¹¹*
418 737 575 798 nostrum
601 730 821 820 sequebatur,
847 751 916 795 non
931 725 1098 817 perrexit,
1123 722 1205 815 quia

50 837 122 905 nihil
143 838 189 905 ad
213 837 290 905 eius
315 859 453 928 scopum
478 837 686 927 pertinebat.
706 835 926 926 Propositum
943 835 975 903 ei
992 838 1069 902 erat
1085 837 1205 901 contra

51 944 277 1034 Eutychianos
299 946 535 1015 demonstrare
550 947 737 1017 veritatem
754 945 926 1041 humanae
942 947 1090 1010 naturae
1106 938 1206 1007 Chri·

51 1055 94 1138 sti,
109 1075 196 1144 quae
221 1079 257 1121 v.
273 1054 305 1120 6.
321 1059 358 1121 et
370 1054 403 1121 8.
422 1055 596 1140 connexis,
622 1076 690 1121 non
715 1059 831 1121 autem
854 1053 1084 1142 subsequente
1101 1048 1132 1114 7·
1149 1046 1205 1115 de-

53 1161 188 1230 claratur
214 1167 283 1250 (ep.
301 1161 427 1230 Leonis
443 1162 499 1230 28.
515 1162 563 1230 el.
579 1162 634 1230 24.
653 1161 697 1229 ad
713 1160 816 1229 Flav.
838 1184 867 1229 c.
884 1162 931 1247 5).

99 1268 200 1336 Nihil
223 1268 376 1357 amplius
400 1268 597 1337 adversarii
621 1268 811 1359 proficiunt
832 1291 875 1336 ex
904 1265 1124 1337 versionibus
1147 1285 1206 1330 an-

53 1376 141 1467 tiquis
164 1399 268 1468 quam
292 1399 335 1444 ex
360 1377 536 1445 codicibus
551 1377 688 1466 graecis
704 1387 741 1447 et
754 1400 796 1445 ex
812 1376 1024 1445 auctoritate
1047 1373 1204 1442 Patrum.

54 1483 253 1574 deponantur
277 1486 450 1574 imprimis
474 1487 650 1555 versiones
674 1484 883 1575 aethiopica,
910 1504 1051 1552 armena
1067 1480 1130 1569 (l),
1149 1504 1206 1569 sy·

54 1592 129 1660 niuea
155 1592 405 1684 philoxeniana
429 1600 465 1661 et
486 1594 576 1662 aliae
607 1594 767 1683 syriacae
799 1591 1002 1683 posterioris
1030 1589 1208 1659 recensio-

55 1701 114 1784 nis,
144 1701 319 1787 arabicae,
338 1700 484 1791 slavica;
504 1702 675 1794 quidquid
697 1702 788 1770 enim
812 1701 862 1770 sit
885 1701 926 1769 de
950 1698 1133 1790 primitiva
1153 1718 1207 1765 ea-

57 1831 113 1875 rum
134 1809 306 1894 lectione,
332 1816 416 1879 eunt
434 1834 549 1879 omnes
572 1812 687 1880 factae
710 1834 752 1880 ex
776 1818 878 1879 textu
902 1832 1027 1899 graeco
1050 1830 1140 1877 saec.
1157 1806 1209 1874 IV

57 1914 167 1999 odIX,
193 1937 263 2007 qua
285 1922 400 1985 aetate
423 1914 640 1986 concedimus
663 1917 792 1986 iamin
815 1916 937 1986 multis
954 1915 1210 2006 exemplaribus

61 2023 174 2109 poecis
198 2031 357 2092 nostrum
382 2048 512 2094 comma
534 2026 699 2096 defuisse.
726 2025 852 2116 Coptos
876 2026 946 2093 iam
970 2046 1059 2094 saec.
1079 2023 1136 2091 ΠΙ
1153 2023 1209 2093 vel

61 2128 181 2199 ineunte
200 2132 253 2200 IV
266 2131 470 2221 Scripturas
487 2156 604 2204 sacras
616 2133 779 2202 habuisse
797 2134 834 2200 in
851 2155 946 2202 suam
961 2131 1120 2220 linguam
1133 2153 1210 2200 con-

11 2264 13 2273 ·
63 2258 172 2324 versas,
199 2239 376 2329 colligunt
398 2243 529 2311 eruditi
552 2266 594 2312 ex
618 2243 824 2333 quibusdam
848 2241 954 2309 factis
970 2240 1140 2308 historiae
1157 2262 1209 2307 ec·

62 2344 276 2433 oleeicsticae3
296 2348 356 2417 sed
373 2371 483 2436 nemo,
502 2357 598 2441 puto,
614 2350 682 2418 sibi
695 2349 877 2440 arrogabit
892 2347 1060 2417 iudicium
1077 2352 1210 2415 certum

61 2452 89 2520 de
107 2456 285 2545 primitivo
308 2456 384 2526 eius
409 2465 518 2527 statu.
546 2458 585 2527 Si
609 2458 646 2525 in
669 2481 737 2526 uno
759 2457 916 2526 alterove
940 2456 1055 2525 codice
1079 2453 1210 2522 nostris

60 2557 179 2631 Criticis
214 2569 298 2632 uoto
329 2588 452 2634 versus
484 2567 528 2632 7⁸⁸
555 2567 677 2652 deest,
710 2565 912 2635 huiusmodi
941 2563 1069 2633 lacuna
1104 2562 1208 2631 facile

10 2676 13 2703 ³
58 2670 253 2755 postliminio
277 2693 320 2738 ex
344 2672 519 2742 codicibus
543 2673 679 2762 graecis
703 2673 823 2742 induci
846 2671 972 2762 potuit.
997 2669 1133 2739 Similis
1157 2674 1211 2736 est

58 2778 126 2846 ratio
149 2779 264 2870 quoad
288 2781 481 2849 versionem
504 2781 690 2871 simplicem
713 2781 903 2870 syriacam.
926 2781 968 2848 In
991 2779 1068 2849 eius
1085 2777 1210 2847 codici·
1317 2771 1319 2775 ’

57 2881 119 2971 bus,
144 2908 232 2977 quos
254 2888 368 2956 nostri
391 2889 524 2957 eruditi
553 2890 732 2982 hucusque
763 2895 963 2973 noverunt,
989 2887 1095 2956 etiam
1126 2885 1212 2955 libri

57 2990 341 3063 deuterocanouici
358 2996 402 3064 V.
417 3002 453 3064 et
467 2997 512 3066 N.
530 2997 571 3065 Τ.
587 2997 623 3084 (2
634 2998 709 3066 Pet.
728 2998 749 3065 2
765 3003 801 3067 et
816 2997 896 3065 310.
912 2995 990 3065 Iud.
1006 2996 1131 3085 Apoc.)
1155 2993 1211 3062 de·

58 3099 253 3188 siderentur,
269 3127 353 3195 quos
369 3111 485 3173 tamen
502 3111 640 3174 constat
656 3129 744 3175 saec.
763 3105 816 3174 IV
830 3112 984 3196 tempore
1002 3104 1038 3173 S.
1058 3101 1212 3192 Ephrem

58 3208 151 3280 adhuc
163 3212 201 3279 in
218 3233 259 3280 ea
274 3212 453 3281 exstitisse
466 3216 527 3300 (cf.
537 3213 656 3283 Tract.
668 3213 709 3284 de
726 3214 931 3304 Scriptum).
940 3211 1041 3282 Nihil
1054 3235 1138 3301 ergo
1151 3211 1211 3278 mi-

58 3320 210 3404 randum,
238 3320 269 3387 si
292 3321 398 3389 etiam
421 3321 534 3414 quoad
561 3321 651 3392 hane
682 3322 862 3392 lectionem
888 3321 975 3389 lIo.
996 3320 1041 3389 V.
1061 3319 1213 3410 7aliqua

59 3425 258 3510 perturbatio
281 3449 302 3494 a
326 3427 470 3497 Graecis
486 3428 532 3498 ad
547 3428 658 3518 Syros
682 3428 926 3521 permeaverit.
940 3428 1035 3496 Haec
1051 3434 1144 3497 certo
1161 3425 1213 3493 ita

22 3571 28 3586 ·
60 3549 126 3618 esee,
152 3535 389 3603 demonstrare
405 3558 472 3604 non
490 3560 690 3627 possumus,
709 3539 768 3606 sed
781 3559 892 3629 neque
907 3536 944 3605 id
966 3535 1080 3626 operis
1095 3534 1132 3602 in
1148 3556 1210 3601 uos

61 3643 273 3731 suscepimus3
296 3643 624 3715 demonstrationem
655 3645 853 3714 adversarii
876 3643 1087 3736 pollicentur
1110 3646 1146 3711 et
1168 3641 1212 3710 ad

62 3765 116 3816 am
137 3771 221 3819 sane
243 3756 409 3821 tenentur
432 3753 512 3844 ipsi,
528 3754 589 3847 qui
603 3753 787 3823 lectionem
803 3754 913 3822 totius
929 3751 1108 3822 Ecclesiae
1123 3771 1212 3819 eam·

65 3876 110 3943 que
129 3884 170 3929 ex
189 3860 293 3950 longo
317 3861 389 3928 iam
405 3867 559 3952 tempore
576 3862 683 3932 etiam
708 3861 942 3932 schismaticis
961 3859 1116 3952 ipsisque
1131 3858 1213 3927 Pro·

115 4074 154 4147 (1)
172 4079 207 4130 In
224 4078 325 4132 multis
345 4077 424 4132 codd.
436 4080 560 4134 armenis
579 4098 606 4135 v.
621 4082 637 4133 'l
651 4081 740 4149 deest,
753 4097 809 4134 uon
823 4085 917 4134 tamen
931 4082 962 4134 in
973 4080 1102 4134 omnibus
1116 4077 1213 4153 (card.

66 4161 103 4220 lbi
119 4171 342 4225 cocciones.
355 4172 466 4225 MP.
481 4173 521 4225 II.
532 4189 561 4239 p.
577 4168 616 4243 7).
630 4171 781 4225 (litabatur
804 4173 890 4226 etiam
911 4173 1028 4224 ineunte
1049 4187 1121 4225 saec.
1135 4172 1212 4225 XIV.

65 4253 85 4306 in
101 4259 230 4314 Consiliis
251 4260 438 4314 Armeuorum
457 4261 567 4315 Sisensi
588 4266 617 4314 et
634 4261 800 4328 Adanensi,
823 4276 940 4329 quorum
966 4262 1037 4314 Actu
1059 4261 1215 4314 armeniace

65 4352 84 4397 et
97 4350 179 4404 latine
197 4350 276 4404 edita
296 4354 365 4404 suut
381 4366 399 4403 a
418 4351 527 4406 Galauo
546 4352 693 4406 r.1.1>.1.
715 4351 866 4406 (lenciliat.
890 4351 1032 4406 Ecclesiae
1054 4350 1131 4406 Arm.
1153 4365 1213 4403 eum

65 4433 178 4497 bueus.
189 4441 234 4496 lbi
244 4459 273 4511 p.
284 4442 349 4498 461.
360 4440 423 4496 478.
