3172 4950
668 337 706 350 -
731 307 787 365 llo
810 337 847 349 -

178 426 265 499 Filii
283 450 325 506 n,
350 439 425 489 esse
455 414 655 502 desumptas
678 434 719 481 ex
748 410 909 480 doctrina
936 409 1049 480 totius
1077 409 1260 482 Ecclesiae
1283 412 1347 482 iam

176 545 261 607 tuno
283 522 448 618 temporis
471 522 523 590 ita
546 519 742 590 universali
774 540 816 590 ac
843 526 943 604 rete,
974 524 1017 588 ut
1046 519 1249 590 haereticus
1279 521 1347 614 ipse

176 643 228 712 ite
250 633 346 728 loqui
376 633 561 718 cogeretur
584 633 620 696 et
642 627 726 696 huie
756 626 916 717 publicae
946 649 1053 721 eoque
1083 626 1161 718 ipso
1185 627 1224 696 in
1247 651 1348 700 sensu

176 746 277 819 obvio
300 736 552 828 intelligendae
575 734 783 826 professioni
807 734 978 804 subiicere
1003 757 1126 804 sensus
1158 742 1346 822 contortos,

176 853 237 949 qui
258 846 389 920 nemini
412 846 449 914 in
473 851 622 914 mentem
653 843 773 914 venire
808 851 950 935 possent
983 843 1055 913 nisi
1077 844 1221 914 consuti
1246 845 1349 914 verbu

174 956 371 1035 clarissima
393 951 595 1043 sophisticis
618 952 755 1021 artibus
775 952 980 1045 detorquere
997 951 1041 1020 ad
1056 951 1348 1041 significationem

175 1063 387 1143 eontrarium
410 1062 456 1146 ei,
482 1083 584 1154 qnam
608 1082 651 1130 ex
675 1062 846 1130 communi
872 1058 1025 1128 omnium
1048 1081 1154 1128 sensu
1169 1058 1209 1127 in
1224 1059 1347 1152 quovis

175 1179 309 1250 sincero
332 1193 488 1242 sermone
503 1176 540 1239 et
555 1170 667 1240 multo
679 1169 792 1260 magis
808 1171 846 1238 in
862 1168 1002 1260 publica
1014 1167 1227 1260 quotidiana
1241 1171 1349 1238 totius

174 1282 296 1379 populi
319 1277 491 1352 christani
514 1277 728 1369 professione
752 1277 834 1347 fidei
857 1275 1052 1346 necessario
1068 1275 1212 1345 habent.

240 1387 368 1457 Iisdem
392 1384 577 1453 fraudibus
600 1385 706 1453 etiam
731 1383 891 1474 deinceps
914 1382 1042 1451 Arieni
1065 1404 1173 1472 agere
1189 1383 1347 1454 coactio·

175 1503 269 1582 rant,
294 1502 336 1565 ut
358 1494 496 1564 scilicet
521 1493 640 1562 verbis
663 1498 858 1578 uterentur,
885 1493 1011 1585 quihus
1035 1491 1158 1584 populi
1180 1498 1348 1583 putarent

174 1601 352 1678 enuntiari
365 1601 587 1671 divinitatem
599 1600 699 1685 Filii,
715 1600 833 1692 eisque
848 1600 972 1670 deinde
986 1601 1199 1669 subiicerent
1211 1623 1348 1671 sensum

174 1713 328 1785 alienum
352 1731 420 1777 non
443 1707 514 1777 nisi
537 1707 705 1799 sophistis
729 1707 1010 1797 intelligibilem
1037 1729 1125 1801 quae
1149 1729 1236 1778 vero
1258 1707 1347 1779 locu·

175 1823 288 1894 tiones
310 1816 566 1888 ecclesiasticae
590 1816 689 1884 nulla
713 1823 789 1885 arte
812 1821 956 1907 possent
971 1816 1173 1909 detorqueri
1190 1817 1348 1889 inalium

175 1951 326 2012 mosum,
351 1946 410 1994 eas
433 1946 454 1992 e
477 1946 512 1992 se
536 1923 636 1993 reiioi
652 1924 809 1993 dicerent
824 1946 892 1992 non
910 1925 990 2010 iam,
1010 1925 1101 2017 quod
1125 1946 1248 1996 veram
1263 1927 1349 1998 Filii

176 2036 400 2109 divinitatem
415 2038 597 2122 negarent,
616 2035 676 2104 sed
699 2056 741 2102 ex
761 2030 844 2100 eliis
861 2031 1020 2102 confictis
1035 2033 1247 2121 rationibus,
1265 2042 1349 2128 puta

175 2146 266 2239 quod
291 2144 397 2213 verbe
415 2164 483 2210 non
498 2143 738 2231 reperirentur
756 2141 793 2210 iu
810 2140 1017 2232 Scripturis,
1033 2142 1124 2234 quod
1140 2151 1285 2233 possent
1298 2145 1347 2214 in·

175 2253 294 2342 telligi
317 2273 421 2322 sensu
444 2249 654 2336 sabelliano,
674 2250 765 2342 quod
781 2249 988 2319 divisionem
1004 2255 1069 2319 aut
1083 2250 1347 2343 multiplicatio

176 2386 254 2433 nem
277 2360 417 2430 divinae
440 2365 599 2445 naturae,
619 2367 656 2428 et
673 2364 734 2445 (ut
749 2357 910 2449 Cyrillns
931 2358 1036 2427 Alex.
1052 2358 1226 2430 Thesaur.
1245 2361 1347 2431 LIX.

177 2471 219 2540 Τ.
238 2470 281 2538 V.
301 2469 341 2540 P.
360 2467 390 2537 I.
410 2492 442 2557 p.
464 2467 507 2535 68
522 2489 564 2538 ex
580 2466 749 2536 Eunomio
766 2468 900 2554 refert)
918 2495 935 2532 e
950 2466 1136 2537 sectionem
1146 2475 1300 2540 naturae
1314 2471 1349 2540 iu

176 2579 409 2650 dualitatem»
431 2577 586 2647 indicare
602 2583 753 2667 possent.
768 2574 880 2667 Atqui
893 2574 1093 2645 huiusmodi
1114 2576 1261 2649 fraudes
1278 2579 1349 2649 evi·

177 2690 298 2759 denter
321 2687 510 2756 ostendunt
533 2685 635 2755 fidem
651 2706 691 2754 ac
707 2683 956 2775 professionem
972 2706 1184 2754 communem
1197 2689 1349 2757 omnium

177 2795 412 2867 Ecclesierum
435 2801 533 2878 tum,
560 2815 635 2862 oum
660 2792 853 2862 inferretur
875 2813 968 2862 nova
990 2791 1076 2863 haec
1099 2793 1235 2884 pestis,
1261 2795 1349 2866 hano

179 2903 300 2986 fuisse,
317 2901 407 2993 quod
418 2900 534 2969 Filius
545 2907 599 2970 est
611 2922 716 2970 verus
727 2900 822 2968 Deus
837 2923 906 2969 non
922 2922 1021 2971 secus
1033 2922 1073 2969 ao
1085 2901 1203 2987 Pater,
1219 2903 1349 2998 hocque

178 3011 253 3103 ipso
268 3009 374 3079 Pater
390 3015 426 3078 et
441 3009 558 3078 Filius
572 3015 608 3078 et
624 3014 786 3099 (propter
802 3009 989 3098 paritatem
1004 3008 1175 3097 retioms)
1192 3011 1349 3104 Spiritus

178 3120 329 3191 Sanctus
344 3122 417 3187 tres
435 3124 519 3187 sunt
535 3141 625 3188 unus
641 3118 746 3187 Deus.
765 3116 823 3185 Ita
840 3117 1066 3208 conqueritur
1081 3117 1118 3187 S.
1128 3118 1349 3190 Athanasius

178 3230 220 3300 de
241 3226 408 3296 Arianis:
437 3255 452 3292 a
473 3229 505 3297 si
529 3228 619 3296 hanc
634 3226 737 3296 fidem
760 3225 870 3313 (Arii)
892 3225 1163 3296 ecclesiasticam
1179 3250 1255 3298 esse
1273 3251 1348 3299 eon·

179 3336 294 3406 fidunt
317 3342 352 3406 et
373 3336 600 3421 existimant,
635 3357 731 3405 suam
766 3334 976 3404 sententium
1008 3341 1127 3425 aperte
1156 3336 1346 3408 declarent.

178 3446 284 3516 Nemo
308 3443 397 3514 enim
422 3465 601 3515 accensam
623 3443 801 3512 lucernam
825 3441 1024 3512 submodio
1047 3442 1147 3532 ponit
1170 3444 1231 3514 sed
1248 3469 1349 3538 saper

178 3552 446 3638 candelabrum,
480 3559 520 3623 ut
549 3552 706 3621 omnibus
736 3550 1017 3641 ingredientibus
1049 3551 1176 3621 luceat.
1204 3552 1246 3623 Si
1267 3576 1348 3645 ergo

179 3661 360 3733 defendere
383 3666 541 3752 possunt,
568 3661 724 3729 scribent
746 3681 833 3751 quae
858 3680 964 3750 supra
985 3658 1097 3727 allata
1120 3667 1205 3729 sunt
1228 3664 1349 3749 (verba

179 3769 331 3864 genuina
346 3769 462 3856 Arii),
482 3791 647 3861 suamque
663 3767 834 3838 haeresim
850 3767 979 3835 nudam
995 3767 1153 3837 omnibus
1170 3772 1345 3862 tamquam

180 3876 354 3949 lucernam
379 3876 577 3961 exhibeant,
602 3875 843 3946 Alexandrum
868 3875 988 3944 beatae
1011 3875 1195 3946 memoriae
1209 3875 1345 3968 Episoo

179 4007 260 4076 pum
284 3992 402 4075 aperte
425 3989 601 4070 accusent,
628 3984 718 4077 quod
742 3983 872 4053 iniuste
896 3982 1040 4054 eiecerit
1052 3981 1180 4053 Arium
1197 3984 1285 4057 heec
1298 3986 1347 4058 di·

179 4098 322 4179 oentem,
349 4100 605 4186 conquerantur
629 4094 670 4164 de
693 4093 848 4163 Niceene
865 4092 1019 4183 Synodo,
1038 4114 1125 4185 quae
1140 4093 1275 4166 reiecto
1289 4094 1346 4164 im·

179 4202 310 4295 picoto
334 4204 557 4295 consignavit
579 4211 614 4274 et
637 4203 749 4274 edidit
772 4204 863 4295 piam
887 4202 1001 4272 fidem.
1016 4202 1147 4274 Verum
1159 4203 1197 4275 id
1208 4226 1268 4275 eos
1282 4227 1347 4275 non

180 4312 355 4397 lecturos,
382 4333 445 4404 pro
476 4317 570 4382 certo
603 4310 734 4397 habe03
767 4332 877 4403 neque
901 4310 993 4380 enim
1015 4309 1100 4380 odeo
1123 4317 1208 4381 sunt
1231 4311 1348 4404 igneri

179 4417 362 4505 melorum,
395 4440 482 4513 quae
506 4419 688 4491 commenti
712 4424 855 4490 suntet
878 4440 1043 4509 spargere
1074 4417 1262 4506 nituntur,
1288 4418 1345 4490 sed
