3172 4950
699 308 878 372 -410-

646 508 791 569 THESIS
811 506 930 569 XXIX.

358 670 404 732 De
424 672 571 742 obiectis,
595 642 733 747 picorum
755 672 974 731 intellectione
995 676 1027 727 et
1047 666 1217 729 dilectione

551 770 620 828 sint
637 770 852 846 processiones
872 768 1032 838 dioinoe,·

470 877 501 929 et
521 870 676 946 qrcomodo
704 869 806 928 Potes·
835 868 932 928 Verbo
957 868 1110 943 sopiens,

323 966 424 1029 Pater
444 975 475 1027 et
497 968 603 1028 Filius
623 967 753 1045 Spiritu
771 966 893 1028 Sancto
917 982 1034 1025 amous
1058 964 1129 1025 dici
1144 964 1250 1041 possit.

259 1170 271 1194 ι
286 1147 410 1201 Verbum
429 1146 558 1215 procedit
577 1163 627 1215 per
646 1147 871 1201 intellectionem
890 1149 951 1200 tum
964 1144 1109 1198 essentiis
1121 1148 1183 1197 tum
1193 1156 1288 1211 perron

207 1258 220 1281 n
235 1235 399 1290 divinorum
423 1242 482 1290 tum
502 1238 594 1289 omnin
608 1238 670 1290 veri
687 1237 852 1301 necessarii
866 1238 1032 1303 pariterque
1042 1232 1288 1301 Spirituosunctur

206 1349 219 1375 r
234 1326 311 1382 cedit
327 1343 377 1395 per
398 1328 579 1381 dilectionem
598 1328 665 1381 boni
685 1328 845 1382 uecossnrio
864 1328 963 1380 amnti.
983 1325 1122 1389 Qunmrio
1142 1325 1233 1389 igitur
1243 1338 1288 1377 nou

207 1438 220 1465 s
233 1416 300 1471 bum
310 1433 362 1485 per
371 1419 510 1471 visionem
524 1424 719 1471 crentururum
732 1417 969 1481 contingentium,
985 1431 1036 1469 nec
1047 1415 1179 1482 Spiritus
1196 1414 1288 1469 Suuctn

207 1528 220 1555 s
234 1505 415 1561 dilectionem
436 1507 594 1561 enrnmdem
614 1507 756 1575 procedit,
772 1508 961 1561 nibilominus
971 1506 1096 1560 Verbum
1109 1511 1143 1559 ut
1154 1504 1288 1572 Supiontit

208 1619 220 1643 r
234 1598 312 1653 cedit
328 1614 389 1652 cnm
409 1603 537 1667 respectu
557 1599 594 1652 nd
612 1596 772 1652 orciturom
792 1598 969 1663 (sciendum,
991 1602 1022 1650 ot
1039 1596 1169 1665 Spiritus
1196 1595 1288 1649 Senon

208 1709 221 1731 n
235 1703 313 1743 umor
331 1704 393 1741 cum
413 1694 542 1755 respectu
562 1688 598 1741 nd
617 1693 775 1742 creaturam
796 1689 955 1742 umnndnm.
971 1688 1046 1740 Hinc
1064 1703 1151 1755 porro
1166 1686 1250 1739 Peter
1264 1700 1288 1736 to

208 1800 221 1823 n
239 1779 339 1842 Verbo,
360 1778 446 1832 Peter
465 1783 495 1830 et
516 1778 612 1830 Filius
635 1795 732 1831 omnm
749 1779 859 1845 Spiritu
880 1782 985 1833 »Sancto
1004 1777 1062 1831 dici
1085 1779 1182 1844 potest
1198 1774 1288 1843 nous*

208 1890 220 1913 n
236 1869 304 1921 liter
322 1868 371 1921 sed
391 1868 584 1932 terminatire,
607 1874 748 1935 quatenus
774 1869 897 1922 Verbum
917 1875 947 1921 ct
968 1883 1046 1921 umor
1063 1880 1218 1934 expressus
1236 1878 1288 1917 tun*

208 1976 221 1997 ·
236 1956 331 2009 minuo
352 1955 549 2021 remesarius,
573 1958 636 2011 rino
658 1972 713 2023 quo
732 1957 934 2025 supientiuet
961 1954 1080 2010 dilectio
1106 1954 1208 2007 dirius
1232 1966 1288 2007 orno

209 2065 222 2089 ν
237 2050 371 2113 potesta

273 2222 316 2292 In
339 2225 551 2317 quaestione,
579 2246 727 2316 quorum
750 2247 867 2295 rernm
899 2223 1136 2295 intellectione
1159 2220 1288 2313 exprim

207 2330 358 2399 Verbum
376 2335 419 2399 et
440 2353 589 2422 qnorum
604 2331 790 2401 dilectione
805 2332 1020 2420 producetur
1037 2330 1198 2420 Spiritus
1213 2328 1288 2397 Sunt

207 2436 376 2505 nonnulle
398 2445 453 2507 est
474 2439 675 2528 opinionum
706 2438 896 2509 diversitas
918 2438 1012 2507 inter
1045 2437 1250 2526 theologos,
1272 2458 1288 2526 p

208 2546 345 2616 seilicet
366 2546 424 2615 vel
447 2548 560 2637 magis
583 2547 729 2617 solliciti
745 2553 828 2617 sunt
842 2548 884 2618 de
900 2553 1019 2617 nostro
1042 2544 1143 2615 modu
1158 2544 1288 2632 intellip

208 2655 395 2725 secundum
411 2655 594 2745 analogias
608 2679 650 2724 ex
667 2657 840 2725 creaturis
856 2656 1068 2745 desumptus,
1086 2660 1123 2723 et
1139 2653 1288 2743 distingo

209 2784 296 2852 qnae
319 2761 358 2827 in
380 2763 452 2830 Deo
475 2763 612 2830 omniuo
634 2784 741 2830 unum
765 2769 871 2846 sunt,
904 2761 962 2831 uel
985 2761 1099 2850 magis
1122 2767 1288 2829 conentur

208 2868 392 2957 analogius
415 2867 678 2937 transscendere
701 2875 750 2953 et,
769 2875 938 2960 quantum
961 2868 1040 2936 fieri
1055 2872 1184 2956 potest,
1209 2889 1279 2935 rem

212 2977 327 3067 cipere
342 2984 383 3045 nt
394 2976 565 3045 obiective
580 2983 646 3044 est.
660 2974 703 3043 In
721 2975 819 3044 modo
836 2973 1080 3046 considerandi
1096 2972 1288 3063 imprimis«

209 3088 262 3151 tet
285 3104 367 3173 prae
389 3082 501 3151 oculis
524 3083 674 3169 habere,
700 3106 788 3174 quae
813 3084 850 3151 in
874 3082 1046 3151 Treotntu
1083 3080 1125 3149 de
1148 3081 1223 3149 Deo
1248 3080 1287 3149 de

210 3195 371 3259 scantur
394 3191 436 3259 de
460 3189 583 3259 divina
607 3190 846 3281 simplicitate,
862 3191 903 3259 de
919 3190 1068 3259 scientie
1091 3211 1132 3259 nc
1150 3188 1288 3258 volunta

210 3296 252 3371 de
276 3296 421 3367 obiectis
445 3298 640 3389 utriusque.

277 3405 308 3473 I.
333 3405 391 3474 Ad
415 3404 676 3494 productionem
700 3405 808 3475 Verbi
832 3405 923 3496 quod
946 3411 1104 3495 spectat,
1131 3404 1217 3497 quie
1239 3403 1288 3473 dit

212 3511 414 3581 intellectus
446 3520 500 3581 eet
522 3535 614 3581 nnus
637 3511 854 3582 necessarius
884 3518 985 3581 actus
1016 3511 1264 3581 substantialis

212 3620 426 3712 prehendens
449 3642 492 3689 ex
516 3641 580 3688 sne
603 3620 743 3693 infinite
767 3619 979 3710 perfectione
1003 3643 1101 3689 omne
1118 3643 1240 3690 verum
1262 3640 1288 3689 ot

211 3727 293 3797 dum
316 3752 433 3798 omnes
455 3729 610 3797 rationes
633 3728 899 3817 intelligibiles,
925 3729 990 3797 hoc
1013 3729 1089 3819 ipso
1113 3731 1271 3813 obiecta,

212 3836 281 3915 isto
303 3858 372 3904 uno
396 3836 654 3927 simplicissimo
677 3843 759 3905 actu
782 3835 1148 3926 comprehenduntur,
1187 3844 1269 3905 sunt

213 3966 250 4011 se
265 3943 368 4012 valde
391 3944 543 4012 diverse.
563 3943 663 4026 Quod
681 3943 725 4012 ed
743 3966 815 4012 rem
832 3949 1048 4033 praesentem
1064 3943 1233 4049 pertinet,
1250 3943 1289 4011 ob

214 4057 298 4117 sunt
312 4048 396 4117 vel'
386 4073 422 4117 1n
439 4072 476 4118 se
493 4050 689 4120 necessarie
713 4049 769 4117 vel
793 4072 860 4117 non
885 4050 1083 4118 necessaria
1098 4072 1160 4118 seu
1184 4049 1288 4119 contin

213 4156 277 4225 tic.
296 4156 439 4227 Obiecto
454 4158 651 4227 necessarie
667 4158 803 4228 suntin
820 4156 941 4227 ordine
953 4157 1168 4229 existentiae
1181 4157 1274 4225 solus

213 4275 288 4336 tum
306 4265 494 4334 secundum
511 4267 666 4335 rationes
682 4265 862 4334 absolutes
879 4266 964 4333 inse
981 4264 1186 4351 (secundnm
1200 4285 1288 4333 essen

176 4466 179 4471 Ι
213 4380 250 4442 et
270 4373 471 4463 attribute),
496 4381 571 4442 tum
595 4373 783 4443 secundum
806 4373 960 4442 rationes
982 4372 1155 4442 relativas
1178 4370 1288 4461 (udin
