3172 4950
877 80 914 92 -
936 48 976 108 34
998 80 1036 92 -

364 154 537 240 metatio,
563 160 601 225 et
623 153 800 224 dicaretur
821 153 917 223 Deus
940 152 1098 243 Spiritus
1120 152 1273 222 Sanctus
1303 152 1545 222 testimonium

364 264 457 333 ferre
471 268 545 332 tam
560 285 623 354 per
634 284 671 331 aa
688 282 792 353 quam
809 283 871 352 per
882 281 1009 353 aquam
1025 266 1062 331 et
1078 259 1285 350 sauguinem
1301 260 1403 331 velut
1418 282 1546 331 causas

363 370 541 460 subinges.
556 370 599 439 In
614 369 681 439 hac
694 374 810 438 tamen
821 368 1052 458 explicatione
1069 390 1203 457 semper
1214 374 1331 438 manat
1342 366 1467 461 aliqua
1480 368 1545 437 im·

362 477 557 569 proprietas
574 477 753 564 sermonis;
770 482 808 545 et
823 497 905 544 sana
927 477 1048 545 modus
1064 477 1138 566 ipse
1158 476 1393 565 coniungendi
1405 482 1481 545 tres
1492 482 1545 547 te·

362 596 445 673 stes,
456 587 634 679 multoque
653 585 767 674 magis
781 583 944 652 ultimum
957 583 1118 667 incisum,
1136 583 1168 651 si
1188 604 1266 652 cum
1274 583 1436 673 Vulgata
1454 585 1545 674 legi·

360 703 422 766 tun
433 678 640 784 simpliciter
655 715 789 760 cunum
801 696 923 776 sunt,o
938 691 1126 781 persuadet
1142 712 1216 759 esse
1231 690 1340 759 trium
1356 714 1542 762 connume-

361 803 544 887 rationem,
570 807 676 893 atque
701 799 777 868 ideo
801 798 894 868 sicut
916 819 1041 890 aquam
1057 804 1094 867 et
1114 798 1332 888 sanguinem,
1358 798 1411 868 ita
1434 800 1543 870 etiam

362 909 528 1000 spiritum
551 931 626 979 esse
649 907 786 999 aliquid
810 912 976 976 creatum.
1001 907 1152 975 Proinde
1173 929 1243 975 uon
1258 928 1407 996 persona
1430 908 1543 999 Spiri-

360 1022 421 1087 tus
444 1015 578 1100 Sancti,
603 1015 664 1084 sad
688 1014 745 1083 vel
760 1012 837 1082 eius
855 1014 1001 1082 effectus
1025 1012 1234 1100 (cuiusmodi
1256 1018 1312 1081 ast
1335 1014 1544 1084 testificatio

361 1131 397 1196 et
418 1123 634 1215 praedicatio
655 1122 915 1213 Apostolorum,
933 1127 997 1190 aut
1013 1121 1132 1211 gratia
1154 1121 1192 1188 in
1215 1128 1433 1191 sacramento
1457 1124 1542 1215 bap·

360 1233 492 1321 tismi),
519 1233 577 1304 vel
607 1233 756 1323 spiritus
786 1231 825 1298 in
849 1250 951 1300 cruce
981 1229 1239 1299 commendatus
1269 1229 1306 1297 in
1329 1238 1460 1300 manus'
1476 1234 1542 1301 Pa-

358 1341 428 1410 tris
449 1342 486 1409 h.
505 1365 536 1411 e.
550 1341 686 1410 Christi
710 1338 828 1407 anima
850 1339 887 1407 in
910 1337 1048 1407 unitate
1070 1337 1332 1407 testificationis
1354 1362 1540 1410 connume-

358 1456 462 1521 ratur
491 1474 569 1521 cum
598 1471 690 1542 equa
712 1455 748 1519 et
771 1448 954 1538 sanguine.
982 1447 1050 1517 Sed
1074 1447 1116 1516 de
1139 1446 1205 1517 hoo
1227 1447 1429 1517 testimonio
1460 1472 1539 1518 mox

361 1557 522 1649 pluribus
546 1557 712 1627 dicamus.

427 1663 660 1732 corollarium
670 1671 704 1732 2.
724 1662 825 1745 Quod
839 1661 1005 1732 Christus
1017 1661 1080 1730 ait:
1094 1661 1204 1731 «haec
1215 1667 1271 1731 est
1288 1662 1365 1731 vita
1380 1668 1537 1749 aeterna,

360 1776 401 1842 ut
423 1776 634 1859 cognoscant
648 1776 684 1839 te
699 1769 810 1837 solum
826 1769 935 1837 Deum
952 1789 1086 1852 verum,
1105 1774 1142 1837 et
1158 1790 1258 1860 quem
1273 1768 1405 1839 misisti
1420 1771 1539 1841 Iesum

358 1858 1287 1961 christum„10.'XV11.3,nihilhamtdiffiooltatis
1310 1885 1433 1948 conos
1459 1881 1537 1951 rri-

358 1985 506 2055 nitatem
528 2006 766 2077 personarum,
793 2006 880 2077 quaa
904 1990 981 2055 tum
1009 1984 1169 2074 singulae
1192 1991 1267 2055 tum
1290 2009 1407 2056 omnes
1430 1989 1538 2060 simul

358 2099 443 2165 sunt
465 2093 561 2163 solus
583 2115 689 2164 verus
711 2093 817 2162 Deus.
844 2091 1025 2161 Particula
1047 2092 1141 2159 eolus
1169 2114 1238 2162 non
1260 2093 1425 2185 iungitur
1457 2122 1535 2190 pro-

358 2200 489 2271 nomini
513 2215 551 2267 tu
574 2199 619 2269 ad
641 2199 891 2270 excludendam
921 2197 1162 2288 pluralitatem
1192 2222 1419 2291 personarum
1443 2229 1533 2297 quaa

356 2309 432 2381 sint
453 2333 545 2380 uuus
567 2309 683 2395 Deus,
709 2309 770 2378 sed
798 2308 962 2398 iungitur
986 2308 1117 2376 nomini
1140 2332 1238 2376 cerm
1262 2310 1352 2378 Dece
1375 2312 1420 2382 ed
1444 2315 1537 2384 afflr.

357 2422 517 2493 mandam
549 2421 720 2491 unitatem
742 2420 831 2506 Dei,
858 2421 953 2489 sicut
975 2419 1063 2488 alibi
1088 2421 1291 2512 frequenter
1312 2423 1378 2494 hoo
1409 2426 1536 2496 funda·

355 2537 509 2601 mentum
532 2529 715 2599 doctrinae
738 2527 916 2598 revelatae
945 2527 1158 2597 inculcatur:
1188 2552 1284 2620 ocgo
1306 2531 1478 2603 Dominus
1500 2541 1538 2606 at

356 2660 425 2707 nou
447 2642 501 2707 ast
523 2636 647 2706 alius»
666 2641 734 2706 eto.
755 2635 822 2723 (th.
838 2636 891 2722 I).
909 2635 1136 2705 Manifestum
1158 2643 1227 2723 est,
1254 2639 1345 2730 quod
1369 2640 1533 2729 dicimus,

357 2745 402 2813 1⁰.
427 2766 470 2813 ax
492 2748 569 2812 tota
591 2741 756 2812 doctriua
778 2744 1029 2827 demonstrata,
1048 2763 1117 2835 qna
1131 2747 1205 2813 tres
1228 2745 1390 2814 distincti
1412 2748 1533 2835 Pater,

355 2850 473 2922 Filius
495 2855 532 2921 et
554 2851 711 2941 Spiritus
727 2851 878 2920 Sanctus
893 2852 1061 2921 docentur
1076 2874 1150 2922 asse
1166 2875 1258 2921 unns
1273 2854 1379 2924 Dens.
1397 2857 1442 2925 a.
1460 2858 1535 2949 Ap

355 2963 458 3051 peret
474 2958 565 3027 idem
580 2982 623 3028 ex
639 2960 717 3049 ipsa
740 2961 852 3029 forma
867 2961 1097 3050 grammatica
1113 2960 1221 3030 huius
1239 2961 1320 3031 loci.
1346 2963 1425 3032 Nou
1440 2965 1535 3034 enim

354 3066 497 3152 dicitur,
524 3070 566 3136 ut
589 3073 801 3156 cognoscant
824 3074 871 3153 ts,
898 3067 959 3159 qui
983 3067 1078 3137 solus
1101 3090 1138 3137 es
1160 3090 1266 3138 verus
1288 3068 1396 3154 Deus,
1413 3072 1475 3141 aad
1492 3079 1534 3143 ut

355 3179 566 3265 cognoscant
587 3180 622 3243 te
646 3196 768 3243 verum
790 3176 914 3260 Deum,
940 3175 1001 3267 qui
1024 3196 1130 3244 verus
1145 3176 1240 3245 Deus
1256 3180 1312 3245 est
1327 3175 1422 3246 Deus
1439 3202 1533 3250 unns

356 3286 393 3351 at
405 3282 513 3369 solus,
529 3280 578 3347 ἱνα
603 3304 771 3372 perennet
796 3306 831 3348 σε
856 3306 905 3347 τον
924 3302 1011 3369 μονον
1031 3278 1177 3352 ἀληθινον
1201 3285 1297 3365 θεον,
1322 3307 1394 3355 non
1410 3294 1531 3360 autam

356 3387 408 3452 ἱνα
432 3409 602 3477 ymnorum
622 3410 707 3476 posco
730 3413 765 3455 σε
790 3385 935 3458 alcaeo
957 3391 1042 3456 aero.
1068 3392 1144 3462 Hoc
1159 3397 1224 3477 ast,
1240 3392 1331 3484 quod
1346 3393 1451 3465 aiunt
1464 3396 1529 3465 Pa·

354 3502 428 3566 tres
448 3497 680 3585 Athanasius,
706 3482 978 3588 chrysostomus
993 3505 1075 3584 etc,
1096 3500 1344 3591 oppositionem
1364 3525 1432 3572 nou
1456 3528 1531 3576 assa

354 3601 447 3672 inter
468 3604 609 3674 Patrem
631 3606 692 3698 qui
716 3606 811 3676 solus
835 3608 883 3677 sit
899 3630 1005 3678 verus
1026 3609 1133 3693 Deus,
1151 3612 1188 3677 at
1202 3607 1297 3678 inter
1319 3610 1452 3680 Filium
1470 3615 1532 3705 qui

353 3733 422 3780 nou
445 3712 495 3781 sit
516 3736 622 3783 verus
644 3714 750 3800 Deus,
777 3717 837 3785 sed
860 3716 954 3786 inter
977 3716 1090 3785 solum
1113 3740 1235 3787 verum
1258 3718 1369 3788 Deum
1385 3726 1421 3789 et
1435 3721 1531 3791 inter

352 3816 434 3889 deos
456 3819 615 3893 fictitios.
634 3822 679 3892 θ’.
697 3823 862 3906 Quinimo
886 3824 1145 3895 connumeratio
1163 3825 1240 3916 ipsa
1255 3821 1374 3897 Patris
1390 3833 1427 3898 et
1440 3829 1530 3899 Filii

351 3926 433 3996 Iesu
454 3926 590 3998 Christi
613 3931 679 3999 sub
702 3952 772 4001 una
795 3932 981 4024 eademque
1003 3931 1142 4001 ratione
1165 3932 1293 4002 obiecti
1317 3934 1399 4004 fidei
1423 3940 1460 4005 et
1475 3960 1529 4006 co·

351 4033 524 4125 guitionis
547 4038 723 4125 vivificae,
749 4041 903 4110 ostendit
920 4061 1024 4111 unam
1041 4039 1268 4111 divinitatem
1283 4042 1402 4113 Patris
1418 4048 1455 4113 et
1469 4044 1528 4114 Fi·

350 4140 405 4212 lii.
426 4142 627 4227 «Quamvis
649 4146 755 4216 Pater
777 4145 917 4217 dicatur
939 4146 1034 4216 solus
1058 4171 1163 4218 verus
1185 4144 1293 4234 Deus,
1308 4172 1377 4219 non
1401 4150 1438 4219 id
1455 4151 1527 4223 dic-
