3172 4950
551 365 590 378 -
610 333 652 393 27
672 364 710 377 -

68 433 281 520 aumerle,
306 439 349 504 ut
370 433 514 505 evidens
536 440 590 504 est
605 459 648 504 ex
663 435 821 506 omnibus
843 435 962 523 dictis,
980 445 1016 508 et
1035 439 1094 508 val
1117 462 1215 510 exeo

66 541 129 626 solo,
151 543 240 635 quod
263 542 420 611 Verbum
442 548 521 612 erat
542 543 649 612 Deus.
676 543 744 612 Sed
767 543 829 635 qni
858 545 953 614 Deus
976 551 1052 631 est,
1078 569 1117 616 eo
1139 547 1215 637 ipso

64 654 104 718 est
121 648 324 740 hypostasis
346 671 389 719 ac
411 672 577 741 persona;
603 651 695 722 unde
718 652 880 744 qnoniam
903 652 997 722 alins
1019 658 1096 739 est,
1122 654 1215 745 apud

64 781 142 850 quem
163 758 201 827 in
224 757 399 849 principio
421 764 499 828 erat
521 760 673 829 Verbum
696 765 733 828 et
755 760 816 852 qui
839 760 962 830 itidem
983 763 1079 832 Deus
1094 768 1159 847 est,
1178 768 1215 831 et

63 862 136 933 olins
156 865 326 952 Verbum;
345 871 430 935 sunt
444 866 601 956 proiecto
616 866 704 936 duae
720 865 908 936 distinctae
923 867 1133 959 hypostases
1154 891 1216 939 seu

63 994 206 1065 pesonae
229 973 385 1043 divinae.
420 973 521 1056 Quod
543 973 659 1063 igitur
682 978 817 1064 spectat
839 975 978 1043 Patrem
1001 981 1038 1044 et
1060 976 1214 1046 Verbum

63 1080 171 1166 Putris,
196 1080 350 1150 nondum
373 1082 469 1150 facta
484 1081 656 1151 mentione
674 1080 831 1171 Spiritus
849 1081 982 1168 Sancti,
997 1084 1140 1153 eandem
1156 1085 1217 1154 di-

63 1189 265 1259 stinctionem
299 1188 336 1257 h.
361 1187 388 1257 l.
413 1187 572 1257 indicant
593 1188 702 1257 verba
727 1188 890 1258 Ioannis:
927 1191 1114 1260 «Verbum
1141 1198 1219 1262 erat

63 1297 133 1389 apud
155 1298 280 1382 Deum,
297 1323 314 1360 n
334 1317 437 1389 quam
460 1295 661 1386 exprimunt
682 1296 748 1365 illa
770 1295 842 1365 alia
869 1297 934 1366 Mt.
952 1298 1125 1370 XXVIII:
1148 1300 1217 1368 ein

63 1404 178 1475 nonina
200 1404 322 1474 Patris
344 1410 381 1473 et
401 1403 507 1491 Filii,
524 1431 541 1468 n
566 1404 768 1497 pariterque
789 1404 841 1474 Io.
860 1406 914 1474 X:
935 1429 1030 1497 «ego
1053 1413 1090 1476 et
1110 1408 1216 1476 Pater

64 1533 151 1582 unum
173 1536 307 1583 sumus.
323 1539 341 1576 n

110 1621 210 1692 Nunc
234 1619 415 1690 videamus
445 1617 713 1688 declarationem
736 1618 899 1705 unitatis,
924 1642 967 1689 ex
990 1641 1060 1713 qna
1082 1620 1214 1689 intelli-

64 1749 163 1819 qenns
177 1729 287 1798 etiam
302 1725 428 1796 melius
441 1724 711 1809 distinctionem,
729 1728 847 1818 qualis
861 1731 920 1798 stt.
942 1727 1122 1798 «Verbum
1138 1734 1216 1798 erat

64 1837 137 1928 apud
156 1837 281 1921 Deum,
298 1841 336 1905 et
347 1835 442 1904 Deus
464 1840 542 1904 erat
563 1833 717 1917 Verbum
739 1860 790 1900 και
802 1835 818 1899 ὃ
830 1834 917 1926 boys<
930 1833 965 1906 ἦν
977 1859 1049 1928 προς
1066 1859 1114 1901 τον
1126 1837 1212 1915 θεον,

64 1969 100 2009 ru
114 1944 182 2020 θεας
199 1938 237 2018 ἦν
256 1943 274 2010 ὁ
293 1943 391 2034 boyer.
410 1971 427 2007 n
444 1942 488 2010 In
511 1941 661 2011 secundo
689 1942 799 2012 inciso
831 1945 905 2014 sine
937 1944 1041 2013 dubio
1071 1946 1214 2014 Verbum

66 2048 186 2144 (ὁλογος)
215 2060 272 2124 est
295 2052 488 2124 subiectum
510 2055 547 2119 et
569 2051 659 2119 Deus
685 2041 780 2139 (Scor)
795 2052 1216 2144 praedicatum.Apparet

63 2160 89 2230 id
104 2185 169 2230 non
192 2161 305 2231 solnm
328 2184 371 2232 ex
392 2159 612 2232 nominasse
635 2163 711 2232 siue
739 2159 913 2245 articulo,
944 2160 1004 2229 sed
1031 2161 1138 2230 etiam
1170 2183 1214 2229 ex

62 2266 149 2339 ductu
163 2270 344 2338 sermonis.
358 2269 487 2359 Logice
501 2271 592 2340 enim
608 2271 813 2355 subiectum,
830 2269 918 2361 quod
935 2269 1084 2339 Ioannes
1101 2269 1213 2339 decla·

61 2396 122 2446 rare
143 2377 272 2462 voluit,
298 2383 335 2446 et
350 2376 471 2446 docere
487 2379 572 2471 qnid
587 2378 646 2465 sit,
666 2384 759 2448 certe
776 2383 831 2447 est
844 2377 1010 2465 Verbnm;
1037 2377 1102 2446 hoc
1124 2377 1214 2446 idem

60 2505 125 2575 ergo
146 2491 202 2554 est
225 2483 421 2554 subiectum
444 2486 722 2575 grammaticum.
750 2484 1071 2576 Transpositionem
1095 2487 1214 2554 verbo·

59 2611 118 2661 rum
140 2592 288 2662 suadere
303 2592 419 2683 potuit
435 2594 603 2664 orationis
619 2592 847 2681 concinnitas
863 2595 904 2691 in
921 2592 978 2662 his
994 2592 1121 2684 quippe
1136 2615 1213 2663 ver·

59 2697 164 2769 siculis
179 2698 215 2767 1.
227 2699 262 2767 4.
275 2701 309 2767 5.
323 2699 345 2766 7
351 2748 358 2766 .
369 2698 425 2766 10.
440 2698 483 2767 11
491 2700 649 2771 videmus
665 2701 738 2770 tere
754 2703 953 2770 constanter
970 2700 1119 2768 incisum
1135 2700 1214 2768 sub-

58 2827 186 2900 sequens
208 2805 364 2896 incipere
386 2807 430 2875 eb
444 2827 484 2876 eo
498 2807 679 2893 vocabulo,
697 2808 734 2876 in
751 2807 842 2899 quod
865 2806 1071 2876 antecedens
1094 2807 1211 2877 desiit.

56 2915 208 2985 Attamen
218 2915 305 2984 telis
318 2914 584 2985 coniunctionis:
599 2922 703 2985 cerat
714 2915 807 3006 apud
816 2916 935 2998 Deum,
950 2916 1081 2983 etDeus
1093 2922 1180 3000 erat,
1195 2942 1212 2978 n

56 3023 150 3094 multo
173 3022 319 3114 gravior
342 3045 447 3093 cansa
469 3029 559 3109 erat,
573 3030 615 3094 ut
626 3025 743 3109 Pater,
758 3023 850 3116 apud
867 3047 967 3117 quem
986 3024 1024 3092 in
1041 3023 1214 3114 principio

56 3133 290 3218 erstVerbum‚
300 3136 337 3201 et
347 3131 460 3223 ipsum
467 3132 622 3203 Verbum
633 3154 723 3200 nnus
735 3131 892 3224 idemque
899 3131 993 3201 Deus
1001 3132 1211 3202 declaretur.

108 3240 302 3311 Evidenter
330 3239 422 3309 enim
445 3239 482 3308 in
511 3239 578 3308 tali
607 3240 816 3309 connexione
846 3262 968 3309 nomen
998 3240 1088 3307 Deus
1110 3260 1215 3309 unam

57 3347 251 3440 eandemque
273 3346 449 3437 propriam
472 3346 603 3416 retinet
625 3346 929 3436 significationem,
954 3368 1018 3416 nec
1040 3352 1154 3437 potest
1177 3347 1214 3415 in

57 3454 152 3543 priori
173 3454 286 3524 inciso
308 3455 399 3522 sumi
421 3476 526 3523 sensu
548 3454 689 3545 proprio
704 3459 741 3523 et
756 3454 794 3522 in
811 3454 969 3546 sequenti
984 3476 1088 3524 sensu
1103 3453 1215 3523 solnm

57 3561 214 3652 analoga·
226 3560 329 3630 Unde
353 3560 528 3630 sententia
550 3567 615 3630 est:
638 3561 821 3632 «Verbum
837 3566 916 3630 erat
930 3561 1023 3651 apud
1038 3561 1160 3644 Deum,
1180 3566 1217 3630 et

57 3665 136 3739 Deus
147 3675 231 3758 (non
246 3668 317 3737 alio
334 3668 395 3738 sed
409 3669 526 3738 eodem
542 3692 646 3739 sensu
662 3675 767 3761 atque
783 3669 868 3738 adeo
883 3690 975 3737 unus
988 3692 1093 3739 verus
1105 3668 1214 3755 Deus)
1232 3672 1236 3679 '

58 3781 121 3845 erat
139 3777 294 3847 Verbum
309 3803 341 3862 n,
358 3779 395 3845 h.
415 3799 445 3846 e.
464 3777 618 3848 Verbum
632 3778 671 3845 in
686 3776 858 3867 principio
874 3782 951 3846 erat
967 3777 1059 3867 apud
1075 3777 1215 3845 Patrem
1327 3805 1329 3809 ·

59 3882 108 3973 qni
126 3890 180 3955 est
195 3906 288 3953 unus
306 3905 411 3954 verus
424 3883 532 3970 Deus,
551 3890 587 3953 et
602 3883 755 3954 Verbum
772 3889 851 3953 erat
872 3884 978 3953 etiam
994 3884 1108 3975 ipsum
1124 3883 1215 3952 idem

60 4008 134 4061 unus
144 4015 250 4063 verns
261 3992 368 4061 Deus.
381 3992 592 4063 Declaratur
607 4013 690 4080 ergo
703 3990 776 4060 h.1.
792 3991 910 4059 unitas
925 3991 1043 4059 Patris
1057 3996 1093 4059 et
1108 3990 1216 4061 Verbi

60 4093 121 4184 iu,
144 4106 185 4169 ut
205 4101 315 4170 Pater
336 4108 374 4171 et
395 4100 549 4169 Verbum
580 4100 655 4168 sint
686 4122 777 4168 unus
802 4120 908 4168 verus
930 4100 1047 4185 Deus,
1077 4103 1217 4189 praeter

60 4223 143 4291 quem
164 4206 258 4275 alius
279 4207 374 4276 Deus
395 4231 464 4276 uon
486 4211 551 4276 est.
578 4205 727 4275 Proinde
750 4205 841 4297 quod
865 4205 997 4274 dicitur
1019 4206 1070 4273 Io.
1095 4205 1141 4273 X.
1157 4204 1213 4272 30:

62 4328 140 4400 tego
161 4319 199 4383 et
220 4313 327 4383 Pater
349 4336 457 4382 unum
480 4335 653 4398 sumus‚n
683 4312 851 4382 definitur
874 4312 913 4380 in
935 4311 1028 4381 hunc
1052 4333 1214 4380 sensnm:

60 4434 111 4504 ego
130 4427 166 4490 et
186 4420 293 4492 Pater
328 4443 419 4491 uuus
454 4443 561 4492 verus
594 4420 690 4490 Deus
713 4442 844 4489 sumus.
878 4419 963 4488 Cum
987 4425 1103 4489 autem
1126 4418 1218 4486 Deus
