3172 4950
217 508 253 569 et
275 501 312 569 in
336 523 377 568 eo
406 501 544 569 inclusa
574 501 807 593 inaequalitas
839 501 937 570 Filii.
967 502 1020 570 As
1042 501 1204 570 doctrina
1231 498 1350 569 serente

217 609 354 676 omnino
378 616 431 676 est
454 609 537 676 alia.
556 609 722 679 Infinitus
736 617 838 679 actus
853 609 1105 680 intellectionis
1122 608 1261 677 divinae
1273 608 1349 705 exis

217 716 370 786 trinseoa
393 739 456 785 sua
479 719 689 807 perfectione
713 725 746 788 et
771 720 949 808 exigentia
977 740 1061 787 snae
1083 722 1232 787 naturae
1257 714 1351 785 intelli

216 825 328 913 gendo
344 848 380 893 se
394 824 556 915 producit
571 826 724 895 Verbum
742 827 798 895 sui
813 835 855 896 nt
869 826 1057 895 terminum
1079 824 1352 897 immanentenis·

214 930 439 1013 telleotionis,
459 933 510 1000 ita
527 933 620 1001 utin
639 933 753 1001 Verbo
770 932 818 1001 sit
833 938 907 1002 tota
923 933 1041 1002 eadem
1061 957 1207 1002 numero
1221 930 1352 1023 perfecit

215 1039 375 1107 absoluta
399 1040 673 1125 communicata,
700 1047 865 1133 quaeest
895 1041 932 1109 in
961 1040 1186 1129 producente.
1216 1040 1353 1129 «Oportet

215 1147 340 1237 igitur,
369 1149 459 1240 quod
483 1149 577 1216 Deus
601 1149 638 1215 in
662 1173 698 1218 se
721 1149 796 1240 ipso
819 1150 868 1217 sit
889 1156 931 1217 ut
953 1147 1174 1217 intellectum
1198 1149 1234 1216 in
1256 1146 1351 1237 nult

215 1264 336 1345 gente,
358 1255 574 1326 intellectum
600 1263 714 1326 autem
738 1257 775 1324 iu
799 1257 1020 1347 intelligente
1043 1264 1098 1325 est
1120 1257 1269 1325 intentio
1282 1252 1353 1325 intel

214 1362 306 1432 lecta
330 1368 547 1454 (conceptus)
571 1371 607 1433 et
630 1366 785 1433 verbum.
807 1364 874 1432 Est
896 1364 1011 1454 igitur
1030 1369 1067 1429 in
1082 1366 1154 1431 Deo
1173 1365 1354 1454 intellipestr

213 1495 247 1537 se
270 1475 381 1561 s'psnm
407 1474 548 1539 Verbum
565 1474 631 1540 Dei
650 1476 753 1564 qnasi
776 1474 866 1539 Dens
889 1473 1082 1542 intellectae
1096 1502 1112 1535 n
1134 1473 1171 1542 S.
1187 1472 1254 1541 Tb.
1270 1476 1349 1563 cauit,

214 1588 310 1670 gont.
321 1580 386 1650 IV.
398 1605 427 1650 c.
441 1582 496 1649 11.
510 1581 640 1650 Eadem
654 1605 736 1651 vero
753 1582 944 1651 intrinseca
956 1581 1138 1671 exigentia
1148 1577 1349 1672 perfectionis.

214 1711 283 1780 qua
305 1690 398 1758 Deus
421 1695 489 1785 cst¹
505 1690 735 1780 intelligendo
766 1689 961 1779 exprimens
993 1689 1171 1775 Verbum,
1196 1694 1251 1757 est
1275 1686 1350 1756 etita

214 1793 366 1863 Verbum
391 1803 432 1864 ut
454 1796 548 1864 Deus
573 1795 787 1864 intellectae.

280 1902 320 1970 Si
343 1892 458 1991 igitur
475 1904 705 1994 dependentia
720 1905 852 1973 dicitur
872 1906 1070 1994 improprie,
1089 1904 1181 1996 qnod
1197 1926 1294 1972 unnn
1305 1860 1375 2015 atsi

212 2014 424 2100 potestesse
447 2012 522 2080 sine
545 2013 656 2081 altero
681 2036 722 2079 en
748 2016 933 2079 intrinseca
953 2015 1133 2103 exipentia
1143 2010 1375 2103 perfectiorem

212 2116 276 2201 boc
289 2141 391 2185 sensu
405 2118 634 2207 dependentia
645 2127 700 2187 est
712 2125 846 2203 mutua,
856 2119 939 2210 quia
952 2118 1144 2187 intellectio
1160 2126 1350 2208 paternam!

211 2229 327 2313 potest
350 2246 423 2291 esse
448 2224 522 2292 sinc
546 2224 752 2291 immanentc
768 2223 883 2292 Verbo
898 2223 1078 2312 producto,
1096 2230 1134 2292 et
1149 2221 1294 2292 Verbum
1304 2239 1350 2287 nos
1370 2278 1375 2303 ÷

211 2338 324 2420 potest
348 2354 422 2399 essa
445 2331 519 2399 sine
542 2331 778 2400 intellectione
809 2330 1031 2419 producente.
1056 2330 1108 2398 At
1135 2330 1221 2399 baec
1242 2352 1300 2398 uon
1315 2328 1351 2397 sd

212 2435 437 2526 dependentia
461 2436 637 2504 includens
663 2438 952 2528 imperfectionem
975 2443 1009 2505 et
1031 2439 1172 2528 proprie
1200 2438 1297 2521 dicta,
1311 2428 1349 2501 sti

210 2556 265 2615 est
280 2546 471 2615 intrinseca
487 2547 682 2616 necessaria
693 2547 875 2637 perfectio,
886 2553 927 2615 ut
944 2569 1034 2614 unus
1046 2546 1141 2614 Deus
1158 2547 1209 2615 sit
1220 2547 1349 2615 sicutne

211 2656 362 2724 cessario
381 2656 535 2724 existens
558 2657 697 2724 infinita
722 2655 917 2724 intellectio
933 2656 988 2723 sui
1005 2655 1203 2746 exprimens
1219 2654 1347 2731 Verbum,

210 2763 261 2833 ita
284 2766 478 2834 necessario
501 2765 655 2834 existens
671 2766 824 2833 Verbum
848 2764 1008 2833 infinitae
1024 2762 1292 2832 intellectionis:
1307 2754 1349 2822 sis

210 2874 383 2963 principio
406 2874 557 2942 Verbum
582 2880 660 2943 erat
679 2874 773 2963 apud
789 2873 910 2957 Deum,
930 2879 966 2941 et
982 2873 1077 2940 Deus
1092 2879 1170 2941 erat
1185 2871 1319 2941 Verbum
1327 2888 1347 2925 t·

276 2982 515 3073 Dependentia
540 2987 684 3072 proprie
715 2983 810 3051 dicta
832 2988 886 3050 est
908 2982 1050 3071 negatio
1080 2980 1266 3050 necessarii
1290 2974 1349 3044 sn

209 3096 314 3181 atquc
337 3092 551 3160 necessariae
576 3092 786 3160 intrinsecae
809 3090 1045 3180 perfectionis,
1066 3096 1102 3158 et
1121 3085 1295 3157 affirmatio
1306 3076 1347 3148 sli-

210 3199 310 3266 cuius
337 3199 425 3265 Esse
447 3207 482 3267 et
505 3200 657 3268 alicuius
684 3198 911 3289 perfectionis
941 3221 1003 3286 per
1033 3197 1207 3265 influxum
1238 3188 1348 3263 alteriut

210 3314 386 3398 tamquam
411 3330 534 3376 causae
558 3308 610 3393 (in
633 3306 751 3398 aliquo
774 3330 899 3396 genere
924 3305 1149 3375 causalitatis
1177 3294 1347 3372 materialia

210 3417 380 3503 formalis,
398 3416 527 3501 finalis,
546 3418 754 3503 efficientis).
770 3417 864 3484 Haeo
880 3414 1108 3505 dependentia
1120 3422 1175 3483 est
1190 3402 1348 3501 tnttpntit

209 3535 245 3595 et
256 3532 364 3616 negat
376 3528 463 3595 Esse
474 3525 707 3594 necessarium
722 3548 761 3593 ac
773 3523 918 3614 proinde
930 3531 1038 3612 negat
1048 3522 1136 3589 Esse
1147 3521 1295 3591 divinum
1304 3510 1347 3599 (ll

218 393 259 462 de
282 392 508 483 productione
530 390 630 477 Filii,
656 393 693 461 in
716 288 890 485 ᾳυέῗειιο
916 392 1062 465 evidens
1084 396 1141 462 est
1204 398 1349 483 pesth

1367 1743 1375 1849 l

262 3782 304 3855 (1)
323 3784 396 3835 Hinc
420 3788 516 3850 patet,
540 3780 609 3848 qnid
629 3780 810 3832 sentiendum
831 3779 871 3830 sit
893 3776 927 3829 de
949 3776 1060 3828 ratione
1076 3782 1105 3829 et
1122 3772 1350 3843 praedicationttt

211 3872 330 3924 sentiali
352 3873 424 3923 entis
447 3891 462 3923 n
487 3888 522 3923 se.
548 3870 695 3922 Particula
719 3887 735 3919 o
754 3886 780 3919 se
805 3874 892 3932 nogat
915 3865 1130 3933 productionem
1154 3882 1187 3919 ac
1202 3848 1349 3933 producibill

210 3968 296 4015 tatem
318 3979 334 4014 u
352 3978 438 4014 eausa
456 3962 617 4014 extrinseca
635 3975 684 4010 seu
704 3960 907 4013 abstinente.
926 3963 954 4009 et
974 3957 1095 4009 affirmat
1108 3956 1276 4021 enipentisn
1290 3952 1349 4001 cett

208 4053 358 4104 cessitatem
378 4053 542 4103 existentiae
563 4066 596 4103 ex
616 4051 681 4117 ipsa
703 4048 862 4101 intrinseca
882 4046 994 4109 ratione
1019 4046 1173 4109 essentiam
1195 4046 1268 4098 nibil
1285 4042 1351 4096 salt!

208 4158 258 4209 per
280 4158 309 4194 se
333 4148 419 4209 negat
444 4146 494 4194 snt
517 4142 637 4194 affirmat
658 4138 691 4190 dc
713 4138 898 4205 productione
912 4144 941 4188 et
955 4137 1139 4203 processione
1151 4134 1353 4196 immanentem

207 4233 396 4285 necessariam
414 4231 694 4283 communicationem
718 4229 803 4279 nnius
827 4227 1004 4280 necessariae
1028 4226 1182 4279 esseutiae.
1193 4226 1277 4277 Porro
1288 4210 1355 4271 esslt

207 4323 264 4375 Deo
280 4324 450 4389 simpliciter
469 4322 574 4374 dictum
595 4320 775 4384 intelligitur
798 4320 955 4369 absolutum
980 4318 1067 4379 Esse,
1093 4322 1190 4383 potest
1213 4322 1301 4369 nmen
1315 4318 1360 4361 cn!

207 4412 304 4481 addito
326 4416 412 4467 etism
433 4413 488 4466 dici
508 4430 555 4465 ens
573 4413 721 4465 rotaticum
735 4418 764 4464 ct
781 4410 872 4477 accipi
886 4408 1067 4475 hypostatice,
1086 4408 1186 4477 sieque
1197 4402 1367 4483 ditlpotml
