3172 4950
685 372 723 386 -
745 341 785 401 65
807 373 843 386 -
1249 401 1251 406 .

207 446 280 516 bunc
294 430 389 516 usum
407 448 533 540 quovis
549 453 701 539 tempore
726 454 762 517 et
782 448 820 515 in
837 448 994 518 omnibus
1016 449 1219 539 regionibus
1248 450 1358 521 fuisse

206 557 623 649 sequemirersalem;post
639 554 799 625 lacunam
815 557 955 625 enimin
974 558 1095 625 multis
1112 558 1208 626 codd.
1222 558 1359 647 graecis

205 664 318 735 morlo
334 666 424 734 forte
435 665 489 732 IV
505 665 682 734 inductam
699 669 735 732 et
750 665 859 733 latius
872 672 1113 755 propagatam,
1128 667 1206 735 fieri
1223 668 1285 736 vix
1299 691 1356 758 po-

205 774 269 858 tuit,
282 775 362 866 quin
374 773 458 843 hinc
470 775 551 842 inde
563 775 667 843 latini
681 797 815 866 quoque
832 775 965 843 codices
978 775 1028 843 eis
1042 777 1354 861 conformarentur,

205 882 337 952 ntetiam
360 906 454 952 nunc
470 882 635 952 exhibent
658 882 797 973 quidam
811 883 945 950 codices
961 883 1045 952 licet
1061 884 1185 973 scripti
1196 908 1264 951 non
1277 890 1358 953 ante

205 990 343 1075 steaVI,
359 1013 426 1083 quo
449 997 601 1081 tempore
627 995 782 1058 nostram
805 990 987 1058 lectionem
1011 1014 1032 1057 a
1055 991 1179 1059 latinis
1192 991 1358 1060 Patribus

204 1099 334 1188 agnitam
360 1104 398 1167 et
427 1106 632 1189 usurpatam
656 1099 765 1167 fuisse
800 1098 1078 1167 luculentissime
1103 1105 1250 1168 constat.
1280 1101 1356 1168 Hac

205 1212 296 1275 autem
318 1206 492 1276 varietate
515 1229 619 1297 penes
641 1205 837 1275 Orientales
861 1206 1005 1274 inducta
1028 1207 1166 1275 atinde
1189 1206 1295 1275 etiam
1319 1208 1355 1275 in

205 1314 354 1384 audente
384 1321 463 1384 orta
492 1314 612 1406 aliqua
645 1314 899 1398 haesitatione,
926 1321 967 1382 ut
990 1316 1063 1383 fere
1092 1315 1222 1384 accidit
1245 1316 1358 1407 quoad

205 1422 337 1513 integros
366 1424 476 1492 libros
507 1424 856 1506 deuterocanonicos,
882 1445 949 1490 non
973 1429 1026 1491 est
1049 1422 1194 1507 mirum,
1221 1424 1252 1492 si
1274 1446 1357 1491 non-

205 1531 273 1600 nulli
292 1533 418 1602 Patres
434 1532 539 1601 etiam
562 1531 667 1601 latini
691 1532 734 1598 ab
758 1554 823 1598 usu
840 1530 1045 1620 praesertim
1061 1531 1227 1621 polemico
1250 1530 1358 1599 huius

204 1639 371 1709 uuimonii
393 1639 513 1730 potius
531 1637 704 1707 abstinere
727 1638 937 1706 maluerunt.

254 1747 315 1818 111.
330 1747 416 1816 Cum
440 1770 544 1837 penes
560 1748 802 1816 Protestantes
825 1769 893 1813 non
918 1746 1016 1814 modo
1032 1768 1118 1815 vera
1135 1745 1269 1814 Christi
1291 1745 1356 1815 Ec·

208 1852 289 1923 alesia
308 1878 376 1925 non
393 1855 452 1939 sit,
471 1854 530 1923 sed
553 1877 596 1922 ex
620 1876 738 1922 eorum
754 1852 941 1947 principiis
962 1853 1282 1921 fundamentalibus
1295 1876 1357 1922 nec

210 1961 264 2029 ulla
281 1962 449 2054 religiosa
480 1961 628 2035 societas
653 1959 807 2030 visibilis
834 1959 986 2049 legalis,
1021 1983 1109 2052 quae
1144 1961 1357 2030 auctoritate

210 2070 401 2141 conmoritur
424 2076 460 2139 et
482 2075 652 2160 regatur,
679 2070 738 2137 sed
763 2075 900 2137 tantum
925 2069 998 2138 sint
1028 2069 1161 2159 singuli
1186 2069 1353 2154 bominac,

211 2178 255 2269 qui
272 2202 330 2248 suo
352 2180 494 2270 privato
525 2176 656 2246 iudicio
687 2177 887 2263 ducantur,
920 2176 1003 2246 hinc
1033 2178 1139 2245 etiam
1171 2177 1357 2268 Scriptura

210 2308 258 2355 nou
275 2293 328 2357 est
349 2288 622 2356 instrumentum
646 2286 710 2354 sub
734 2285 893 2353 custodia
916 2290 952 2354 et
968 2283 1172 2353 authentica
1187 2285 1356 2375 interpre-

209 2392 314 2462 tatione
336 2392 495 2486 publicae
519 2393 743 2462 auctoritatis
767 2392 980 2461 destinatum
996 2414 1058 2482 pro
1075 2394 1151 2482 ipsa
1175 2391 1353 2476 societate,

210 2501 251 2571 aad
270 2509 320 2572 est
347 2503 437 2571 liber
461 2502 658 2571 destinatus
682 2507 719 2569 et
741 2500 931 2590 permissus
955 2500 1175 2589 singulorum
1206 2499 1357 2568 examini

181 2633 183 2637 ’
208 2613 235 2676 ot
250 2610 418 2680 scientiae.
435 2609 554 2698 Igitur
572 2609 666 2678 sicut
680 2608 781 2676 nulla
796 2607 1000 2677 authentica
1016 2608 1262 2697 interpretatio
1280 2607 1357 2676 veri

209 2736 304 2786 seusus
325 2718 377 2786 ita
399 2717 500 2784 nulla
515 2717 721 2806 agnoscitur
751 2715 957 2784 authentica
981 2715 1173 2783 declaratio
1197 2715 1356 2804 genuini·
1479 2754 1482 2763 ·

208 2823 273 2893 tatis
293 2826 368 2895 sive
390 2825 475 2893 libri
498 2825 631 2914 integri
654 2825 730 2894 sive
752 2829 913 2893 textuum
937 2823 1196 2913 singularium,
1223 2822 1283 2891 sed
1299 2845 1356 2912 ge-

208 2932 338 3002 nuiritas
361 2939 398 3002 et
421 2933 566 3023 proinde
597 2932 781 3001 authentia
813 2932 1075 3022 Scripturarum
1108 2932 1208 3001 unico
1241 2933 1357 3022 explo-

208 3041 295 3109 randa
315 3048 369 3112 est
391 3048 428 3111 et
454 3041 691 3130 cognoscenda
722 3063 744 3108 a
774 3041 927 3131 singulis
960 3040 1128 3109 historico
1163 3048 1199 3110 et
1234 3040 1356 3110 critico

209 3150 338 3219 examine
354 3149 451 3238 (vide
463 3149 582 3218 Tract.
598 3148 640 3217 de
652 3149 811 3239 script).
828 3149 884 3216 Ex
899 3148 956 3217 his
973 3172 1055 3217 vero
1077 3148 1262 3239 principiis
1278 3171 1354 3216 con·
1491 3147 1494 3151 ’

211 3274 327 3346 aqueus
350 3262 427 3340 est,
453 3262 495 3324 ut
518 3256 756 3325 fundamentis
779 3256 860 3324 fidei
883 3278 923 3324 ac
947 3256 1130 3345 religionis
1155 3255 1358 3325 constitutis

212 3359 391 3434 inscientia
414 3370 518 3456 atque
542 3364 739 3434 eruditione
762 3363 913 3432 humana
930 3365 1100 3432 maximae
1116 3362 1239 3431 saltem
1263 3363 1357 3453 parti

212 3461 360 3540 hominum
378 3495 490 3564 neque
512 3472 706 3541 auctoritas
723 3471 987 3561 scripturarum
1005 3478 1162 3540 constare
1186 3476 1302 3563 queat,
1322 3476 1358 3539 et

212 3572 395 3649 aberuditis
410 3579 511 3670 ipsis,
531 3580 575 3649 ad
592 3602 737 3670 quorum
756 3577 909 3647 scholam
922 3579 1079 3648 revelata
1095 3578 1255 3647 doctrina
1276 3576 1357 3646 fidei

212 3693 399 3772 revocatur,
429 3709 493 3777 pro
525 3685 733 3755 diversitate
758 3685 978 3775 ingeniorum
1013 3691 1048 3754 et
1079 3683 1356 3774 imperfectionis

213 3789 351 3864 scientiae
365 3795 465 3864 modo
480 3793 600 3884 plures
617 3794 715 3862 modo
729 3793 910 3883 pauciores
926 3793 1024 3861 modo
1041 3816 1156 3861 omnes
1167 3792 1252 3861 libri
1266 3791 1357 3860 sacri

213 3903 391 3996 auctique
414 3903 493 3970 iure
517 3901 575 3970 sed
592 3907 708 3970 tamen
732 3901 806 3970 sine
831 3901 1023 3969 defectione
1039 3922 1060 3968 a
1075 3900 1261 3991 principiis
1277 3901 1355 3967 fun·

213 4000 439 4081 lamentalibus
455 4015 569 4079 sectae
587 4009 689 4079 velut
706 4009 819 4099 spurii
835 4015 898 4078 aut
913 4009 1119 4099 interpolati
1134 4008 1355 4076 reiiciantur.

257 4119 308 4189 Ad
322 4119 472 4190 incisum
485 4119 603 4210 itaque
619 4119 656 4185 in
669 4117 904 4210 quaestionem
921 4123 1083 4185 vocatum
1101 4117 1192 4207 quod
1208 4121 1356 4207 spectat,

212 4238 260 4292 uon
277 4251 366 4297 nunc
390 4226 643 4311 contendimus,
670 4231 853 4316 suppetere
877 4225 1053 4316 praesidia
1084 4224 1208 4293 critica
1240 4230 1276 4291 et
1306 4222 1358 4290 hi-

212 4333 562 4420 nasammonas,
588 4342 630 4404 ut
652 4334 699 4402 iis
723 4334 807 4402 solis
831 4334 936 4402 etiam
961 4333 1141 4424 supposito
1158 4332 1247 4402 falso
1264 4331 1358 4420 prin-

212 4438 279 4532 cipio
299 4444 601 4530 Protestantium,
628 4465 694 4536 quo
718 4443 937 4533 Scripturam
960 4465 1029 4511 non
1045 4465 1143 4512 secus
1166 4463 1206 4510 ac
1230 4439 1359 4508 librum

1255 4583 1270 4619 0
