3172 4950
727 370 765 384 ..
786 338 848 399 534
869 370 907 384 -

229 445 380 513 nismum
403 450 468 512 aut
490 442 739 527 tritheismum,
765 466 809 511 ne
832 444 984 513 admisso
1008 467 1079 514 uno
1101 444 1285 513 creationis
1304 446 1374 535 prin·

228 550 320 640 cipio
343 550 640 619 confunderentur
663 572 840 640 personae.

294 658 396 740 Quod
419 657 545 725 ultimo
566 657 641 726 loco
664 657 831 727 obiicitur
855 657 897 727 de
920 679 987 727 evo
1009 664 1045 726 et
1067 664 1213 748 nepote,
1236 666 1290 728 est
1308 659 1375 726 blas·

225 766 364 857 phemia
375 765 767 834 Pneumatomschorum
780 787 802 831 a
818 766 885 833 ΡΡ.
908 765 1194 858 frequentissime
1206 766 1373 835 confutata.

226 874 328 942 Sicut
350 872 513 941 Photiani
536 880 770 962 supponentes
803 872 1055 962 processionem
1086 894 1129 939 ex
1153 873 1259 941 Patre
1280 873 1378 941 dicunt

225 980 398 1070 Spiritum
422 979 589 1048 Sanctum
613 980 688 1048 fore
711 985 880 1069 nepotem,
907 980 938 1046 si
962 979 1130 1069 procedat
1152 979 1260 1047 etiam
1281 1002 1319 1047 ex
1335 979 1377 1046 n-

224 1087 295 1174 lio;
321 1088 373 1156 ita
395 1086 701 1156 Pneumatomaehi
725 1087 935 1155 Semiariani
958 1093 1194 1178 supponentes
1216 1086 1381 1177 processio

224 1218 300 1263 nem
323 1217 345 1261 a
366 1193 462 1262 Filio
485 1194 575 1262 idem
599 1193 800 1263 inferebant
822 1195 999 1288 consequi,
1026 1195 1057 1263 si
1081 1194 1185 1263 iuxta
1207 1193 1382 1264 doctrinan

223 1302 430 1372 catholicam
455 1301 611 1391 Spiritus
628 1303 781 1371 Sanctus
805 1304 971 1372 etiamen
989 1304 1094 1371 Patre
1116 1309 1226 1394 atquc
1250 1325 1292 1370 ex
1312 1302 1384 1370 sub-

224 1410 358 1479 stantia
380 1409 499 1477 Patris
523 1416 559 1477 et
580 1409 679 1494 Filii,
705 1433 747 1478 ex
769 1411 876 1480 Patre
898 1434 959 1502 per
981 1411 1115 1479 Filium
1140 1411 1316 1502 procedat.
1331 1411 1386 1478 Ra·

222 1517 273 1585 tio
296 1540 360 1586 cur
382 1516 499 1585 illatio
522 1516 696 1585 Photisna
719 1522 756 1585 et
779 1518 996 1586 Semiariana
1019 1518 1176 1587 absurda
1200 1517 1273 1602 sit,
1304 1522 1386 1608 patet

220 1649 262 1693 ex
286 1625 445 1693 omnibus
476 1625 582 1693 dictis
605 1632 641 1693 et
664 1626 862 1716 explicatur
884 1649 906 1693 a
929 1626 1109 1696 Patribus:
1128 1626 1217 1717 quia
1233 1625 1386 1693 nimirum

219 1756 386 1824 personae
408 1733 550 1802 divinae
573 1755 641 1801 non
664 1734 801 1802 divisse
824 1740 909 1803 sunt
932 1734 1050 1821 (iuxta
1071 1733 1252 1801 Arianum
1275 1740 1310 1802 et
1329 1733 1385 1801 tri-

220 1840 425 1909 theisticum
448 1843 702 1925 commentum),
729 1841 830 1931 quasi
854 1862 936 1910 vero
952 1840 1102 1930 primum
1127 1842 1238 1909 Pater
1260 1860 1387 1930 genera·

221 1955 276 2017 ret
291 1947 442 2035 Filium,
463 1953 499 2015 et
513 1946 637 2016 deinde
654 1947 750 2015 solus
765 1948 883 2016 Filius
897 1955 1084 2038 generaret
1101 1947 1279 2038 Spiritum
1296 1948 1386 2016 Sano-

220 2062 314 2142 tum,
332 2055 391 2123 sed
405 2055 501 2124 sicut
513 2076 679 2144 personae
691 2056 833 2124 divinae
845 2078 914 2122 una
926 2078 1069 2124 numero
1082 2055 1221 2124 virtute
1234 2055 1387 2124 creatrice

220 2169 342 2233 creant
363 2164 579 2248 universum,
599 2163 652 2231 ita
673 2164 779 2232 Pater
803 2169 838 2231 et
861 2163 978 2232 Filius
1001 2185 1071 2232 una
1094 2186 1243 2231 numero
1266 2163 1388 2232 virtute

220 2272 405 2364 spiratrioe
427 2278 533 2363 atque
556 2270 633 2339 ideo
648 2277 691 2340 ut
706 2294 813 2340 unum
836 2272 1048 2362 principium
1068 2270 1211 2361 spirant
1228 2270 1388 2361 Spiritum

220 2379 407 2450 Sanctum:
437 2408 454 2443 a
471 2403 538 2447 non
555 2401 645 2449 avus
668 2404 735 2448 non
759 2401 880 2470 nepos,
907 2380 967 2448 sed
990 2402 1031 2447 ex
1055 2380 1176 2448 eedem
1200 2378 1387 2448 substantia

218 2487 338 2555 Petris
354 2510 394 2555 ao
407 2486 493 2555 Filii
511 2487 668 2576 Spiritus
684 2486 835 2555 Sanctus
850 2513 866 2548 n
884 2486 1085 2576 Ephiphan.
1105 2508 1216 2577 supra
1228 2511 1263 2577 p.
1277 2487 1352 2555 478.

287 2595 384 2677 Quae
407 2617 484 2662 cum
507 2594 560 2662 ita
584 2599 783 2683 comparate
806 2593 889 2677 sint,
915 2593 958 2661 ad
981 2614 1040 2661 sas
1063 2593 1194 2661 incitas
1209 2600 1301 2662 teste
1316 2594 1387 2660 Bes·

218 2702 355 2770 serione
380 2700 514 2768 redacti
538 2706 622 2767 sunt
645 2699 770 2767 Graeci
793 2699 830 2766 in
854 2699 957 2767 Oonc.
974 2699 1204 2784 Florentino,
1232 2699 1387 2791 quamdiu

217 2815 358 2899 apertae
384 2807 529 2876 veritati
552 2807 715 2875 resistere
739 2805 915 2889 volebant,
940 2811 981 2874 ut
996 2812 1207 2896 cogerentur
1231 2808 1288 2877 vel
1310 2807 1387 2876 stul-

216 2918 351 2987 tissime
385 2917 529 2983 Petrum
565 2914 717 2982 omnium
751 2913 953 2982 testimonia
987 2921 1154 3003 corrupta
1189 2915 1306 2985 dicere
1337 2914 1387 2983 sel

216 3024 353 3093 omnino
377 3023 560 3092 eorundem
592 3021 785 3089 doctrinam
816 3021 946 3089 erroris
976 3021 1198 3090 insimulare,
1229 3053 1246 3087 a
1274 3022 1386 3099 latini

215 3156 257 3201 ex
280 3133 350 3200 alio
374 3130 545 3221 principio
580 3128 797 3197 exordientes
829 3153 890 3218 per
920 3129 1039 3219 plures
1069 3129 1292 3199 continenter
1320 3130 1385 3197 dies

215 3239 328 3307 multa
349 3260 390 3307 ac
415 3238 515 3306 varia
539 3244 746 3326 argumenta
769 3236 993 3326 protulerunt
1015 3235 1296 3306 demonstrantia
1317 3236 1383 3326 Spi-

213 3347 322 3416 ritum
347 3345 513 3414 Sanctum
545 3345 729 3435 procedere
759 3367 801 3412 ex
824 3345 930 3412 Patre
953 3352 989 3413 et
1010 3344 1128 3428 Filio,
1160 3345 1278 3413 innixi
1301 3343 1382 3414 Scri·

213 3461 338 3548 pturae
368 3474 487 3523 sacrae
511 3458 615 3545 atque
647 3453 728 3521 inde
753 3452 858 3521 facile
888 3458 1084 3543 promentes
1111 3454 1380 3544 subsumptiones

213 3563 467 3654 probationum.
494 3563 671 3630 Postremo
702 3560 799 3629 dicta
828 3562 974 3629 Patrnm
1005 3560 1233 3647 attulerunt,
1266 3561 1379 3655 quibus

212 3670 398 3738 manifesto
421 3676 457 3737 et
479 3668 622 3736 disertis
647 3666 763 3735 verbis
786 3665 893 3734 huius
916 3667 1090 3756 dogmatis
1121 3668 1258 3738 veritas
1279 3674 1378 3736 osten·

212 3776 322 3845 ditur.
348 3776 578 3845 Protulerunt
601 3781 717 3844 autem
741 3798 809 3843 non
822 3775 933 3842 solum
951 3775 1223 3844 occidentalium
1247 3776 1377 3843 sednon

211 3883 326 3951 minus
350 3886 455 3951 etiam
479 3884 701 3952 orientolium
724 3884 912 3952 Doctorum
935 3882 1194 3952 testimonia...
1218 3884 1276 3952 Ad
1299 3903 1376 3974 quse

210 4014 273 4059 nos
296 3993 550 4081 responsionem
573 3993 706 4060 nnllam
732 3992 953 4077 habebamus,
979 3992 1049 4060 nisi
1072 3992 1163 4081 quod
1187 3993 1311 4082 spuria
1333 4013 1374 4058 es·

210 4104 288 4166 sent
310 4104 346 4167 et
368 4121 389 4166 a
412 4100 551 4167 Latinis
576 4106 752 4189 corrupta.
779 4099 1028 4168 Produxerunt
1050 4106 1211 4168 nostrum
1234 4097 1375 4190 Epipha-

207 4205 305 4273 nium
330 4206 367 4273 in
391 4207 513 4274 multis
543 4206 630 4274 locis
661 4206 755 4275 clare
778 4207 979 4292 docentem,
1013 4206 1187 4298 Spiritum
1220 4207 1375 4277 Sanctum

208 4335 282 4382 esse
306 4337 348 4382 ex
372 4317 478 4383 Patre
501 4320 537 4382 et
558 4314 671 4381 Filio:
697 4315 961 4405 respondimus,
987 4315 1190 4384 adulterina
1214 4340 1299 4385 esse.
1322 4314 1375 4381 Le·

207 4427 339 4508 gerunt
372 4421 580 4491 sententiam
615 4422 734 4512 magni
768 4421 898 4492 Basilii
921 4445 963 4492 ex
986 4421 1089 4491 libris
1123 4429 1250 4493 contra
1270 4423 1374 4493 Euuo
