3172 4950
641 346 700 369 ·-
721 322 782 386 429
801 350 841 372 -

188 429 374 515 inhiantia,
391 433 429 499 et
444 428 588 520 proinde
610 428 803 520 producens
826 435 862 499 at
885 430 1029 501 verbum
1053 430 1260 521 productum
1279 455 1335 502 ne·

188 546 337 632 1ussont
358 537 447 607 dnae
470 538 691 629 hypostases,
716 561 826 630 noque
843 540 912 608 nisi
933 540 1122 631 improprie
1148 540 1185 608 in
1209 541 1338 611 creatis

188 644 264 716 rerbi
284 648 463 736 peroratio
489 644 561 714 dici
592 651 708 736 potest
731 647 793 734 (cf.
822 646 859 716 S.
883 648 950 716 Th.
972 646 1155 737 Compend.
1180 648 1334 739 theolog.

188 780 205 825 ι.
218 753 283 840 38).
309 753 468 846 Utraque
490 776 574 845 ergo
596 755 762 846 analogia
776 756 1018 847 coniungenda
1033 766 1098 841 est,
1116 763 1158 825 ut
1173 777 1243 824 una
1257 779 1337 848 sup-

188 860 262 932 ›leat
282 859 446 947 alteram,
464 868 501 930 et
514 861 605 954 qnod
629 856 776 955 utroque
798 864 935 931 nomine
958 864 1052 932 Filii
1073 884 1114 935 ac
1139 864 1241 931 Verbi
1261 886 1337 955 per·

188 970 295 1039 butum
324 968 557 1061 exprimitur,
584 970 621 1039 in
652 970 724 1039 Deo
758 970 985 1062 intelligatur
1019 972 1334 1063 perfectissimum

188 1078 255 1174 pund
276 1100 361 1149 vero
383 1077 580 1147 includitur
602 1078 875 1169 imperfectionis
891 1081 928 1147 in
951 1079 1209 1169 significatione
1231 1081 1336 1150 alter·

188 1185 292 1270 abins,
309 1191 423 1276 ‚prout
444 1206 487 1253 ex
510 1186 682 1255 creaturis
702 1185 909 1271 desumitur,
928 1188 1129 1276 corrigatur
1146 1210 1208 1278 per
1226 1187 1335 1278 signi-

188 1290 359 1363 irationem
380 1292 531 1364 alterius
554 1295 617 1381 (1).
978 1308 983 1315 '

233 1400 305 1471 Iam
327 1424 505 1492 possemus
528 1401 664 1472 dicere:
690 1404 786 1474 sicut
808 1404 845 1472 in
868 1404 1146 1473 emanationibus
1162 1404 1337 1494 corporeis

188 1530 237 1579 nou
252 1510 397 1603 quaevis
420 1510 602 1600 prodictio
618 1510 725 1580 etiam
740 1511 949 1598 viventium,
968 1519 1005 1582 et
1019 1512 1125 1581 stiam
1142 1533 1230 1603 quae
1254 1519 1339 1582 sunt

188 1616 433 1687 insubstantia
457 1617 623 1710 principii
647 1618 883 1708 producentis,
913 1620 973 1689 sed
1001 1641 1071 1687 una
1101 1620 1338 1693 tantummodo
1370 1662 1376 1673 ·

188 1726 326 1817 specialis
357 1726 498 1819 suisque
533 1727 685 1817 propriis
715 1718 978 1797 characteribus
1002 1727 1236 1796 determinata
1259 1750 1335 1819 pro·

188 1832 274 1902 maio
295 1834 434 1924 propria
457 1832 589 1904 dicitur
612 1842 725 1905 otest
746 1835 951 1926 generatio,
976 1834 1029 1904 ita
1050 1834 1088 1902 in
1112 1834 1338 1924 processioni·

189 1942 238 2013 tn
265 1941 509 2033 spiritalibus,
535 1964 622 2034 qnae
649 1941 901 2011 substantiales
931 1948 1015 2011 sunt
1045 1944 1183 2011 tantum
1207 1942 1245 2019 in
1266 1943 1338 2012 Deo

189 2047 294 2139 spiritu
315 2048 476 2133 infinito,
502 2048 576 2117 sola
599 2048 772 2138 processio
798 2072 859 2137 per
883 2049 1063 2118 formalem
1093 2051 1263 2119 rationem
1286 2049 1338 2117 in·

189 2154 329 2227 tellectns
351 2163 388 2226 et
410 2154 556 2246 proinde
571 2156 745 2247 processio
763 2158 864 2225 Verbi
887 2156 1026 2248 proprie
1041 2160 1218 2247 penerotio
1235 2163 1291 2225 est
1305 2162 1342 2227 et

191 2265 305 2335 uitalis
316 2265 417 2333 nobis
432 2264 625 2334 revelatur.
645 2265 774 2333 Verum
791 2267 836 2336 ad
848 2265 1051 2334 ulteriorem
1068 2266 1219 2357 aliquem
1236 2264 1338 2334 intel-

190 2366 292 2445 ltttnm
314 2372 536 2462 analogicum
560 2395 698 2441 necesse
721 2373 820 2442 nobis
843 2380 898 2443 est
921 2395 987 2441 non
1019 2372 1158 2464 quidem
1180 2394 1272 2441 mere
1296 2395 1338 2441 cx

190 2482 304 2574 tnalysi
327 2488 489 2551 notarum
512 2480 751 2550 essentialium
774 2481 1023 2572 generationis,
1045 2487 1086 2549 ut
1100 2479 1164 2550 has
1187 2503 1229 2548 ex
1245 2501 1337 2549 crea·

189 2588 260 2659 turis
279 2594 479 2683 perspectas
503 2587 688 2673 habemus,
714 2588 774 2657 sed
804 2595 920 2656 tamen
950 2588 1015 2656 has
1045 2593 1146 2657 notas
1172 2586 1340 2678 praecisis

190 2688 487 2787 imperfectionibus
511 2695 616 2764 simul
639 2696 868 2786 comparando
884 2718 962 2765 cum
977 2696 1240 2786 praesupposito
1256 2694 1339 2785 dog·

188 2811 257 2874 mato
275 2803 434 2874 revelato
463 2802 682 2872 considerare
705 2804 951 2894 perfectionem
975 2804 1150 2872 infinitam
1178 2804 1242 2871 sub
1269 2804 1339 2872 for·

188 2910 252 2981 mli
275 2912 414 2983 ratione
442 2914 677 3001 perorationis
700 2911 738 2980 in
761 2911 827 2981 hac
850 2912 1088 2984 intellectuali
1120 2912 1340 3003 processione

188 3008 282 3091 lubi.

224 3164 260 3239 (1)
274 3170 318 3222 lix
337 3168 425 3221 dictis
445 3170 535 3234 patet,
557 3167 638 3221 nullo
657 3165 737 3220 modo
756 3167 801 3221 ias
821 3182 883 3220 esse
901 3169 1089 3236 impropriam
1108 3170 1273 3223 existimare
1292 3184 1342 3237 ap·

188 3256 348 3319 ttllatlonem
367 3260 442 3313 Filii
460 3259 492 3312 in
511 3258 728 3325 asur-initote,
742 3259 826 3312 immo
848 3272 931 3328 posse
953 3259 1069 3312 subesse
1089 3261 1279 3327 suspicionem
1293 3275 1341 3314 ne-

188 3348 252 3407 nte
266 3350 465 3405 distinctionis
478 3351 567 3404 realis
588 3351 791 3417 hypostaseon,
812 3351 836 3403 si
857 3351 922 3417 quis
943 3353 1092 3417 utramque
1112 3352 1337 3418 appellationem

188 3438 317 3493 assistam
337 3440 526 3506 comparando
549 3442 668 3492 Verbum
687 3439 891 3505 tantummodo,
913 3442 1078 3491 nouantem
1098 3440 1206 3491 Filium
1227 3441 1340 3507 proprie

188 3525 304 3583 omnen
322 3528 517 3582 contenderet.
532 3530 590 3582 Hoc
609 3534 654 3582 est
674 3528 747 3597 quod
767 3529 836 3582 Pius
848 3530 899 3582 VI.
919 3526 1018 3601 (Bulla
1040 3528 1205 3581 eductorem
1228 3529 1337 3583 Fidele

188 3606 338 3689 bspltogo)
350 3618 495 3686 improbat
508 3618 538 3671 in
554 3620 783 3673 Pistoriensibns
796 3619 876 3671 inter
888 3634 930 3683 ea,
945 3634 1017 3685 quae
1038 3638 1051 3665 u
1065 3619 1090 3670 si
1104 3634 1161 3671 nou
1175 3635 1264 3687 pravo
1278 3620 1338 3672 aul·

188 3706 227 3765 ¹⁰·
235 3702 440 3775 imprudentius
459 3711 535 3760 certe
554 3706 668 3773 Synodo
688 3708 892 3773 excideruute,
915 3706 1052 3761 videlicet
1079 3726 1092 3753 a
1106 3708 1181 3774 quod
1206 3704 1336 3780 (pseudo-

188 3793 302 3868 Μαι)
319 3798 355 3850 ds
375 3797 508 3864 ipsismet
526 3797 621 3850 tribus
642 3798 753 3852 divinis
774 3799 905 3865 personis
925 3796 1026 3863 tradit,
1047 3811 1095 3849 eus
1122 3796 1275 3851 secundnm
1296 3814 1339 3851 ea·

188 3886 436 3957 appropriantes
454 3890 620 3955 personales
639 3892 669 3941 et
689 3889 972 3942 incommunicabiles
992 3887 1122 3946 exactius
1141 3888 1282 3956 loquendo
1296 3904 1331 3942 ex

188 3970 252 4029 ltlmi
268 3994 316 4033 seu
335 3979 480 4046 appellari
498 3980 622 4045 Patrem,
636 3981 770 4043 Verbum,
786 3983 815 4032 et
834 3979 974 4046 Spiritum
986 3978 1132 4045 Sanctum,
1149 3980 1231 4046 quasi
1245 3979 1339 4033 minus

188 4064 279 4131 imptis
296 4074 326 4123 ct
344 4072 445 4122 exacta
464 4069 540 4122 foret
558 4069 716 4135 appellatio
730 4070 805 4121 Filii
819 4072 864 4121 tot
875 4068 1041 4134 Scripturas
1055 4069 1126 4123 locis
1141 4074 1338 4123 consecrata...

188 4152 211 4197 te
223 4166 268 4210 non
283 4157 380 4226 potins
402 4157 583 4211 retinendum
603 4163 698 4224 esset,
720 4158 794 4224 qnod
817 4156 932 4211 edoctus
952 4158 987 4210 ab
1005 4156 1167 4222 Augustino
1185 4157 1340 4223 Argolicus

188 4242 326 4315 traantur
347 4246 475 4301 vicissim
501 4248 564 4313 ipse
588 4248 685 4301 docuit
703 4247 751 4321 (1.
765 4263 792 4315 q.
807 4248 852 4300 34,
865 4264 891 4299 a.
904 4249 930 4299 2.
943 4245 979 4299 ud
992 4248 1008 4299 3
1020 4242 1049 4316 ),
1071 4248 1103 4300 in
1121 4248 1234 4301 nomine
1252 4247 1342 4301 Verbi

188 4330 278 4391 auden
297 4337 505 4407 proprietatem
520 4338 680 4406 importari,
697 4353 770 4405 quae
783 4339 812 4391 in
828 4338 939 4391 nomine
953 4337 1026 4390 Filii
1039 4335 1152 4391 dicente
1164 4335 1337 4401 Augustino:

188 4420 321 4483 abatur
339 4428 474 4494 Verbum,
496 4442 551 4495 quo
570 4427 665 4481 Filius
682 4447 707 4478 e.
