3172 4950
709 115 747 129 ..
768 84 828 144 283
850 115 888 129 ..
950 127 954 134 ,

221 209 317 278 qnam
344 187 619 258 distinctionem.
641 188 737 258 llaec
761 189 1031 281 comprehensio,
1058 194 1227 282 quantum
1250 189 1386 261 ratione

213 292 443 385 intelligitur,
458 300 513 366 est
529 294 670 366 infinita
681 296 887 383 intellectio,
906 297 1155 390 quaereeliter
1170 304 1224 368 eat
1238 296 1388 388 ipsamet

211 400 335 470 divina
358 402 559 472 substantia
582 404 656 473 sine
678 403 753 472 ulla
776 404 1001 475 distinctione
1016 406 1117 493 reali3
1136 406 1287 475 omnium
1304 428 1386 476 vero

210 509 351 580 minime
375 509 557 581 inducitur
580 511 763 583 distinctio
786 520 851 582 aut
874 513 1125 605 multiplicatio
1141 513 1283 584 divinae
1307 514 1385 583 sub·

208 620 364 688 stantiae
388 641 450 689 seu
472 620 668 707 essentiae,
693 621 785 719 quod
808 626 844 690 et
866 621 934 690 fide
958 629 1095 691 constat
1111 628 1146 692 et
1161 622 1298 692 ratione
1313 621 1385 714 evi·

208 724 294 797 dens
317 735 376 797 est
398 732 460 815 (cf.
478 731 598 802 Traot.
617 730 658 799 de
681 730 781 816 Deo).
806 729 899 799 Hinc
915 729 966 799 δ”.
983 736 1059 799 tum
1075 729 1142 799 fide
1159 738 1297 800 constat
1311 752 1386 800 esse

209 834 366 923 fulsum,
392 846 468 908 tum
490 839 628 909 ratione
651 838 870 928 intelligitur
901 838 1112 924 absurdum,
1139 838 1230 931 quod
1253 838 1385 909 dicitur

210 941 325 1011 aene
335 943 537 1014 absolutum
552 968 666 1016 secum
682 947 757 1037 ipso
768 945 859 1013 inire
875 944 1090 1031 relationem,
1106 951 1141 1014 et
1153 945 1385 1015 substantiam

210 1050 369 1123 divinam
391 1076 454 1144 per
484 1054 735 1125 emanationem
767 1053 992 1146 duplicari.»
1025 1053 1103 1124 Non
1131 1058 1187 1123 est
1213 1052 1384 1144 oppositio

211 1159 284 1230 sive
299 1161 430 1245 relatio
453 1162 548 1232 inter
569 1165 657 1233 Esse
687 1163 885 1232 absolutum
917 1185 979 1232 seu
1010 1161 1104 1230 iuter
1131 1161 1317 1231 essentiam
1348 1167 1385 1230 et

211 1269 408 1355 mutiam,
421 1270 615 1340 absolutam
631 1270 863 1341 substantiam
879 1276 914 1339 et
930 1267 1174 1356 substantiam3
1193 1267 1278 1337 haec
1292 1269 1383 1336 enim

212 1383 264 1446 est
284 1399 357 1447 una
371 1378 633 1470 simplicissima
649 1402 718 1449 non
733 1378 1015 1470 multiplicabilis
1033 1399 1197 1447 asumma
1211 1398 1281 1462 res,
1295 1399 1383 1468 quae
1451 1387 1456 1396 '

214 1506 273 1555 nec
294 1494 443 1576 generat
464 1510 527 1557 nec
550 1496 739 1577 generatur
761 1511 824 1557 nec
839 1487 1009 1578 procedit,
1031 1493 1240 1579 »quatenus
1255 1493 1310 1556 est
1324 1487 1382 1554 eb·

216 1592 325 1662 soluta
347 1593 500 1663 essentia
522 1618 584 1664 scu
607 1595 828 1684 substantie,
854 1595 972 1664 eedem
995 1602 1111 1664 tamen
1143 1592 1248 1662 habet
1275 1592 1382 1662 retio-

216 1719 286 1767 nem
307 1680 481 1786 relativi,
507 1701 617 1771 etsie
640 1701 955 1771 illaunasumma
978 1724 1034 1770 res
1068 1708 1156 1770 cest
1186 1700 1290 1770 Pater
1321 1701 1382 1793 qui

217 1816 365 1897 generat,
383 1816 422 1878 et
434 1752 552 1878 Filius
567 1808 628 1902 qui
644 1810 820 1899 gignitur,
838 1817 875 1880 et
892 1810 1048 1901 Spiritus
1061 1809 1212 1898 Sanctus
1228 1810 1289 1902 qui
1304 1833 1381 1900 pro-

219 1915 322 2002 cedit,
349 1921 423 1986 tres
444 1916 551 1985 simul
572 1939 740 2008 personae
752 1925 788 1987 et
803 1917 981 2010 quaelibet
998 1894 1208 1986 earumdem.
1226 1945 1242 1980 n
1262 1916 1303 1986 Id
1319 1939 1381 1986 nec

218 2044 274 2093 uos
286 2046 348 2094 uec
364 2024 602 2095 Guntheriani
616 2025 753 2095 ratione
769 2025 1015 2114 intelligimus,
1035 2025 1095 2095 sed
1111 2048 1174 2094 nos
1185 2024 1380 2116 quaerendo

218 2132 400 2202 notiones
388 2157 427 2202 un
450 2133 528 2225 ipsa
550 2132 776 2219 revelatione,
791 2139 827 2202 et
849 2132 906 2202 his
929 2132 1178 2202 accomodando
1195 2139 1380 2223 conceptus

174 2239 375 2337 analogos
397 2240 534 2312 ratione
556 2243 799 2333 praecognitos
815 2241 988 2327 novimus,
1004 2240 1089 2333 quid
1105 2242 1154 2311 sit
1168 2241 1380 2325 credendum

224 2346 300 2416 illi
289 2373 325 2417 ιιι
348 2348 447 2419 hoc
436 2371 512 2440 ipso
536 2349 726 2435 falluntur,
752 2349 918 2440 quamdiu
941 2371 1009 2416 non
1033 2349 1203 2435 vident,
1192 2373 1230 2419 ιιι
1246 2350 1379 2421 revela·

174 2470 179 2547 3
224 2455 304 2528 tione
325 2457 588 2528 distinctionem
611 2466 648 2530 et
670 2459 814 2550 proinde
830 2458 1011 2528 formalem
1027 2459 1196 2528 rationem
1213 2480 1379 2550 personae

174 2586 181 2653 ²,
226 2561 359 2652 didace,
374 2572 416 2636 ut
431 2587 502 2636 una
517 2566 754 2657 distinguitur
776 2567 820 2635 ab
842 2556 967 2653 altera,
986 2589 1054 2635 non
1077 2567 1115 2635 iu
1138 2567 1298 2636 absoluto
1314 2567 1378 2635 ali·

179 2710 184 2717 ·
227 2692 276 2762 quo
297 2673 356 2744 sed
377 2673 416 2742 in
439 2673 591 2744 relativo
613 2673 795 2745 constitui.
810 2675 885 2744 Hoc
908 2681 1024 2743 autem
1049 2697 1127 2744 cum
1151 2674 1317 2760 viderint,
1336 2675 1378 2744 de

174 2781 537 2877 ,rdemonstrationa
553 2789 728 2873 cogente»
754 2806 797 2853 ex
820 2783 952 2852 lumine
973 2783 1125 2853 rationis
1140 2806 1209 2852 non
1225 2782 1378 2874 amplius

174 2834 423 2991 {agitabunt

174 2996 178 3031 ·'
256 2998 290 3067 si
312 3005 391 3068 tota
413 2998 479 3067 illa
500 2998 749 3068 demonstratio
775 2997 1039 3088 «oppositionis
1062 2997 1155 3067 inter
1180 2997 1375 3069 subiectum

224 3106 469 3177 etobiectumn
495 3105 608 3174 fallax
631 3111 667 3176 et
690 3105 782 3175 falsa
804 3111 877 3190 est,
903 3105 973 3173 iam
997 3105 1038 3174 de
1061 3105 1229 3175 rationali
1252 3106 1377 3178 deduc·

223 3212 298 3285 tione
318 3237 487 3307 personae
509 3214 636 3284 tertiae
658 3236 719 3283 seu
745 3212 881 3283 «stertii
903 3212 1062 3282 element'
1036 3218 1077 3298 tr,
1094 3241 1110 3276 n
1129 3218 1171 3282 ut
1186 3212 1247 3283 illc
1264 3213 1376 3307 loqui·

221 3325 277 3409 tur,
301 3347 418 3394 sermo
436 3346 511 3393 esse
533 3345 602 3392 nou
625 3329 764 3415 petest,
790 3322 875 3414 quia
889 3320 974 3390 haec
990 3321 1104 3390 ultera
1123 3307 1284 3390 deductio
1298 3326 1375 3389 tota

220 3427 376 3501 fundatur
398 3431 437 3500 in
460 3429 571 3522 priori
593 3453 735 3523 eamque
758 3428 925 3521 supponit
947 3436 989 3499 ut
1012 3428 1278 3498 fundamentum
1307 3450 1384 3496 ne-.

218 3539 404 3609 usserium.
425 3537 493 3608 Sed
516 3558 751 3630 supponamus
773 3536 1033 3606 distinctionem
1049 3535 1196 3606 duarum
1214 3556 1375 3626 persone-

216 3664 281 3714 rum
302 3646 587 3731 demonstratam,
606 3645 726 3715 demus
741 3643 849 3715 etiam
864 3643 938 3713 sine
954 3643 1123 3729 examine,
1144 3642 1235 3735 quod
1253 3649 1375 3712 auctor

215 3749 290 3824 dicit
310 3755 354 3825 de
376 3754 527 3824 secundo
553 3757 753 3822 «momento
776 3750 813 3818 in
838 3749 1054 3820 conscientia
1077 3749 1179 3836 sui,n
1205 3755 1310 3842 atque
1322 3749 1376 3818 ita

212 3857 430 3953 inspiciamus
453 3859 693 3930 deductionem
715 3858 843 3929 tertiae
865 3880 1032 3949 personae
1061 3857 1099 3927 in
1128 3880 1175 3927 se.
1204 3855 1298 3941 Quid
1320 3863 1376 3927 est

209 3964 265 4037 illa
290 3999 307 4034 u
321 3968 508 4038 affirmatio
524 3991 586 4038 seu
601 3966 958 4038 obiective-exhibitio
971 3965 1211 4059 aequalitatis,
1226 3992 1244 4028 n
1270 3987 1374 4058 quem

207 4077 306 4146 etiam
331 4076 491 4170 appellet
515 4106 533 4142 c
546 4075 854 4169 aequipositionem
878 4075 1024 4144 duorum
1056 4075 1285 4144 membrorum
1308 4073 1373 4163 'op-

205 4184 439 4273 positorumin
464 4181 673 4276 Aequalitas
693 4182 891 4253 continetur
907 4179 1132 4251 distinctione
1147 4200 1372 4272 personarum
