3172 4950
705 354 742 366 -
764 320 824 381 332
844 352 882 369 .-

211 453 327 499 rorum
344 427 605 511 attributorum,
616 426 654 495 id
667 426 881 517 appellamus
893 427 1065 515 formales
1080 427 1233 493 rationes
1246 428 1346 495 obiecti·

213 563 284 617 vum
293 533 523 626 operationem
539 557 621 601 vero
638 534 763 601 mentis
779 541 918 602 nostrae
930 535 967 602 in
980 533 1046 603 bac
1063 534 1346 603 distinctionediei·

212 668 287 713 mus
309 642 567 710 distinctionem
590 644 740 707 rationis
757 643 1012 728 (subiectivae).
1034 642 1216 710 Formales
1230 642 1347 711 illaere

211 754 334 833 tiones,
360 750 490 817 utiam
515 758 633 839 patet,
659 774 727 817 non
759 752 902 818 suntin
925 751 998 820 Deo
1021 751 1169 820 realiter
1196 751 1347 819 distinctae

213 860 271 929 sed
295 862 378 926 suut
409 879 480 925 una
510 858 641 925 entitas
673 857 932 947 simplicissima
963 880 985 924 a
1016 858 1117 926 nobis
1148 857 1309 941 distinctis
1324 862 1348 925 et

210 964 453 1056 inedaequatis
467 965 688 1055 conceptibus
705 965 955 1054 perfectionum
971 964 1202 1054 apprehensa.
1216 966 1348 1033 Attanae

211 1076 287 1167 ipsa
309 1072 469 1139 infinitas
493 1074 719 1161 perfectionis
735 1073 877 1141 divinae
903 1070 1132 1164 aequivalens
1148 1078 1185 1140 ct
1199 1069 1349 1163 superent

211 1206 295 1252 nens
310 1181 347 1248 in
366 1203 434 1248 uno
451 1203 513 1248 suo
533 1180 791 1270 simplicissimo
807 1183 895 1247 Esse
910 1181 1005 1248 hisce
1022 1180 1184 1250 omnibus
1200 1178 1349 1271 perfectio

212 1290 324 1373 nibus,
344 1295 384 1356 ut
407 1289 542 1357 anobis
559 1289 832 1357 consideratione
849 1312 909 1357 seu
926 1289 1064 1357 ratione
1092 1285 1232 1375 (aarum)
1257 1286 1350 1355 distin·
1369 1372 1372 1381 Ι

210 1406 381 1487 guuntur,
407 1396 671 1464 fundamentum
700 1399 842 1486 praebet
866 1420 927 1465 cur
950 1420 992 1465 ex
1016 1398 1070 1464 rei
1093 1395 1244 1465 veritate
1271 1392 1350 1485 possi·

211 1528 287 1574 mus
310 1503 468 1572 divinum
486 1504 573 1569 Esse
595 1504 658 1571 sub
683 1503 888 1571 formalibus
913 1504 1111 1572 rationibus
1135 1502 1281 1572 diversis
1296 1522 1350 1570 con·

211 1614 336 1702 cipere;
355 1617 390 1677 et
406 1612 470 1678 hoc
490 1617 554 1693 est,
575 1612 666 1701 quod
685 1611 816 1680 dicitur
834 1612 1014 1680 distinctio
1030 1612 1183 1679 rationis
1199 1635 1272 1679 cunr
1288 1596 1350 1697 fua·

212 1718 366 1785 dumento
394 1719 429 1780 in
454 1740 500 1780 re.
513 1716 617 1783 Cf.S.
630 1717 696 1785 Th.
709 1717 836 1785 ldist.
855 1717 910 1784 33.
927 1743 959 1809 q.
980 1717 1012 1785 1.
1031 1740 1064 1785 a.
1080 1718 1114 1786 l.
1130 1718 1175 1786 ad
1192 1718 1224 1785 3.
1244 1714 1351 1801 (Delie

210 1823 333 1906 recole,
353 1844 441 1915 quas
456 1822 669 1910 amplissime
694 1824 953 1913 disputavimus
977 1825 1012 1892 in
1037 1826 1158 1893 Tract.
1179 1826 1221 1893 de
1236 1826 1322 1907 Deo).

276 1932 349 1997 Iam
367 1952 450 1998 vero
465 1952 507 1997 ex
523 1929 638 1996 eodem
662 1932 834 2021 principio
858 1932 1048 2000 infinitatis
1064 1939 1099 2001 et
1116 1932 1197 2002 inde
1219 1928 1352 2021 simpliei-
1380 2012 1389 2029 -.

209 2038 296 2107 tatis
319 2037 433 2105 divini
449 2038 536 2102 Esse
550 2035 769 2126 intelligitur
786 2039 863 2128 pari
876 2040 1014 2107 omnino
1029 2040 1141 2124 modo,
1161 2062 1229 2131 qno
1249 2040 1352 2107 dietnu
1377 2032 1389 2143 Ξ

210 2153 263 2216 est
275 2146 316 2212 de
328 2144 513 2212 attributis
525 2146 709 2219 absolutis,
728 2145 861 2214 nullam
884 2158 957 2215 ess'e
979 2148 1239 2216 distinctionem
1254 2143 1352 2215 realeu
1381 2142 1389 2215 τ’

210 2256 302 2323 inter
318 2251 408 2319 idem
424 2251 513 2317 Esse
528 2254 593 2320 sub
614 2253 753 2320 formali
768 2255 905 2323 ratione
928 2255 1082 2322 absoluti
1105 2263 1142 2324 et
1164 2257 1229 2323 sub
1243 2248 1353 2323 formali
1376 2250 1389 2309 ·“ἶ

209 2361 344 2429 ratione
360 2358 518 2426 relativi.
532 2359 660 2427 Eadem
675 2360 801 2452 quippe
815 2362 946 2429 entitas
958 2368 994 2430 et
1005 2362 1205 2430 absolutum
1218 2368 1269 2429 est
1279 2367 1353 2428 etre
1384 2344 1389 2403 ²·

209 2467 372 2551 lativum;
391 2489 452 2533 nos
466 2489 548 2534 vero
564 2468 703 2534 nonnisi
717 2467 895 2536 distinctis
910 2470 1133 2557 conceptibus
1144 2468 1297 2537 diversas
1308 2466 1353 2533 bu
1383 2458 1389 2515 -’

209 2575 364 2643 rationes
384 2575 547 2642 formales
574 2575 831 2664 apprehendere
855 2598 1056 2664 possumus,
1084 2577 1236 2668 haecque
1260 2580 1354 2643 nostra

209 2680 389 2751 distinctio
405 2688 460 2748 est
475 2704 556 2749 sane
574 2706 651 2750 cum
669 2683 894 2751 fundamento
908 2684 945 2751 in
962 2707 1010 2767 re,
1031 2685 1196 2774 quoniam
1212 2680 1352 2751 obiectire

209 2800 245 2858 et
256 2787 400 2855 realiter
415 2809 484 2854 una
497 2789 635 2857 infinita
652 2790 785 2856 entitas
797 2788 902 2857 simul
917 2796 1021 2857 estet
1036 2790 1235 2859 absolutum
1246 2796 1278 2857 et
1288 2787 1352 2856 reb·

208 2898 335 2981 tivum,
358 2898 529 2988 habetque
543 2898 740 2965 functiones
752 2906 827 2965 tum
844 2898 995 2968 absoluti
1008 2907 1082 2967 tum
1100 2900 1256 2967 relativi.
1271 2894 1353 2963 «alin

208 3014 264 3077 est
279 3006 372 3074 ratio
389 3006 606 3073 substantiae
619 3013 654 3073 et
670 3006 865 3089 relationis,
877 3014 912 3075 et
925 3006 1065 3095 utrique
1082 3006 1228 3094 (rationi
1243 3012 1351 3074 nostra

208 3112 423 3183 subiectivae
437 3134 496 3179 seu
509 3112 709 3201 conceptui)
723 3112 908 3202 respondet
918 3112 1052 3203 aliquid
1072 3113 1180 3201 (ratio
1196 3110 1351 3189 obiectiu)

209 3224 244 3291 in
262 3246 299 3290 re
322 3242 409 3312 quac
433 3222 527 3288 Deus
550 3227 622 3303 est,
641 3244 708 3288 non
727 3226 843 3287 tamen
860 3220 980 3311 aliqua
1003 3243 1059 3288 res
1082 3221 1223 3289 diversa
1237 3218 1290 3289 sed
1303 3232 1350 3285 nna

207 3340 244 3400 et
258 3330 417 3399 eadem...
432 3328 533 3396 Licet
549 3328 674 3396 relatio
691 3352 758 3396 non
782 3328 889 3396 addat
904 3351 1011 3417 supra
1026 3333 1212 3398 essent-iam
1229 3328 1350 3419 aliqum

209 3462 280 3507 rem
305 3437 363 3504 sed
391 3434 503 3502 solum
533 3435 703 3503 rationem
727 3436 777 3522 (i.
804 3458 834 3503 e.
861 3459 917 3503 res
940 3435 1058 3503 eadem
1089 3459 1213 3505 revera
1235 3442 1284 3504 est
1307 3426 1351 3499 sub

207 3546 279 3613 ulia
295 3545 429 3612 ratione
445 3541 597 3610 essentia
619 3548 656 3609 et
679 3542 744 3610 sub
766 3542 839 3608 alia
862 3543 998 3610 ratione
1020 3541 1166 3626 relatio,
1187 3549 1223 3611 ct
1238 3534 1350 3632 proinde

208 3654 272 3723 sub
296 3652 428 3742 duplici
453 3650 587 3719 ratione
611 3650 809 3739 concipitur
834 3673 909 3718 cum
935 3650 1162 3719 fundamento
1186 3651 1223 3718 in
1245 3652 1351 3732 rapu·

208 3785 283 3829 men
307 3759 433 3829 relatio
457 3766 511 3827 est
534 3758 653 3848 aliqua
676 3781 744 3841 res,
770 3758 864 3826 sicut
886 3757 991 3825 etiam
1016 3758 1153 3826 bonitas
1183 3766 1237 3826 est
1261 3756 1354 3846 aliqua

208 3869 324 3937 resin
348 3870 430 3951 Deo,
457 3868 541 3936 licet
564 3890 631 3933 uon
655 3866 798 3934 ditl'erat
822 3866 866 3932 ab
889 3866 1040 3934 essentia
1067 3866 1137 3933 nisi
1168 3866 1313 3947 ratione,
1332 3861 1356 3926 tl

208 3977 373 4045 similiter
396 3982 450 4043 est
473 3976 515 4043 de
539 3974 724 4063 sapientia.
750 3974 799 4042 Et
821 3974 897 4042 ideo
922 3974 1016 4042 sicut
1031 3996 1083 4057 ea,
1103 3996 1191 4064 quae
1207 3970 1359 4064 pertinent

207 4088 251 4154 ml
277 4086 466 4153 nouitatem
490 4084 547 4152 vel
572 4084 792 4173 sapientiam,
819 4082 966 4151 realiter
988 4082 1060 4150 Deo
1084 4085 1312 4165 conveniunt,
1332 4078 1363 4145 ut

208 4194 409 4283 intelligere
433 4200 468 4261 et
498 4192 570 4260 alia
594 4192 814 4278 huiusmodi,
842 4191 894 4258 ita
917 4190 1021 4258 etiam
1045 4190 1095 4271 id,
1114 4190 1207 4281 quod
1230 4200 1285 4259 est
1304 4206 1367 4281 pro·

208 4306 321 4395 prium
347 4302 454 4371 realis
477 4300 660 4369 relat-ionis
677 4299 814 4367 scilicet·
837 4297 961 4387 opponi
985 4304 1021 4365 et.
1044 4297 1221 4386 distingui
1238 4299 1278 4385 (i.
1295 4320 1323 4366 e.
1338 4298 1373 4365 ut

209 4411 352 4481 relativi
376 4412 577 4479 referantur
600 4407 744 4477 realiter
768 4405 813 4473 ad
838 4429 874 4474 se
897 4403 1058 4487 invicem,
1077 4411 1115 4472 et
1136 4404 1202 4474 hoc
1226 4405 1301 4497 ipso
1319 4404 1377 4473 sub
