3172 4950
644 378 682 393 -
703 348 765 410 225
784 381 822 396 -

172 475 248 527 emo
269 458 386 547 potest
407 477 518 550 neque
549 476 632 527 saue
662 458 831 529 Peterins
861 465 991 550 negat,
1020 479 1218 553 περιχωρησιν
1248 479 1324 528 esse

172 565 189 635 l
208 564 302 657 quod
324 556 488 635 Christus
510 566 680 636 Dominus
703 569 876 659 expressit
899 569 975 638 illis
1006 568 1137 638 verbis:
1166 590 1262 658 rego
1285 566 1323 637 in

172 672 255 742 *utre
277 677 316 740 et
336 671 443 743 Pater
466 672 504 740 in
526 696 579 743 me
602 682 668 760 est,
685 703 701 736 n
721 675 878 767 quodque
895 676 1055 767 deinceps
1072 677 1195 746 Patres
1207 696 1324 744 omnes

172 779 402 853 utellsxsrunt
424 786 465 849 ut
487 780 745 852 immanentiam
774 806 1000 873 personarum
1033 785 1070 853 iu
1098 783 1320 854 seinvicem.

172 910 223 957 um
243 887 290 957 ed
314 889 595 958 constituendum
621 890 799 959 formalem
830 897 1032 982 conceptum
1062 891 1168 960 huius
1204 891 1323 959 imma·

172 996 286 1067 ntiae
321 995 465 1065 videtur
499 1018 622 1087 parum
659 997 851 1084 interesse,
885 1006 1005 1068 utrum
1036 997 1132 1068 dieas
1165 1004 1321 1067 mutuam

172 1093 402 1172 umeationem
431 1124 477 1170 an
508 1103 864 1175 oiroumiusessiouem
901 1128 961 1174 seu
994 1111 1149 1176 mutuam
1173 1106 1318 1197 eomple-

172 1211 297 1282 ionem

213 1319 388 1390 Subtilior
410 1320 531 1414 itaque
557 1328 768 1414 concaptus,
795 1333 968 1416 qnatenus
1000 1322 1093 1392 inter
1123 1320 1323 1390 Catholioos

172 1427 343 1520 inuritur,
359 1450 426 1495 non
441 1451 484 1497 ex
500 1428 648 1512 nornine,
668 1452 730 1498 neo
742 1429 884 1500 aliunde
897 1429 1027 1520 poterit
1040 1429 1207 1499 constitui
1221 1450 1322 1520 quam

172 1533 368 1626 digentiori
391 1536 444 1603 rei
467 1535 580 1626 ipsius
602 1536 640 1604 iu
665 1537 849 1628 Scriptura
879 1545 914 1607 et
936 1559 958 1604 a
981 1538 1146 1607 Patribus
1169 1537 1323 1607 traditae

172 1643 435 1712 nusideratione.
454 1644 590 1712 Putant
612 1645 731 1735 plures
753 1633 1041 1716 ex'Soholastiois
1057 1644 1320 1735 posterioribus,

172 1749 504 1821 ireuminsessionem
519 1775 746 1842 personarum
763 1756 957 1845 (supposita
974 1755 1095 1847 utique
1108 1753 1244 1823 unitate
1261 1775 1319 1822 na-

172 1865 274 1946 me)
298 1861 486 1929 seeundum
511 1861 689 1930 formalem
722 1868 923 1951 conceptum
955 1884 1028 1931 esse
1055 1864 1323 1953 «praesentiam

172 1966 307 2037 usturam
330 1989 557 2059 personarum
580 1969 674 2038 inter
696 1993 755 2054 se,
777 1963 869 2062 'quae
893 1970 1063 2039 fundetur
1080 1973 1118 2035 in
1135 1968 1324 2036 earumdem

172 2094 370 2163 merum
392 2077 643 2158 immensitate,
673 2105 688 2138 n
714 2082 755 2145 ut
777 2078 877 2146 docet
910 2076 1040 2145 Suarez
1065 2076 1091 2146 1.
1118 2077 1182 2146 IV.
1207 2099 1237 2146 o.
1263 2075 1319 2145 16.

172 2181 321 2269 u11.12;
340 2204 401 2251 seu
424 2189 466 2251 ut
488 2182 644 2276 loquitur
666 2183 785 2252 Ruiz:
815 2183 1124 2253 uoiranminsessio
1147 2183 1322 2276 quiddita·

172 2286 228 2359 lire
248 2292 509 2384 formaliterque
533 2292 694 2362 consistit
716 2293 754 2361 in
771 2296 972 2384 praesentia
995 2293 1121 2361 intima
1136 2299 1172 2362 et
1186 2294 1321 2382 insepe-

172 2395 256 2467 nbili
276 2406 382 2490 atque
405 2404 573 2489 perpetua
595 2401 773 2467 seeundum
797 2403 991 2466 immensum
1014 2402 1098 2481 nbi,
1115 2403 1251 2467 ratione
1266 2423 1319 2466 en-

172 2503 214 2573 isu
232 2508 380 2597 implicet
403 2507 704 2575 contradictionem
726 2533 831 2574 unam
848 2532 1030 2598 pereanem
1062 2531 1129 2574 eree
1164 2506 1320 2590 alieubi,

172 2613 229 2681 sies·
247 2614 371 2682 ibidem
394 2619 560 2684 emittente
585 2641 624 2683 ae
648 2615 798 2707 proinde
822 2631 1004 2706 praesente
1037 2617 1113 2682 alia
1137 2639 1318 2706 pertonat

172 2716 243 2813 lup.
257 2722 332 2792 107.
349 2729 433 2793 seat.
449 2725 482 2792 7.
499 2746 534 2792 n.
551 2724 583 2792 9.
605 2723 659 2792 14.

220 2828 290 2900 ileo
312 2830 351 2899 in
372 2854 411 2900 re
436 2837 510 2900 toto
533 2832 647 2900 animo
670 2832 840 2901 sentimus
862 2854 939 2901 eum
963 2830 1111 2900 Petavio
1135 2829 1159 2900 l.
1184 2852 1229 2914 a,
1254 2829 1317 2899 im·

172 2938 387 3024 mitatem,
413 2946 455 3007 ut
476 2941 520 3008 ab
542 2939 600 3007 his
622 2938 798 3029 theologis
820 2939 1064 3027 intelligitur,
1091 2938 1228 3007 omnino
1250 2961 1320 3008 non

172 3040 287 3137 egram
309 3047 490 3117 formalem
513 3053 714 3138 eoneeptnm
732 3045 1090 3132 oirouminsessionis3
1116 3046 1219 3115 immo
1244 3069 1319 3116 sen·

172 3148 279 3240 tinus,
304 3152 370 3223 hoo
392 3153 519 3223 leviori
543 3153 785 3224 considerandi
802 3155 900 3222 modo
924 3176 1147 3247 περιχωρησιγ,
1174 3177 1262 3247 quae
1281 3161 1322 3226 ut

172 3260 251 3353 pelo
272 3268 354 3333 ante
377 3262 616 3348 advertimus,
642 3267 695 3333 est
717 3262 998 3353 praeclarissima
1021 3262 1242 3333 adumbratio
1267 3270 1319 3332 to·

172 3364 224 3437 bue
242 3368 405 3459 mysterii
428 3368 620 3438 Trinitatis
637 3371 796 3459 opposita
812 3369 970 3438 omnibns
986 3369 1200 3454 haeresibus,
1219 3391 1240 3437 a
1257 3391 1322 3439 sua

172 3476 326 3547 {intuta
349 3476 497 3566 deprimi
520 3477 564 3546 nd
587 3476 760 3546 notionem
787 3482 887 3545 tanto
915 3476 1085 3568 mysterio
1114 3478 1238 3548 saltem
1260 3500 1319 3569 pa-

172 3586 228 3655 n'u
247 3586 404 3677 dignam.

215 3692 391 3787 Imprimis
413 3693 491 3784 ipse
513 3693 728 3763 immensitas
750 3693 816 3762 Dei
839 3691 1057 3785 intelligitur
1074 3693 1177 3763 valde
1193 3693 1320 3783 impro-

172 3800 237 3893 pie,
254 3805 391 3899 quando
416 3803 613 3895 coneipitur
629 3803 816 3873 seeundum
844 3802 1077 3872 «immensum
1101 3804 1195 3870 abin
1221 3803 1321 3872 velut

172 3912 261 3984 heio
283 3935 372 4007 quae
396 3912 564 3997 diffusio,
591 3934 668 3982 enm
694 3933 734 3981 ea
756 3934 825 3979 non
849 3911 898 3980 sit
919 3911 1017 3980 aliud
1051 3933 1154 4003 quam
1177 3910 1320 3982 divinae

172 4019 351 4092 manum
374 4021 543 4111 perfectio
566 4021 718 4089 eminens
750 4041 857 4111 supra
887 4042 1003 4088 omnes
1032 4018 1221 4087 relationes
1252 4018 1320 4087 looi

172 4130 334 4225 tapetii,
360 4129 399 4200 vi
423 4130 525 4199 ouius
546 4127 773 4219 perfeetionis
796 4128 919 4218 utique
941 4133 1127 4217 repugnat,
1147 4133 1189 4196 ut
1208 4127 1320 4196 oonoi.

172 4230 264 4328 ittur
285 4245 452 4310 ereatura
473 4238 626 4307 existens
649 4237 707 4307 vel
738 4236 915 4328 possibilis
946 4235 1100 4320 alieubi,
1134 4235 1195 4303 ubi
1225 4235 1320 4305 Deus

172 4342 218 4419 ῆι
235 4349 308 4439 sit3
332 4350 434 4420 euius
457 4347 596 4440 quidem
617 4347 842 4438 perfeetionis
866 4352 1066 4435 eonoeptum
1091 4344 1128 4413 S.
1142 4342 1317 4433 Angusti-

172 4474 216 4525 ιιι
234 4456 411 4549 presolme
433 4454 634 4526 illustravit
656 4476 699 4525 ex
722 4454 886 4544 analogia
909 4474 985 4521 enm
1001 4450 1137 4521 ratione
1153 4447 1318 4521 veritatis

1188 4593 1209 4643 Ρ
