3172 4950
537 323 716 384 -ree-

32 434 138 525 imam
164 465 182 502 κ
196 436 258 530 qni
280 439 400 504 eutem
423 433 477 504 est
499 455 604 525 super
626 436 741 504 omniu
764 434 869 521 Deus,
895 439 1068 505 exsortem
1091 432 1214 503 oberu-

36 554 163 619 eterem
186 566 271 614 enee
293 543 524 633 hypostaseos
547 542 643 612 solus
673 543 800 629 habet,
837 544 929 637 quod
953 544 1059 612 Peter
1082 550 1154 625 est,
1180 547 1216 611 et

39 654 127 748 quod
149 652 250 723 nullo
272 651 437 720 subsistit
458 672 501 719 ex
524 651 697 741 principio
712 679 728 712 n
748 652 924 738 (1)Busil.
941 651 982 721 Τ.
1000 650 1070 719 111.
1086 673 1119 739 p.
1135 649 1211 719 117.

101 760 233 831 Eodem
254 760 350 829 redit
372 758 555 828 distinctio
579 758 742 848 Origenis
770 760 808 828 in
831 761 882 828 Io.
913 768 995 828 tom.
1015 758 1049 827 2.
1072 781 1107 826 n.
1128 757 1162 825 2.
1177 757 1211 826 3.

45 871 140 962 (Opp.
153 869 197 939 Τ.
212 868 265 937 IV
268 919 277 936 .
292 893 327 959 p.
342 866 397 935 50.
413 867 498 952 51.).
523 867 641 942 Pater,
660 866 788 960 inquit,
807 868 940 937 dieitur
957 868 1051 936 Deus
1067 889 1144 936 oum
1160 888 1216 935 ur·

47 979 148 1050 titulo
173 974 203 1062 (ὁ
216 973 317 1062 θεας),
335 975 488 1044 Verbum
504 980 623 1043 eutem
640 976 730 1068 quod
747 983 825 1045 eret
839 976 931 1067 upnd
945 976 1054 1044 Deum
1072 979 1109 1044 et
1124 973 1215 1067 quod

48 1086 133 1156 Deus
152 1091 254 1169 erut,
279 1082 481 1174 appelletur
504 1081 580 1150 sine
602 1082 754 1152 articulo
777 1082 861 1161 seca,
879 1080 984 1175 idque
999 1082 1077 1150 ideo
1094 1089 1136 1151 ut
1152 1081 1214 1149 Ps-

52 1202 97 1266 ter
116 1193 336 1284 significetur
358 1197 539 1282 temquum
563 1190 708 1265 ἀντοθεες
731 1193 755 1261 i.
772 1214 802 1261 e.
819 1193 914 1261 Deus
944 1190 1019 1259 sine
1042 1189 1216 1280 principio

54 1323 148 1395 equo
169 1299 358 1392 prouolat,
384 1297 502 1366 Filius
525 1297 752 1388 intelligatur
768 1300 805 1368 in
822 1321 886 1368 eus
910 1298 1125 1392 proprietate
1142 1318 1215 1392 per·
1320 1314 1321 1318 ’

10 1492 12 1497 Ι
55 1408 150 1479 unali
171 1408 230 1491 is,
257 1406 319 1498 qui
341 1405 448 1474 hebet
478 1403 701 1475 divinitatem
729 1407 1019 1476 communicatem
1053 1406 1212 1476 uPutre.

56 1515 204 1587 illustret
223 1513 315 1583 haue
337 1512 596 1581 distinctionem
621 1515 714 1585 inter
738 1538 859 1586 nomen
884 1517 901 1579 ο·
925 1514 996 1592 Sec<
1011 1525 1048 1587 et
1061 1513 1215 1590 &cruolio

57 1624 204 1715 exemplo:
230 1623 384 1691 Verbum
408 1621 540 1690 dieitur
562 1620 681 1710 ilo-sot
704 1646 782 1692 eum
806 1625 983 1710 ertieulo,
1016 1627 1054 1694 iu
1085 1621 1215 1695 creetis

10 1788 17 1821 ‚
58 1754 125 1803 mro
142 1730 236 1801 retio
260 1734 314 1801 est
336 1727 424 1818 >eyes
454 1729 528 1799 sine
559 1730 734 1816 articulo,
768 1733 851 1823 quio
883 1732 1040 1801 Verbum
1067 1730 1096 1816 (i
1112 1724 1210 1819 lepos)

10 1854 21 1911 'n
58 1845 99 1911 ut
115 1837 289 1928 exemplar
312 1842 348 1905 et
370 1837 450 1905 fons
472 1835 583 1904 omnis
606 1837 779 1921 rationis,
814 1860 901 1929 quae
932 1839 970 1908 in
1002 1839 1130 1910 orestis
1159 1841 1215 1906 est

60 1945 127 2035 bru
153 1946 257 2016 velut
287 1943 514 2034 participatio
545 1943 712 2034 quaedam
743 1945 867 2030 illius,
902 1946 962 2037 qui
993 1956 1047 2017 est
1077 1944 1093 2014 i
1128 1944 1215 2035 leym
1329 2034 1332 2038 Α

10 2108 17 2123 .
58 2055 144 2125 lletio
164 2052 324 2123 obsolute
348 2053 515 2142 perfecte.
547 2052 688 2121 «Ambo
710 2053 825 2142 igitur
856 2053 969 2123 losum
993 2062 1113 2125 tenent
1138 2056 1213 2125 fou·

10 2130 31 2243 Ι
59 2160 112 2246 tis,
134 2161 240 2231 Peter
263 2158 402 2251 quidem
426 2158 631 2227 divinitatis
654 2165 841 2252 (quotenus
857 2162 1132 2232 communicetur
1157 2160 1215 2232 Fi·

59 2269 242 2356 lio),Filius
264 2290 349 2338 vero
372 2268 520 2336 rationis
544 2268 800 2359 (participatae
824 2271 860 2339 iu
894 2273 1083 2356 orestis).n
1118 2270 1213 2341 Com·

59 2379 174 2469 prurio
196 2400 266 2446 uon
288 2382 343 2446 est
364 2375 458 2445 inter
481 2376 823 2448 eommuuiootionem
846 2378 1085 2449 divinitatise
1108 2380 1214 2448 Patre

25 2514 28 2523 ·
59 2485 245 2555 etmtiouis
267 2489 404 2552 ereetne
426 2504 448 2548 u
471 2482 586 2552 Verbo
609 2484 722 2574 quood
738 2486 893 2571 modum,
912 2487 1013 2579 quasi
1036 2486 1067 2554 is
1089 2483 1213 2555 utrim·

59 2617 111 2686 que
127 2594 216 2664 idem
240 2597 356 2675 esset,
381 2590 440 2659 sed
465 2593 677 2681 comparatio
693 2600 747 2663 est
762 2593 855 2664 inter
871 2594 1213 2664 communicationem

59 2700 150 2770 mlum
171 2700 368 2790 unelogum.
389 2698 489 2766 Hono
512 2697 717 2784 doetrinam‚
737 2701 826 2793 quod
843 2701 965 2772 Deitas
986 2702 1024 2770 in
1041 2702 1144 2771 Putre
1160 2704 1215 2770 est

60 2828 113 2877 non
132 2808 384 2879 eommunioote
406 2805 450 2872 eb
472 2802 585 2873 altero
609 2812 645 2875 et
668 2807 744 2878 ideo
766 2809 873 2878 Peter
897 2809 1029 2880 dieitur
1054 2808 1156 2883 ὃθεις
1179 2813 1216 2879 et

61 2915 193 2995 brebem,
208 2917 247 2986 iu
258 2915 352 2986 Filio
364 2916 477 2987 deitas
489 2918 544 2980 est
558 2917 810 2987 eommunieutu
822 2939 843 2985 u
856 2919 962 2988 Patre
984 2941 1046 3011 per
1068 2941 1211 3010 genere·

61 3022 166 3095 tmen
188 3031 226 3096 et
247 3025 325 3095 ideo
348 3027 480 3099 dieitur
504 3029 587 3103 teos,
615 3027 758 3118 opponit
790 3026 958 3117 Origenes
989 3028 1123 3119 duplici
1151 3032 1214 3097 unt

62 3132 175 3222 tripliei
195 3133 331 3203 errori:
356 3135 469 3226 primo
493 3136 685 3226 generatim
708 3158 844 3221 eornm,
872 3135 933 3228 qui
949 3136 1086 3207 Patrem
1103 3143 1139 3207 et
1154 3135 1214 3205 Fi-

62 3236 129 3308 lium
140 3243 249 3311 Deum
261 3243 494 3333 praedicendo
506 3249 635 3335 putent
646 3241 766 3311 induci
779 3242 865 3312 dnos
877 3242 978 3330 Deos3
993 3249 1067 3312 tum
1081 3265 1211 3327 eorum,

64 3351 157 3438 qued
169 3351 260 3420 hune
273 3350 454 3421 ditheismi
469 3374 620 3422 errorem
634 3350 817 3420 vitandum
836 3350 894 3420 vel
909 3358 1040 3440 negent
1054 3371 1213 3442 personu-

65 3452 113 3524 len
128 3458 385 3554 distinctionem
399 3460 486 3529 Filii
503 3483 525 3528 e
536 3459 658 3544 Patre,
681 3458 737 3528 vel
750 3479 909 3528 concesse
921 3459 1145 3528 distinetione
1157 3480 1214 3527 ne-

67 3570 132 3651 gout
143 3566 229 3635 Filii
241 3566 478 3638 divinitatem.
495 3567 581 3636 «Ex
602 3565 670 3650 his,
689 3567 817 3658 inquit,
834 3566 925 3635 solvi
947 3567 1017 3635 iam
1040 3575 1155 3656 potest
1176 3566 1213 3634 id

68 3672 136 3761 quod
155 3675 284 3745 multos
306 3677 509 3766 perturbat,
540 3674 600 3768 qui
622 3674 778 3744 volentes
796 3675 863 3743 Dei
885 3681 1041 3743 ementes
1064 3696 1138 3743 esse
1156 3696 1212 3743 ve·

70 3785 177 3866 rentur,
201 3805 246 3851 ne
269 3781 338 3850 duo
361 3766 608 3872 praedicentur
627 3781 700 3865 Dii,
726 3802 767 3850 ae
788 3787 972 3872 propterea
994 3780 1157 3865 ineidnnt
1177 3779 1214 3848 iu

71 3882 139 3954 isles
149 3894 184 3958 et
199 3889 306 3981 impie
320 3889 495 3978 dogmate,
516 3891 573 3960 vel
590 3891 654 3976 ite,
669 3895 710 3958 ut
726 3896 854 3980 negent
868 3890 1116 3981 proprietatem
1127 3888 1214 3959 Filii

71 3987 151 4063 tlium
176 4017 198 4065 e
220 3996 436 4089 proprietate
462 3998 604 4084 Petris,
633 3998 837 4068 confitentes
863 3997 974 4066 Deum
995 4019 1082 4083 esse,
1113 4020 1215 4090 quem

10 4110 16 4153 'r
73 4093 122 4187 ipsi
133 4103 238 4174 solum
253 4105 507 4174 nominetenus
523 4106 654 4175 Filium
671 4105 851 4197 appellunt
865 4105 1006 4197 (quippe
1023 4129 1124 4197 quem
1146 4128 1214 4173 non

73 4206 186 4280 relur
199 4211 406 4283 distinctum
421 4237 443 4282 e
457 4214 562 4284 Patre
579 4215 752 4303 eredunt);
773 4213 835 4284 vel
846 4213 911 4299 ite,
928 4220 967 4283 ut
991 4213 1214 4283 divinitatem

123 4352 158 4425 (l)
171 4358 203 4414 '0
216 4364 242 4413 δι
255 4359 298 4413 ἔτι
318 4381 418 4416 παντων
436 4358 497 4422 θεας
512 4361 644 4433 liutgerus
657 4383 679 4413 τι
695 4380 832 4432 ‘perpropere
843 4380 890 4422 της
913 4359 1009 4413 iurroo
1032 4359 1214 4423 ὀποστασεως,

78 4453 97 4487 ²⁹
111 4461 181 4517 wop
199 4448 264 4502 iuras
285 4468 328 4501 και
350 4449 378 4501 ir
397 4453 532 4520 μηδιμιας
553 4448 641 4509 &erras
662 4448 819 4512 ἇποστηναι,
837 4468 916 4520 poreq
935 4448 1002 4519 ἔχει.
