3172 4950
546 354 585 369 -
608 321 666 383 153
688 352 726 368 ..

75 431 203 501 Mamm
224 430 336 500 trium
351 429 600 500 distinctarum
616 446 841 518 personarum
866 424 990 493 saltem
1009 424 1102 493 inter
1118 423 1215 494 theo·

72 538 143 629 logos
156 538 345 610 catholicoe
359 561 417 608 ree
432 537 614 608 videratur
629 558 704 605 esse
720 533 868 626 liquida.
887 534 989 604 Nunc
1005 553 1089 602 vero
1104 555 1215 603 novae

69 648 207 739 quedam
222 647 262 717 in
276 647 428 717 medium
442 645 684 736 producuntur
699 641 1017 733 interpretationes,
1035 639 1073 707 in
1088 639 1215 732 quibus

64 775 138 825 orror
159 742 369 826 manifeetus
383 755 420 823 in
436 752 667 842 intelligendo
690 751 851 842 dogmate
866 747 1023 819 revelato
1046 747 1214 818 Patribus

62 863 239 954 scriptus
255 861 435 952 obtegitur
449 860 586 930 nomine
599 857 820 951 imperfectae
833 857 1101 946 intellipentice,
1115 854 1214 926 haec·

60 1002 110 1072 qoe
128 980 268 1050 theoria
292 979 496 1050 vindicatur
512 1000 554 1047 ex
569 976 755 1068 principiis
770 977 812 1046 de
830 975 989 1065 profectu
1014 971 1217 1042 intellectus

58 1086 217 1173 catholici,
242 1108 332 1181 quae
353 1110 417 1179 pro
438 1095 560 1158 nostra
582 1085 722 1180 quidem
744 1083 907 1176 opinione
926 1082 1025 1151 ultra
1042 1081 1154 1150 iustos
1172 1079 1215 1149 li·
1236 1092 1239 1103 '

57 1195 141 1264 uites
163 1195 416 1264 extenduntur.
684 1230 687 1235 ·

105 1300 160 1371 Ex
181 1323 257 1371 uua
277 1309 376 1393 perte
398 1303 559 1372 fatentur
582 1301 620 1370 hi
640 1300 819 1390 theologi,
845 1298 949 1368 fidem
971 1303 1007 1368 et
1029 1296 1215 1387 professio·

52 1419 119 1478 ‘uem
137 1410 315 1500 dogmatis
329 1410 472 1500 eandem
488 1410 597 1479 fuisse
613 1410 759 1478 Patrum
781 1406 1086 1477 autenicaeuorum
1100 1426 1142 1473 ao
1159 1404 1214 1472 de·

54 1517 169 1609 irrccpe3
194 1540 238 1586 ex
262 1526 364 1610 parte
385 1541 469 1588 vero
492 1519 605 1588 altera
628 1516 813 1601 affirmant,
840 1514 977 1584 modum
999 1510 1217 1603 concipiendi

55 1633 84 1696 et
100 1627 297 1719 explioaffli
312 1628 428 1720 ipsum
441 1629 567 1718 dogma
589 1628 700 1698 fuisse
719 1624 965 1695 “deficientem
980 1650 1011 1692 n.
1033 1622 1216 1690 Deiectum

54 1739 157 1803 ntem
177 1734 362 1826 reperiunt
383 1757 453 1804 uon
476 1737 587 1805 solum
610 1733 649 1803 iu
672 1756 740 1803 usu
761 1738 1057 1822 argumentorum,
1083 1748 1216 1818 compa·

55 1842 229 1927 rationum,
253 1841 420 1911 obscurae
442 1840 650 1911 elocutionis
672 1840 732 1910 sed
756 1839 793 1909 in
816 1862 870 1925 eo,
896 1836 988 1930 quod
1010 1837 1134 1905 Patres
1155 1855 1216 1902 an·

55 1948 214 2019 raimoni
235 1947 392 2040 plerique
414 1955 578 2019 naturam
600 1947 687 2017 Filii
710 1946 918 2043 putaverint
939 1967 1013 2014 esse
1035 1943 1141 2012 aliam
1163 1943 1216 2010 in-

57 2055 205 2127 letiorem
234 2077 338 2148 quam
360 2056 411 2126 sit
431 2063 562 2126 natura
583 2055 725 2141 Patris,
751 2076 793 2125 ao
816 2052 959 2144 proinde
981 2050 1071 2121 idem
1095 2051 1217 2144 utique

56 2165 242 2234 mouerint
252 2163 359 2234 etiam
370 2164 412 2234 de
424 2171 553 2234 natura
565 2164 720 2255 Spiritus
732 2148 866 2233 Sancti.
876 2158 1086 2243 credidisse,
1100 2159 1213 2243 aiunt,

56 2268 125 2340 illos
145 2276 307 2341 vetustos
327 2271 452 2342 Patres
474 2271 657 2340 universos
678 2271 812 2340 Filium
826 2268 892 2338 Dei
907 2269 1029 2352 Deum,
1055 2266 1115 2335 sed
1138 2287 1215 2335 con·
1238 2323 1240 2328 .

55 2378 379 2449 mbtantialitatem
397 2402 476 2448 cum
490 2379 595 2448 Patra
612 2401 716 2449 sensu
731 2377 880 2447 concilii
895 2375 1043 2446 Nicaeni
1065 2373 1217 2442 noudum
1255 2374 1257 2381 ⁴

55 2482 270 2571 mmllexiese,
295 2485 365 2554 imo
386 2484 483 2555 visos
497 2507 573 2555 esse
594 2486 736 2556 tendere
751 2484 796 2553 ad
811 2481 1031 2553 asserendam
1053 2486 1217 2549 naturam

54 2587 251 2663 ruiioaut
270 2591 578 2683 participationem
600 2591 643 2663 de
665 2599 794 2662 natura
816 2588 935 2659 Patris
953 2586 1213 2678 aquantitaten
1334 2674 1338 2679 ι

52 2695 255 2770 inferiorem.
276 2699 484 2782 rQuomdiu
498 2700 590 2769 enim
605 2698 710 2786 ratio,
729 2721 798 2792 qna
818 2718 967 2789 persona
988 2717 1025 2764 se
1044 2695 1150 2765 habet
1171 2693 1216 2763 ad

56 2824 245 2894 personam,
262 2829 333 2876 nou
357 2806 595 2897 distinguitur
620 2829 642 2876 a
667 2808 803 2877 ratione
826 2827 896 2898 qua
918 2809 1047 2873 natura
1062 2803 1100 2871 in
1122 2801 1217 2871 Filio

58 2932 87 2981 oe
105 2911 206 2985 tabet
226 2914 273 2985 ad
296 2921 460 2986 usturam
482 2916 520 2984 in
535 2917 652 3001 Patre,
678 2916 813 2987 tamdiu
837 2911 1078 2984 subordinatio
1102 2933 1216 3002 perso·

58 3021 135 3094 alis
156 3025 263 3118 (quod
286 3044 358 3094 uua
379 3045 528 3114 persona
543 3022 650 3093 habet
671 3024 842 3114 originem
858 3047 902 3094 ex
919 3028 1047 3112 altera)
1063 3043 1217 3094 neceesa-

58 3128 102 3199 rio
118 3132 223 3202 etiam
244 3132 462 3202 transfertur
484 3131 529 3201 sd
552 3131 759 3217 essentiam,
784 3155 847 3202 nec
869 3134 1029 3204 admittit
1047 3130 1215 3220 coguitio-

61 3258 123 3308 ιω
143 3239 324 3310 absolutae
345 3238 749 3328 consubstantialitatis3
774 3239 812 3308 id
835 3241 926 3333 quod
949 3240 1079 3311 accidit
1101 3236 1217 3329 apolo-

10 3356 12 3361 '
61 3346 136 3432 gods
145 3355 182 3418 et
190 3347 371 3439 plerisque
385 3346 553 3416 Patribus
570 3349 814 3416 entenicaecie.
828 3375 844 3411 o
856 3349 920 3418 Dr.
934 3346 1044 3418 Kuhu
1060 3348 1102 3416 de
1115 3346 1213 3416 Trio.

62 3457 87 3532 t.
100 3453 149 3525 12.
166 3479 201 3546 p.
217 3454 298 3524 123.
322 3454 400 3526 Nou
422 3455 572 3545 probant
593 3460 749 3525 recentes
771 3455 834 3526 isti
858 3455 1025 3546 theologi,
1044 3461 1087 3524 ut
1101 3453 1218 3524 modos

10 3582 12 3627 :
62 3553 205 3652 lerona
235 3561 395 3632 duriores
425 3561 572 3630 Petrum
603 3561 934 3649 antenicaenorum,
963 3561 1218 3653 comparatione

10 3750 12 3757 Ι
65 3662 140 3736 locta
159 3692 237 3738 cum
260 3666 557 3738 declarationibus
587 3674 625 3738 et
654 3668 817 3740 formulis
839 3671 985 3740 Patrum
1008 3670 1218 3760 subsequen·

64 3771 145 3862 tion,
167 3776 205 3847 in
227 3774 373 3846 eundem
388 3797 527 3845 rausum
542 3776 655 3868 quoad
678 3799 752 3849 rem
768 3777 879 3868 ipsam
895 3778 1059 3848 reducere
1076 3783 1218 3864 sataga-

66 3899 134 3969 m,
156 3883 230 3953 solo
252 3882 405 3952 admism
427 3882 687 3954 discriminoso
709 3908 899 3977 progressu
914 3887 958 3953 ab
976 3885 1170 3955 obscuriori
1185 3891 1221 3953 et

68 3991 233 4061 omnini
249 3992 349 4063 modo
371 3991 589 4082 concipiendi
606 3993 651 4063 ad
668 3993 834 4064 clariores
849 3999 887 4064 ot
901 3993 1142 4064 distinotioree
1163 3993 1220 4062 de·

70 4090 232 4188 tuitionem
259 4100 320 4171 aed
343 4099 503 4170 duriores
517 4099 811 4172 illas-locutiones
827 4107 985 4172 veterum
1003 4109 1132 4193 urgent
1147 4101 1219 4172 vel-

71 4207 101 4270 ot
118 4208 342 4300 exprimentes
368 4205 519 4298 gradum
534 4208 736 4279 inferiorem
752 4230 793 4279 ac
812 4209 956 4302 proinde
979 4210 1220 4280 diversitatem

74 4318 194 4386 Marce
215 4316 255 4386 in
276 4314 374 4386 Filio
396 4314 463 4384 Dei
490 4337 573 4407 prae
600 4316 706 4385 Patre
728 4317 800 4388 Deo
823 4316 1080 4389 universorum.
1113 4319 1219 4384 «An-

73 4413 145 4487 xium
163 4423 333 4508 stodiam,
362 4420 543 4514 inquiunt,
568 4444 635 4515 quo
657 4422 762 4492 multi
784 4423 940 4515 theologi
955 4425 1083 4518 ubique
1105 4423 1233 4494 defen*
