3172 4950
221 389 311 473 dito,
326 391 459 458 nemini
467 389 669 480 principum
686 389 787 455 huius
797 388 928 456 saecoli
943 390 1098 479 seposita,
1111 387 1390 464 edhuodeolmt

218 497 352 568 Paulus
364 497 481 570 verbis
494 496 698 589 Scriptum
715 497 778 585 (Is.
789 496 995 584 LXIV.4.):
1016 496 1104 567 «sed
1115 498 1215 569 siout
1225 500 1387 591 seriptum

217 612 285 676 est:
310 606 400 698 quod
423 605 548 676 ooulus
571 628 640 674 non
672 604 767 676 vidit
789 627 852 675 nso
874 605 974 675 auris
997 605 1162 691 audivit,
1188 630 1255 678 neo
1276 607 1314 677 iu
1334 631 1386 680 sor

220 712 370 782 hominis
386 712 558 799 aseendit,
573 735 662 806 quae
678 713 907 805 praeparavit
917 714 1013 784 Daue
1025 714 1166 802 (ef.v.7.
1181 737 1289 808 quam
1299 738 1383 808 praa

219 821 414 891 destinavit
435 822 531 892 Deus
554 826 637 909 ete.)
661 821 720 905 iis,
747 820 808 913 qui
832 821 994 911 diligunt
1016 821 1157 892 illum»
1182 848 1222 894 v.
1241 824 1275 893 9.
1299 825 1382 908 Quas

218 928 313 997 Deus
334 929 582 1020 praeparavit,
607 951 649 998 ex
673 934 841 998 contextu
864 930 1100 1017 (monentibus
1119 930 1232 1000 etiam
1246 931 1381 1023 Chryso

218 1041 328 1105 atomo
350 1035 377 1104 l.
392 1059 422 1106 a.
439 1059 475 1104 n.
490 1037 524 1121 3,
551 1034 769 1106 Theodoreto
792 1035 830 1104 iu
853 1035 889 1106 h.
904 1035 929 1105 l.
944 1041 1030 1123 eto.)
1046 1043 1131 1107 sunt
1148 1038 1276 1132 utique
1290 1039 1379 1126 idem,

218 1142 310 1237 quod
325 1149 431 1212 autea
445 1141 541 1212 dixit
557 1141 778 1233 sapientiam,
797 1164 900 1236 quam
912 1142 1196 1233 praedestinavit
1206 1145 1303 1216 Dens
1312 1151 1381 1217 anto

218 1250 359 1321 saeoula
369 1250 408 1319 in
419 1250 570 1340 gloriam
580 1255 749 1338 nostram3
768 1257 854 1320 suut
868 1250 1035 1320 nimirum
1050 1252 1229 1343 mysteria
1242 1253 1379 1344 redemp

216 1358 326 1428 tionis
347 1360 539 1452 horumque
568 1357 742 1449 imprimis
769 1358 1034 1429 fundamentum
1059 1360 1235 1431 Dominus
1260 1361 1378 1453 glorias

217 1466 394 1552 Christus,
412 1467 564 1538 Verbum
575 1467 815 1554 ·inoarnatum;
829 1490 941 1560 usque
953 1474 1069 1539 tamen
1080 1468 1160 1538 ideo
1169 1469 1377 1540 miuusreoto

107 1646 114 1657 ,
218 1571 256 1640 ἰιι
270 1570 328 1639 his
344 1574 387 1640 ut
402 1569 482 1640 finis
493 1577 530 1641 et
541 1568 826 1660 complementum
840 1571 1090 1663 redemptionis
1101 1571 1265 1662 intelligi
1281 1571 1376 1642 solent

218 1677 357 1749 inolusa
377 1679 466 1747 bona
481 1675 714 1746 beatitudiuis
737 1675 908 1747 eoelestis.
934 1677 1081 1746 Phrasis
1103 1681 1142 1744 in
1166 1702 1226 1745 eor
1247 1679 1375 1746 miso

217 1785 392 1869 ascendit,
422 1791 477 1856 est
503 1785 542 1854 in
570 1787 667 1856 modo
693 1785 860 1879 loquendi
884 1786 1010 1857 biblioo
1025 1786 1232 1872 notissima,
1256 1786 1374 1878 signit-

217 1916 300 1965 oans
325 1894 417 1965 idem
439 1915 480 1964 ao
503 1893 541 1963 in
564 1893 738 1978 animum,
767 1893 806 1961 iu
830 1900 1003 1979 mentem,
1028 1894 1067 1963 iu
1090 1893 1311 1965 intellectum
1329 1917 1372 1965 vo

216 2002 305 2072 nire.
333 2000 481 2085 Quando
496 2024 581 2092 ergo
592 2001 746 2073 dieitur:
764 2030 781 2067 s
798 2002 837 2072 in
851 2026 909 2073 eor
924 2002 1077 2073 hominis
1095 2026 1165 2072 non
1184 2003 1338 2074 aseendit
1346 2030 1371 2085 r,

215 2109 347 2180 loeutio
362 2108 578 2180 universalia
592 2109 758 2200 designat
772 2111 981 2202 sapientiam
996 2109 1096 2178 illam
1113 2132 1190 2180 esse
1215 2131 1321 2202 supra
1332 2109 1370 2179 ia

215 2218 395 2290 telleotum
417 2226 567 2289 naturae
588 2216 772 2288 humanae.
801 2248 817 2283 a
831 2218 1010 2311 Loquitur
1024 2219 1067 2288 de
1082 2218 1252 2288 universa
1262 2225 1371 2288 natura

216 2326 410 2398 humana...
427 2327 528 2396 Unde
551 2327 776 2396 manifestum
799 2333 864 2413 est,
882 2328 973 2420 qnod
990 2327 1091 2418 prius
1107 2349 1213 2421 quam
1227 2327 1369 2400 audirer·

97 2466 100 2470 ·
215 2443 288 2522 tur,
307 2459 370 2506 nee
385 2435 424 2504 in
439 2458 498 2505 eor
514 2434 653 2528 quidem
669 2434 821 2513 hominis
842 2436 1090 2524 ascenderant3
1107 2457 1189 2504 num
1208 2442 1369 2528 postquam

215 2544 321 2615 datus
344 2544 503 2635 Spiritus
526 2544 655 2628 iuerat,
681 2566 739 2612 eor
754 2542 1004 2634 prophetarum
1023 2567 1092 2614 uon
1108 2550 1188 2614 erat
1207 2568 1265 2614 oor
1281 2541 1368 2612 homi·

213 2651 271 2720 uis
293 2651 446 2739 (viribus
468 2649 633 2720 humanis
654 2648 907 2737 naturalibus),
925 2653 986 2722 sed
1006 2674 1064 2721 oor
1080 2651 1256 2743 spiritale,
1274 2672 1368 2743 quan·

214 2760 397 2829 admodum
420 2759 495 2850 ipse
518 2759 589 2828 ait:
615 2781 753 2828 sensum
773 2755 863 2846 (reor)
883 2758 1019 2830 Christi
1042 2759 1239 2829 habemns»
1258 2757 1369 2848 Chrys.

213 2867 276 2936 ibi.
294 2865 492 2949 «Quoniam
504 2866 718 2936 oeconomiae
730 2867 1018 2955 (Inoarnatiouis)
1027 2869 1237 2959 mysterium
1248 2871 1370 2940 absoou·

215 2974 327 3045 ditum
350 2996 424 3043 esse
445 2973 551 3058 dixit,
576 2975 771 3044 necessario
794 2976 937 3046 adiecit:
963 2998 1051 3068 quae
1074 2999 1184 3070 neque
1208 2977 1305 3048 ullus
1325 2998 1371 3045 su·

215 3081 309 3151 divit
329 3103 439 3175 neque
456 3080 550 3151 vidit
565 3102 741 3174 umquam,
760 3107 872 3176 neque
887 3107 983 3154 meus
998 3083 1148 3153 maxime
1163 3081 1373 3176 inexplebilis

214 3189 418 3281 sagitavit»
444 3210 518 3275 μητε
537 3189 551 3252 ὁ
568 3187 796 3264 autemeam
813 3186 963 3260 ἑνενσησεν
981 3215 1045 3265 reve
1069 3191 1284 3264 Theodoret.
1301 3193 1356 3262 ibi.

279 3298 323 3367 In
344 3297 516 3368 haetenus
545 3296 663 3368 dietis:
689 3300 864 3390 sapientia
887 3303 925 3368 in
948 3303 1109 3391 mysterio
1121 3349 1132 3384 ,
1164 3300 1373 3381 absondita,

212 3430 306 3475 nereo
330 3408 500 3496 copnovir,
525 3410 699 3500 usquein
722 3432 778 3476 eor
802 3410 949 3477 hominis
972 3410 1145 3492 aceedit,
1177 3410 1374 3480 enuntiatur

213 3514 352 3608 quidem
369 3513 509 3602 saetam
530 3515 776 3605 ignorationis,
802 3518 862 3587 sed
886 3519 1021 3588 fsotum
1056 3518 1147 3611 quod
1171 3518 1224 3588 sit
1245 3543 1289 3587 ea
1311 3521 1377 3609 ipss

211 3624 265 3689 ree·
278 3635 420 3703 natura,
434 3643 477 3690 ex
492 3629 622 3691 natura
643 3621 786 3714 iuquam
809 3624 973 3714 mysterii
995 3625 1227 3715 eognoseeudi
1245 3632 1284 3696 et
1297 3647 1376 3695 meu·

211 3729 260 3799 tis
290 3727 543 3819 eognosoeutis.
570 3727 609 3798 Si
631 3727 674 3798 de
696 3729 761 3800 hoo
792 3731 908 3802 adhue
937 3732 1098 3819 dubitas,
1122 3754 1232 3824 perge
1261 3734 1308 3804 ad
1328 3754 1378 3802 eo-

212 3835 367 3930 quentia.

277 3945 495 4038 Principium
518 3944 731 4036 oognitiouis
753 3947 916 4037 mysterii
940 3947 1043 4019 unios
1058 3954 1114 4019 est
1132 3944 1380 4020 revelatioDei

211 4074 273 4144 per
295 4051 469 4145 Spiritum
493 4053 673 4124 Senatum:
702 4053 837 4124 anobis
859 4061 978 4127 autem
1000 4055 1177 4128 revelavit
1208 4058 1307 4128 Deus
1327 4077 1381 4151 par

211 4158 383 4252 Spiritum
406 4184 509 4232 suum
524 4188 556 4232 n.
581 4161 682 4232 Unde
696 4162 861 4232 animalis
876 4163 988 4250 homo,
1007 4164 1092 4259 quio
1102 4165 1320 4258 principium
1334 4187 1380 4236 oo

208 4266 381 4359 gnitiouis
403 4268 570 4339 videlieet
591 4269 804 4363 prinoipium
820 4272 1091 4364 supernaturale
1104 4271 1138 4342 ei
1154 4272 1264 4360 deest,
1286 4302 1304 4339 a
1316 4294 1380 4344 nou

208 4374 358 4466 pereipit
378 4396 420 4445 ea
443 4398 531 4469 quae
553 4385 638 4449 suut
661 4376 821 4470 Spiritus
843 4379 922 4468 Dei,
948 4379 1107 4452 stultitia
1127 4379 1223 4452 enim
1240 4386 1298 4453 ost
1311 4380 1379 4466 illi,
