3172 4950
709 335 746 349 ..
771 303 829 366 190
849 334 887 349 ..

208 408 362 479 existens
385 428 534 498 persona
556 409 652 479 factu
674 408 792 478 Filius
814 409 1034 498 simplicium
1049 407 1111 479 sed
1128 407 1273 480 deberet
1283 407 1364 480 intel

209 515 276 606 ligi
299 536 446 606 persona
467 519 611 584 aeterna
634 517 731 586 facta
752 515 869 585 Filius
885 517 1146 604 manifestamus,
1163 517 1305 588 ratione
1321 517 1364 589 sci

208 620 294 691 licet
316 619 500 689 filiationis
522 621 749 712 respondente
764 622 848 693 hnic
863 622 1082 713 generationi
1103 621 1150 689 ud
1165 637 1282 706 ectu,
1299 644 1364 717 qna

209 727 301 799 nihil
317 733 371 797 est
385 728 483 798 aliud
500 751 603 821 quam
619 730 856 801 manifestatio
871 730 971 799 Filii.
998 729 1084 799 Dico
1096 723 1166 799 non
1178 736 1298 822 potest
1312 730 1364 801 ain

209 836 482 907 contradictione
499 860 576 907 cum
592 838 724 907 diserta
740 838 899 908 doctrina
912 837 1127 908 Tertulliani
1142 837 1305 930 intelligi
1325 841 1364 910 vs‘

208 963 355 1034 persona
378 942 475 1012 factu
497 944 554 1014 vel
578 947 675 1015 fucta
689 944 805 1014 Filius
828 943 1046 1034 simpliciter,
1072 944 1156 1036 quia
1171 944 1261 1014 locis
1284 945 1364 1016 innn

210 1054 314 1124 meris
337 1054 460 1139 docet,
487 1053 640 1123 Verbum
663 1076 737 1123 esse
760 1054 803 1122 ab
826 1058 967 1123 aeterno
994 1054 1153 1143 genitum
1184 1061 1223 1127 et
1252 1081 1364 1150 sempu

210 1161 321 1232 inisse
343 1162 476 1231 Filium
498 1162 577 1231 Dei.
606 1162 773 1255 Sequenti
796 1184 826 1232 o.
849 1163 883 1233 8.
910 1164 982 1233 ait:
1011 1165 1158 1234 c'Sermo
1193 1181 1271 1233 erut
1289 1166 1364 1258 apsi

209 1271 317 1340 Deum
332 1295 470 1362 semper,
488 1270 582 1340 sicut
598 1272 768 1363 scriptum
784 1278 851 1341 est:
870 1277 907 1341 et
922 1271 1042 1342 Sermo
1057 1278 1136 1342 erat
1152 1273 1247 1364 apud
1259 1275 1364 1363 Deum

210 1386 247 1449 et
269 1401 457 1472 numquam
479 1385 663 1470 separatus
687 1401 708 1446 s
730 1379 836 1449 Putre
864 1385 927 1449 ant
955 1379 1049 1449 alius
1072 1379 1194 1468 (alius
1217 1382 1364 1470 Deum

209 1487 333 1572 Patre,
359 1486 442 1578 qnia
464 1509 529 1576 ego
551 1491 588 1555 et
609 1486 715 1556 Pater
739 1508 846 1555 unum
870 1509 1001 1557 sumus.
1021 1487 1116 1558 Haec
1145 1487 1216 1557 crit
1237 1487 1364 1579 probola

210 1593 420 1684 (generatio)
443 1594 641 1680 Veritatis,
666 1601 785 1663 custos
808 1593 979 1680 unitatis,
1006 1616 1075 1687 qna
1097 1593 1274 1686 prolatum
1295 1594 1362 1666 dioi-

210 1721 287 1769 mua
309 1699 440 1770 Filium
458 1722 480 1769 a
502 1700 607 1770 Patre
630 1700 691 1770 sed
714 1723 783 1769 non
806 1705 1048 1792 separatum...
1074 1700 1196 1771 Omnis
1212 1703 1360 1794 origope

209 1831 291 1878 reus
313 1814 391 1894 est,
417 1813 454 1877 et
475 1829 573 1877 omne
603 1808 694 1900 qnod
724 1831 767 1877 ex
798 1807 935 1899 origine
965 1794 1163 1898 profertur,
1198 1808 1359 1900 progenici

210 1921 276 1986 est:
302 1915 408 1982 multo
431 1919 544 2005 mopis
566 1915 679 1983 Sermo
695 1915 786 1998 Dei,
812 1918 875 2008 qai
898 1918 1002 1982 ctiam
1022 1918 1164 2006 proprie
1186 1916 1357 1985 occult

211 2025 257 2091 lis·
272 2026 443 2114 accepit.»
461 2022 572 2091 Panlo
586 2023 738 2093 inferius
759 2045 788 2094 c.
804 2024 861 2092 212
879 2022 1146 2094 «indubitanter
1157 2023 1251 2093 alius
1268 2029 1357 2094 osm-

211 2131 309 2202 ditur
324 2133 388 2223 qai
397 2131 516 2218 fuerit
534 2156 556 2197 α
569 2133 760 2221 principio,
774 2129 867 2199 alins
879 2129 971 2221 apud
988 2152 1088 2222 quem
1104 2129 1179 2200 init
1193 2130 1260 2217 (Io.
1272 2129 1353 2215 l.1.),

209 2236 320 2307 alium
343 2237 540 2308 Sermonem
564 2260 650 2324 esse,
676 2238 785 2307 alium
800 2238 911 2308 Deum
929 2239 1112 2326 (Patrem),
1131 2238 1213 2306 licet
1236 2253 1268 2306 et
1288 2239 1355 2307 rm

210 2349 347 2430 Samo,
373 2345 430 2413 sed
453 2372 523 2440 qao
547 2345 615 2414 Dei
637 2348 755 2416 Filios
770 2372 837 2413 non
857 2370 928 2438 qao
952 2349 1102 2417 Pater...
1121 2343 1232 2416 alium
1247 2351 1349 2428 suun,

209 2477 277 2524 non
301 2453 402 2549 quasi
426 2459 638 2546 separatum,
664 2454 723 2524 sed
747 2453 975 2544 dispositione
994 2455 1045 2542 (1)
1061 2452 1172 2523 alium
1196 2476 1263 2522 non
1282 2448 1350 2522 diri·

210 2562 305 2632 aione
322 2589 353 2631 n.
373 2561 473 2631 Certe
489 2584 573 2652 argo
589 2561 762 2653 processio
786 2584 846 2631 seu
863 2561 981 2631 missio
1004 2560 1049 2630 ad
1072 2569 1175 2631 extra
1197 2579 1350 2654 personam

209 2671 300 2740 hunc
323 2674 518 2756 aeternam,
544 2691 633 2760 quae
655 2669 824 2755 mittitur,
842 2669 1026 2760 supponit,
1051 2673 1088 2737 et
1116 2667 1281 2760 supponit
1299 2685 1353 2736 ean

208 2800 251 2846 ex
274 2777 352 2868 ipsa
375 2776 514 2846 interna
537 2777 753 2867 processione
775 2776 908 2845 Filium
923 2776 1012 2862 Dei,
1038 2798 1122 2866 ergo
1145 2768 1352 2867 processioni

116 2969 121 2979 .
209 2891 310 2953 extre
332 2906 401 2951 non
426 2883 515 2953 facit
538 2890 580 2953 ut
602 2883 653 2953 sit
673 2882 814 2970 Filius,
839 2883 900 2953 sed
924 2883 1035 2953 solum
1058 2889 1101 2953 ut
1115 2883 1166 2953 sit
1180 2884 1355 2952 Filiusoo

209 2993 412 3081 adsectatus.

275 3099 406 3170 Verum
428 3122 492 3190 ego
515 3122 583 3169 non
606 3100 719 3185 video,
745 3121 808 3169 cnr
831 3099 869 3168 in
892 3105 995 3169 textu
1011 3098 1120 3170 citato
1143 3121 1175 3169 c.
1193 3102 1227 3170 7.
1247 3116 1358 3192 procas·

208 3207 260 3278 sio
283 3229 352 3276 uon
375 3207 487 3298 possit
508 3207 665 3298 intelligi
688 3205 735 3274 cd
758 3211 854 3275 intra
864 3256 875 3291 ,
899 3194 1146 3300 neque‘video,
1172 3230 1236 3277 cnr
1258 3224 1360 3277 nomeu

209 3315 326 3386 Filias
347 3336 416 3382 non
439 3313 553 3406 possit
574 3336 649 3384 esse
672 3315 890 3398 subiectum,
907 3321 946 3384 et
962 3317 1219 3405 primopem‘tas
1240 3335 1282 3385 ec
1301 3312 1361 3381 asi·

207 3425 345 3515 penitus
368 3421 618 3515 praedicatum.
640 3424 729 3493 Tum
752 3446 875 3493 sensns
890 3424 972 3494 erit:
990 3423 1033 3493 de
1048 3423 1154 3493 Putre
1166 3419 1363 3515 procedendo

206 3529 342 3617 Filius,
368 3536 443 3600 tum
467 3530 603 3623 quando
627 3538 786 3623 peretum
802 3537 858 3600 ast
872 3531 1003 3601 coelum
1020 3531 1045 3601 i.
1063 3554 1093 3600 e.
1109 3531 1248 3624 qusndo
1264 3533 1364 3601 creatu

208 3644 292 3709 aunt
315 3640 505 3725 universa,
531 3640 568 3707 in
592 3636 853 3730 comparatione
872 3662 950 3709 curn
973 3639 1146 3709 creaturis
1175 3638 1296 3710 induit
1314 3636 1364 3706 hs·

209 3744 403 3815 bitudinem
425 3744 651 3837 primogeniti
674 3752 710 3815 et
726 3745 926 3837 unigeniti,
952 3746 1036 3839 qnia
1058 3746 1134 3836 ipse
1165 3751 1221 3815 est
1250 3746 1294 3814 ab
1321 3764 1364 3812 se

208 3858 310 3921 terno
333 3859 415 3922 ante
438 3875 570 3922 omnem
593 3858 789 3924 creaturam
812 3861 848 3924 et
869 3854 942 3923 alio
963 3876 1108 3946 prorsus
1122 3852 1226 3923 modo‘
1237 3850 1364 3944 genitur

207 3958 362 4044 aPutre,
382 3981 485 4051 quum
508 3962 623 4031 fuctus
647 3969 732 4032 sunt
754 3968 948 4033 creaturae.
978 3963 1039 4033 Sic
1061 3984 1145 4033 vcro
1166 3961 1267 4032 locus
1288 3957 1364 4032 nihil

206 4064 313 4135 hebet
334 4065 568 4138 difficultatis.
1228 4080 1230 4084 ’

277 4228 319 4304 (1)
337 4232 396 4287 Hoc
412 4235 458 4286 sat
475 4233 599 4289 lsuuun
618 4235 786 4289 vocobulum
798 4235 973 4292 'l'srtulllsni
986 4250 1038 4304 pro
1049 4249 1150 4303 muco
1163 4235 1177 4291 ὁ
1180 4255 1250 4289 ooooo
1251 4257 1310 4307 μια,
1324 4248 1364 4306 qu

204 4321 453 4466 proffessus
471 4325 617 4393 intelligit
634 4325 851 4382 distinmionssr
871 4341 1057 4396 personum
1077 4325 1245 4383 cirinum
1266 4325 1364 4383 retium

206 4411 270 4478 orig
330 4449 338 4466 .
