3172 4950
534 346 572 361 -
598 315 655 375 129
677 346 713 361 -

114 425 160 492 δ”.
184 423 260 493 Hoc
283 443 388 492 sensu
409 420 539 512 passim
562 422 606 490 ab
628 419 845 509 Athanasio,
870 421 1016 505 Basilio,
1044 421 1216 512 Gregorio

61 534 146 618 Nea,
161 528 314 621 Cyrilllo
329 536 397 599 etc.
412 530 671 601 commendatur
693 556 783 618 μονας
806 540 843 603 et
866 547 1009 598 ructor-ot
1040 535 1211 612 naturae,

61 663 116 736 qua
135 647 208 710 tres
229 660 396 731 personae
419 646 504 710 sunt
525 662 616 710 unus
638 641 744 728 Deus,
770 649 806 712 ot
828 663 898 735 qua
921 640 1063 709 monade
1086 644 1216 728 negata

60 747 265 819 incidendum
289 753 345 816 est
364 746 402 815 in
424 747 709 838 polytheismum.
738 780 754 815 a
771 751 871 819 Unus
881 749 976 819 Deus
992 749 1108 831 Pater,
1123 768 1215 817 unus

60 857 137 925 Deus
169 859 206 923 et
240 852 381 937 Filius,
407 858 443 922 et
475 876 544 922 non
578 855 646 925 duo
680 857 764 943 Dii,
794 856 956 949 quoniam
991 856 1214 925 identitatem

62 956 237 1051 (taurorum)
262 961 369 1031 habet
390 961 507 1049 ¹Filius
531 987 608 1033 cum
631 966 749 1055 Patre;
767 989 836 1035 non
860 966 952 1036 euim
975 965 1082 1033 aliam
1105 964 1213 1034 deita·

59 1078 113 1139 tem
133 1072 273 1141 intueor
296 1069 334 1136 in
355 1069 461 1139 Patre
484 1075 520 1138 et
541 1072 646 1140 aliam
670 1072 707 1142 in
729 1075 834 1159 Filio,
861 1097 923 1145 nec
945 1075 1091 1144 alteram
1113 1081 1215 1144 natu·

60 1200 118 1248 ram
138 1179 240 1247 illam
262 1182 299 1248 et
321 1176 469 1261 alteram
484 1177 586 1249 hanc.
611 1180 661 1250 Ut
676 1203 760 1272 ergo
775 1182 959 1273 perspicua
975 1183 1043 1253 tibi
1059 1182 1124 1250 fiat
1138 1205 1213 1273 pro·

59 1287 174 1377 prietes
197 1305 448 1377 personarum,
473 1309 617 1356 numera
639 1289 834 1359 distinctim
865 1291 1005 1360 Patrem
1028 1296 1064 1359 et
1085 1288 1210 1358 distin·

59 1395 125 1462 ctim
146 1392 304 1478 Filium,
330 1415 374 1461 ne
400 1415 482 1462 vero
512 1393 550 1460 in
581 1395 854 1486 polytheismum
887 1397 1083 1480 scindaris,
1111 1416 1216 1465 unam

60 1502 206 1572 confitere
229 1500 268 1568 in
292 1500 457 1569 ambobus
479 1502 694 1570 essentiamn
721 1503 832 1571 Basil.
848 1510 959 1573 contr.
977 1502 1106 1573 Sabell.
1124 1526 1161 1570 n.
1180 1502 1213 1570 3.

61 1610 100 1696 (l.
117 1609 168 1678 H.
187 1633 224 1700 p.
244 1608 336 1695 191).
367 1606 483 1675 «Cum
505 1631 547 1677 ex
578 1610 729 1678 omnium
760 1612 974 1681 confessione
1003 1611 1116 1681 deitas
1147 1633 1218 1679 uns

10 1738 12 1749 ·
60 1717 206 1801 sit„tieri
230 1716 365 1808 nequit,
384 1723 426 1786 ut
449 1714 485 1785 S.
507 1717 666 1787 Trinitas
691 1717 729 1786 in
757 1719 978 1790 identitatem
1006 1714 1211 1807 (ταυτοτητα)

61 1832 189 1893 mimae
212 1846 283 1892 non
304 1823 511 1893 referaturo-
525 1823 653 1913 Cyrill.
668 1826 705 1893 in
717 1826 768 1894 Io.
787 1827 844 1914 (T.
859 1827 923 1895 IV.
941 1850 976 1918 p.
994 1825 1064 1910 20).
1080 1825 1122 1892 In
1139 1847 1216 1916 pro·

62 1933 191 2002 lusione
207 1930 291 2000 fidei
307 1952 396 2025 quae
411 1930 547 2001 adiecta
558 1934 734 2022 reperitur
749 1934 916 2024 epistolae
932 1935 1119 2025 synodicae
1131 1931 1216 2001 Con-

62 2041 120 2111 cilii
135 2038 356 2111 Sardicenais
372 2039 479 2129 (apud
496 2039 700 2111 Theoderet.
717 2043 763 2111 H.
780 2042 823 2111 E.
836 2042 860 2112 l.
877 2043 926 2110 ΙΙ.
942 2067 971 2111 c.
988 2042 1020 2110 6.
1033 2043 1078 2111 cs.
1094 2041 1135 2110 de
1151 2039 1217 2110 hac

61 2149 257 2239 professione
278 2146 491 2215 Ballerinios
513 2147 601 2238 Opp.
616 2149 653 2218 S.
667 2151 795 2220 Leonis
808 2151 849 2220 Τ.
867 2150 936 2218 ΙΙΙ.
953 2175 987 2242 p.
1008 2148 1215 2233 xxm),

62 2256 279 2327 efficacissima
294 2254 439 2325 dicitur:
460 2277 549 2323 unos
566 2279 647 2325 vero
665 2257 755 2327 hanc
771 2257 979 2327 catholicam
994 2256 1217 2325 traditionem

61 2371 87 2432 ct
104 2365 203 2435 fidam
218 2372 255 2435 ot
269 2363 516 2455 professionem
539 2365 732 2454 accepimus
747 2373 784 2435 ct
798 2366 996 2449 didicimus,
1016 2386 1120 2432 unam
1145 2384 1219 2431 esse

10 2550 16 2581 ,
62 2471 279 2541 substantiam
295 2470 508 2563 (incurata),
519 2495 621 2563 quam
634 2473 702 2564 ipsi
716 2473 885 2543 haeretici
898 2472 1079 2562 appellant
1096 2466 1216 2550 ὀυσιαν,

62 2576 162 2649 Patris
184 2586 222 2650 et
241 2579 330 2651 Filii
353 2587 390 2651 et
413 2582 569 2674 Spiritus
594 2581 738 2679 Sancti3
764 2586 802 2650 et
830 2580 862 2649 si
892 2587 1080 2673 quaerant,
1115 2598 1216 2670 quae-

62 2711 126 2758 ram
140 2689 190 2760 sit
203 2689 293 2760 Filii
309 2691 508 2761 substantia
529 2686 736 2777 (ὑποστασις),
754 2689 956 2780 profitemur
972 2710 1046 2756 esse
1062 2687 1216 2768 eandem,

63 2819 135 2888 quae
163 2799 268 2867 unica
297 2798 416 2868 Patris
445 2799 704 2890 praedicatur»
733 2788 956 2886 (ἑμολογουμεν,
972 2795 1008 2867 ὡς
1035 2789 1114 2862 άυτη
1141 2792 1219 2862 aa

62 2924 121 2986 parc
144 2929 195 2972 rou
219 2928 330 2999 πατρος
355 2903 594 2996 ὂμολογουμενη).

114 3013 155 3082 4⁶.
175 3012 374 3082 Communis
396 3019 451 3084 est
471 3015 617 3084 Petrum
641 3012 858 3097 declaratio,
884 3010 1078 3081 doctrinam
1102 3011 1217 3080 catho-

65 3118 150 3190 licam
171 3144 246 3191 esse
269 3122 455 3191 veritatem
478 3122 517 3190 in
541 3121 651 3191 medio
674 3120 767 3189 inter
790 3141 924 3189 errores
947 3119 1122 3213 oppositos
1137 3117 1219 3186 hinc

65 3227 325 3299 Sabellmorum
340 3250 382 3299 ac
396 3230 624 3316 Iudaeorum,
642 3228 723 3297 inde
739 3228 952 3296 Arianorum
968 3233 1004 3295 et
1019 3225 1217 3315 gentilium.

64 3335 229 3427 approbat
239 3336 331 3408 enim
344 3336 429 3407 fides
445 3336 617 3408 catholica
631 3339 670 3405 in
685 3336 827 3406 Iudaeis
842 3341 878 3404 et
892 3333 1114 3418 Sabellianis,
1129 3332 1220 3425 quod

63 3465 149 3514 unam
161 3446 374 3536 profitentur
386 3444 542 3515 divinam
558 3452 734 3529 naturam,
750 3445 787 3512 in
803 3443 948 3512 Arianis
963 3442 1120 3533 ipsisque
1137 3462 1219 3529 gen·

64 3553 171 3623 tilibus
193 3576 263 3621 non
286 3553 459 3643 improbat
481 3554 695 3638 doctrinam,
722 3560 894 3644 qnatenus
927 3549 1119 3639 distinguit
1142 3547 1218 3636 plu·

64 3681 105 3728 res
125 3681 314 3752 personas:
340 3681 461 3728 verum
484 3660 626 3728 damnat
649 3659 686 3727 in
710 3659 785 3727 illis
801 3657 977 3748 prioribus
1000 3654 1219 3745 negationem

62 3766 201 3854 plurium
224 3765 473 3836 distinctarum
494 3789 731 3857 personarum,
750 3767 787 3834 in
810 3765 867 3834 his
890 3762 1140 3856 posterioribus
1152 3784 1219 3830 non

60 3876 142 3944 nodo
164 3874 392 3944 assertionem
410 3874 629 3944 diversarum
652 3881 859 3943 naturarum
890 3873 949 3941 aed
972 3871 1078 3939 etiam
1101 3869 1219 3936 multi-

58 3984 266 4073 plicationem
290 3988 461 4066 naturae,
487 4005 529 4051 ex
553 4004 621 4074 qua
653 3987 885 4074 consequatur
915 3980 1035 4048 unitas
1067 3984 1219 4047 tantum·

56 4093 141 4162 nodo
164 4091 339 4183 specifica.
353 4089 467 4182 Atqui
489 4089 681 4158 Sabelliani
694 4093 733 4158 'et
747 4088 869 4159 Iudaei
885 4093 1047 4154 naturam
1065 4086 1220 4155 divinam

55 4200 213 4272 docebant
236 4221 344 4268 unam
365 4219 508 4266 numero
531 4203 568 4266 et
589 4220 658 4265 non
681 4196 1007 4287 multiplicabilem;
1033 4193 1124 4263 hanc
1139 4216 1223 4283 ergo

53 4309 186 4378 eandem
208 4305 386 4376 unitatem
411 4303 536 4374 Patras
558 4303 597 4373 in
621 4304 778 4373 confesso
802 4302 994 4371 habebant.
1023 4300 1114 4370 Sane
1145 4322 1222 4368 cum

51 4413 234 4486 Sabelliani
257 4412 338 4483 ideo
359 4416 534 4502 negarent
559 4411 679 4503 plures
710 4432 784 4482 esse
815 4409 1001 4479 distinctas
1032 4428 1219 4498 personas,
1334 4446 1337 4452 ·
