3172 4950
705 346 742 358 -
764 315 825 377 507
845 347 883 360 -

210 418 299 486 tiam
322 417 381 485 sed
405 421 582 509 tamquam
600 420 912 509 participationem
936 418 1076 486 divinae
1106 435 1253 487 naturae
1285 425 1323 488 in
1350 447 1385 490 se

211 527 286 614 ipso
311 524 442 592 donans
465 527 512 591 iis
536 529 599 616 qui
621 526 724 616 dipni
747 541 868 597 seint...
892 528 1195 615 Reformamnrnin
1219 530 1383 598 similitu·

210 634 324 700 dinem
338 682 348 715 ‚
373 657 462 723 puae
484 648 533 700 est
558 632 604 700 ad
626 636 798 724 Spiritum
820 636 982 704 Sanctam
1014 638 1085 703 sive
1116 635 1162 703 ael
1184 638 1291 704 Deum
1317 661 1383 727 per

202 740 309 831 fidem
332 756 364 836 et
387 743 690 830 sanctificationem
713 756 745 808 et
768 743 970 809 relationem
1002 743 1051 809 ael
1072 746 1183 832 ipsam
1195 769 1209 826 ;
1240 745 1321 827 sed,
1346 761 1385 812 nt

208 851 342 917 clarum
365 864 442 931 eet,
467 850 637 916 relatione
659 849 837 918 secundnm
848 853 1157 941 participationem
1182 868 1213 918 et
1230 851 1384 920 adventi-

209 959 273 1038 tio,
297 956 383 1026 licet
405 956 547 1025 divinae
570 962 718 1031 naturae
740 958 935 1048 nuncupati
958 958 1067 1028 simus
1091 966 1266 1028 consortes
1290 962 1382 1047 (1)...
1440 1016 1448 1032 .

209 1064 358 1155 Templa
380 1070 497 1132 autem
520 1066 586 1134 Dsi
610 1067 713 1135 immo
735 1066 843 1134 etiam
867 1065 919 1134 dii
943 1089 1107 1136 vocamur
1129 1073 1310 1136 etsumus.
1328 1068 1387 1137 Iu-

206 1176 353 1259 terroga
375 1171 620 1258 adversarios,
647 1196 753 1265 quare
784 1172 822 1241 id
846 1173 1010 1258 tandem,
1045 1174 1076 1242 si
1106 1195 1232 1243 revera
1263 1197 1385 1245 sumus

205 1279 324 1348 nudae
338 1285 375 1349 et
386 1281 615 1351 subsistentia
627 1281 782 1349 carentis
793 1280 932 1370 gratiae
947 1280 1158 1371 participes?
1171 1285 1222 1353 At
1244 1307 1313 1352 non
1332 1284 1386 1352 ita

207 1410 267 1456 res
283 1387 452 1456 sehabet.
471 1390 608 1481 Templa
631 1390 720 1455 enim
742 1412 855 1454 sumne
870 1412 946 1455 nere
962 1390 1144 1457 existentis
1160 1403 1191 1456 et
1204 1391 1385 1457 subsisten-

209 1499 258 1564 tis
281 1497 451 1585 Spiritum
468 1497 584 1567 vocati
607 1505 724 1566 autem
741 1518 862 1564 sumus
884 1500 1026 1586 propter
1049 1496 1162 1587 ipsum
1188 1497 1295 1566 etiam
1319 1497 1382 1582 dii,

208 1610 384 1696 quatenus
408 1603 548 1672 divinae
570 1619 603 1671 et
625 1603 820 1690 ineffabilis
843 1618 990 1694 naturae
1012 1618 1179 1671 consortes
1202 1628 1388 1693 summeper

209 1713 483 1777 coniunctionem
505 1711 552 1779 ad
576 1713 712 1800 ipsumr
731 1710 782 1796 (2)
806 1709 935 1799 Cyrill.
954 1710 1040 1778 dial.
1063 1710 1146 1780 VH.
1168 1711 1210 1780 Τ.
1231 1712 1277 1781 V.
1295 1712 1335 1780 P.
1353 1712 1383 1780 I.

209 1842 245 1907 p.
274 1817 351 1884 638.
366 1839 419 1908 sq.
430 1816 521 1886 Vide
534 1817 619 1886 ibid.
635 1841 670 1905 p.
686 1816 764 1883 694.
780 1816 857 1884 644.
878 1817 956 1883 657.
976 1815 1055 1884 669.
1071 1817 1149 1884 672.
1165 1818 1243 1905 673;
1269 1817 1307 1885 in
1330 1817 1381 1887 Io.

209 1947 246 2013 p.
262 1922 318 1991 93.
332 1922 411 1990 810.
423 1925 517 2010 8324
533 1923 689 1993 thesaur.
705 1923 783 1991 352.
801 1922 1014 1991 Brevissima
1026 1924 1169 1992 eandem
1189 1924 1386 2003 doctrinam

210 2029 455 2120 complectitur
478 2029 650 2120 Cyrillus:
678 2029 802 2121 equod
826 2029 863 2096 in
887 2031 1006 2096 aliam
1030 2029 1206 2122 quemdum
1235 2033 1389 2098 habitam

212 2130 269 2226 (ἐις
292 2135 395 2228 impar,
417 2158 481 2202 τινα
505 2131 574 2222 ἕξιν)
605 2138 834 2206 transformet
856 2159 913 2206 eos
942 2138 1016 2223 ,in
1051 2139 1179 2230 quibus
1212 2139 1324 2208 fuerit
1353 2145 1390 2208 et

209 2245 466 2314 inhabitaverit
488 2244 656 2334 Spiritus,
671 2267 796 2335 eosque
821 2243 858 2312 in
882 2249 1073 2312 novitatem
1088 2249 1182 2312 citae
1198 2251 1385 2331 restauret,

210 2375 325 2422 nonne
348 2352 454 2421 facile
477 2358 530 2421 est
553 2351 670 2421 cuivis
692 2376 735 2420 ex
759 2343 969 2421 testimoniis
991 2357 1066 2421 turn
1088 2353 1219 2423 veteris
1231 2348 1311 2422 tum
1329 2376 1387 2421 no-

211 2483 292 2530 vas.
303 2460 508 2550 Scripturas
531 2459 729 2529 ostendero?
739 2487 755 2520 r
780 2462 848 2529 etc.
863 2459 901 2527 in
916 2460 968 2527 Io.
982 2485 1017 2549 p.
1029 2459 1107 2529 919.

218 2571 222 2577 ’
281 2566 440 2657 Gyrillus
463 2567 582 2657 itaque
605 2588 673 2634 non
689 2588 788 2635 secus
804 2589 844 2635 ao
861 2566 926 2634 alii
942 2567 1066 2635 Patres
1089 2567 1134 2635 ad
1150 2567 1388 2637 demonstrau-

212 2675 294 2743 dam
325 2673 549 2742 divinitatem
581 2673 738 2763 Spiritus
765 2671 891 2742 Sancti
915 2674 1031 2743 utitur
1060 2674 1125 2743 hoc
1155 2679 1387 2763 argumento,

213 2783 306 2873 quod
320 2785 355 2869 a)
369 2804 438 2850 non
454 2781 565 2850 solum
577 2781 696 2870 gratia
711 2786 748 2849 et
762 2782 911 2850 effectus
925 2779 1083 2870 Spiritus
1096 2780 1220 2849 Sancti
1235 2781 1272 2849 in
1289 2781 1389 2851 uobis

213 2890 458 2981 producuntur
481 2889 541 2958 sed
558 2888 722 2979 'Spiritus
746 2889 897 2957 Sanctus
912 2888 986 2978 ipsa
1009 2889 1131 2958 intime
1146 2894 1182 2957 et
1199 2889 1297 2958 modo
1314 2912 1388 2979 spe·

213 2996 300 3066 ciali
325 2997 448 3065 unitur
472 2995 578 3063 iustis
601 2994 677 3078 ita,
703 3000 745 3063 ut
774 2999 918 3084 propter
948 2995 1109 3063 unionem
1141 3017 1218 3063 cum
1250 2994 1390 3084 Spiritu

212 3105 344 3174 Sancto
368 3105 531 3174 dieantur
554 3108 590 3172 et
612 3100 685 3170 siut
702 3102 871 3168 relatione
887 3105 1138 3169 coniunctionis
1154 3117 1321 3169 consortes
1337 3102 1390 3168 di·
1496 3141 1499 3148 ·

212 3214 495 3278 vinaematmrae.
523 3211 556 3295 b)
579 3208 709 3276 Probat
732 3207 955 3277 divinitatem
987 3208 1091 3294 inde,
1117 3209 1209 3300 quod
1233 3209 1391 3301 Spiritus

214 3316 418 3401 inhabitans
432 3338 501 3384 non
518 3323 559 3384 ut
573 3316 734 3386 minister
750 3311 920 3408 (ὑπουργος)
935 3316 1000 3408 sed
1018 3338 1082 3384 sua
1098 3315 1235 3386 virtute
1251 3311 1391 3406 (iocam-

213 3420 278 3512 yoe)
308 3425 460 3513 gratiam
485 3425 621 3493 confert
643 3430 680 3493 et
702 3423 911 3492 sanctificat.
940 3423 1155 3506 «Quaenam
1179 3424 1293 3513 igitur
1308 3444 1389 3513 gra-

213 3532 268 3600 tia
289 3533 448 3622 perfecta
469 3538 549 3615 est,
575 3531 647 3600 nisi
670 3531 806 3600 omnino
830 3530 987 3619 Spiritus
1010 3530 1134 3599 Sancti
1163 3530 1201 3597 in
1225 3529 1392 3598 cordibus

214 3638 346 3706 nostris
370 3640 465 3708 facta
487 3637 620 3706 infusio
643 3637 745 3705 iuxta
767 3635 871 3704 Pauli
895 3635 1120 3704 seutentiam?
1141 3634 1307 3725 quomodo
1319 3633 1387 3702 ita-

216 3769 282 3840 que
305 3746 376 3816 erit
399 3768 483 3816 vera
507 3746 544 3814 in
567 3745 667 3815 nobis
683 3744 815 3835 gratia,
834 3745 865 3812 si
888 3741 1121 3813 sanctificatio
1138 3741 1238 3810 nobis
1262 3741 1389 3809 submi-

215 3855 370 3923 nistrata
392 3861 446 3923 est
468 3876 530 3943 per
554 3859 763 3937 creaturam,
793 3852 888 3921 sicut
903 3857 939 3920 et
953 3850 1010 3918 lex
1035 3873 1095 3940 per
1118 3849 1280 3940 angelos?
1301 3848 1392 3919 Nam

215 3966 247 4029 si
265 3965 420 4052 Spiritus
443 3964 588 4031 Sanctus
610 3986 678 4028 non
696 3962 846 4052 propria
869 3961 998 4026 uirtute
1021 3972 1182 4048 operatur
1204 3950 1388 4048 (ἀυτουργει)

270 4116 313 4191 (l)
327 4114 571 4189 ’Λναπλαττομεθα
588 4137 640 4188 γαρ
662 4112 699 4177 {a
717 4111 865 4186 interruptor
889 4133 932 4166 ror
952 4132 1016 4182 προς
1036 4131 1066 4163 το
1083 4129 1189 4182 atropos
1200 4104 1392 4179 recipientium

215 4228 279 4280 προς
298 4205 358 4261 θεον
377 4212 421 4262 δια
432 4228 545 4269 reorent
559 4227 602 4259 και
614 4204 753 4276 ἀγιασμου
773 4223 816 4256 και
835 4222 883 4263 της
896 4221 960 4274 προς
972 4197 1039 4253 eiuro
1059 4218 1187 4271 σχεσεως,
1206 4201 1284 4256 tator
1304 4193 1398 4251 trist.

216 4318 264 4359 της
282 4319 352 4352 κατα
360 4295 468 4370 μεθεξιν
479 4318 522 4351 και
537 4292 762 4367 εἰσκεκριμμενως,
774 4289 796 4346 ἕι
811 4313 854 4347 και
866 4289 941 4352 Serae
955 4304 1056 4361 φυσεως
1068 4283 1252 4359 ὦνομασμιθα
1265 4304 1400 4376 uersuros·

270 4384 313 4460 (2)
332 4391 372 4461 Tp
385 4386 447 4456 Sua
458 4409 485 4441 τι
499 4408 542 4442 και
558 4382 696 4457 αἱποῤῥητῳ
710 4377 796 4456 porra
808 4403 840 4453 cp
854 4401 918 4454 προς
938 4379 1005 4435 eiuro
1019 4391 1158 4451 συναφιιᾳ,
1169 4394 1387 4438 κεκοινωνηκοτις
