3172 4950
714 331 752 347 ..
773 298 834 360 244
855 331 893 347 ..

217 408 296 501 prio
319 429 422 478 sensu
445 405 678 499 plenitudinis
700 406 793 477 entis
816 405 932 477 divini
953 413 1039 477 sunt
1064 403 1230 499 singulae
1252 406 1385 478 relatio

217 540 279 587 nes
314 539 376 586 seu
404 518 636 607 proprietates
666 516 885 607 personales,
911 520 1085 608 quatenus
1112 522 1198 586 sunt
1225 516 1386 608 ipsaemet

217 623 362 695 realiter
385 623 538 693 essentia
560 622 706 710 ‹livina3
733 622 818 692 haec
840 629 957 692 antem
972 645 1042 692 non
1061 629 1116 694 est
1130 624 1231 693 trina
1248 625 1309 695 sed
1323 648 1386 696 una

215 735 324 803 trium
348 739 384 803 et
405 733 482 802 ideo
506 753 576 801 una
599 755 703 801 sensu
726 732 866 824 proprio
888 732 1070 823 perfectio.
1085 731 1130 802 2‘.
1158 732 1198 802 Si
1214 733 1386 824 epitheton

217 844 368 909 relativa
389 840 578 930 restringit
591 863 714 910 nomen
726 842 955 931 perfectionis
970 838 1015 909 ad
1030 840 1303 931 significandam
1312 866 1386 932 pra

211 953 399 1042 prietatem
421 949 628 1032 relativam,
654 954 737 1017 aunt
759 948 881 1041 utique
904 947 970 1019 hoo
992 971 1098 1018 aenan
1111 954 1187 1019 tres
1203 949 1386 1051 distinctu

212 1058 446 1149 perfectiones
469 1055 638 1123 relativae
651 1104 661 1138 ,
686 1062 722 1125 et
745 1061 818 1125 tres
842 1062 926 1125 sunt
944 1056 1065 1148 plores
1087 1078 1192 1149 quam
1216 1078 1309 1143 una,
1332 1058 1386 1129 set

215 1185 285 1233 non
308 1167 392 1231 sunt
408 1163 491 1252 plus
501 1162 745 1252 perfectionis.
764 1162 854 1233 Nam
869 1163 955 1232 haec
966 1160 1098 1232 locutio
1108 1163 1194 1253 plor
1204 1165 1386 1254 perfectio-

215 1273 271 1339 πίε
294 1269 461 1361 exprimit
482 1275 707 1359 ammentum
724 1270 951 1361 perfectionis
966 1270 1106 1362 proprie
1122 1270 1242 1341 dictae
1257 1294 1319 1363 per
1332 1272 1386 1343 atl-

214 1378 381 1448 ditionem
404 1377 511 1447 unius
534 1377 579 1447 ad
602 1378 761 1464 alteram,
777 1378 869 1472 quod
892 1385 946 1448 est
968 1379 1005 1447 iu
1028 1377 1164 1450 divinis
1185 1380 1382 1468 absurdum,

215 1512 292 1560 cum
316 1486 478 1578 singulae
502 1486 574 1556 sint
596 1493 672 1557 tota
687 1488 855 1579 perfectio
871 1486 1022 1572 infinita,
1041 1487 1125 1579 qnia
1146 1495 1235 1559 sunt
1247 1491 1383 1563 realiter

214 1596 292 1688 ipsa
314 1595 455 1664 infinita
467 1588 640 1665 essentia.
655 1595 784 1665 Contra
807 1595 944 1688 quaudo
966 1618 1071 1666 sensu
1088 1595 1185 1666 dicto
1202 1597 1380 1690 improprio

213 1704 439 1775 nominantur
448 1703 566 1791 plures
576 1704 809 1794 perfectiones
824 1705 1005 1787 relativae,
1022 1727 1092 1773 non
1107 1703 1247 1775 additio
1262 1706 1299 1775 in
1313 1705 1376 1776 uni·

213 1818 322 1883 tatem
338 1812 398 1880 sed
409 1811 608 1881 numeratio
624 1811 875 1881 distinctarum
891 1812 1147 1903 proprietatum
1163 1813 1371 1905 exprimitur,

214 1942 302 2015 quas
325 1920 389 1988 sub
412 1912 548 1988 ratione
571 1919 797 2010 perfectionis
820 1942 926 1990 seusu
949 1918 1091 2011 proprio
1106 1929 1272 2013 acceptae
1283 1946 1370 1993 unua

214 2032 298 2097 sunt
320 2049 390 2096 non
413 2026 593 2097 additione
616 2029 676 2097 sed
707 2027 893 2098 identitate
926 2051 1005 2100 cum
1033 2030 1200 2100 essentia.
1225 2030 1276 2100 δ”.
1301 2030 1369 2101 iba

213 2135 412 2222 relationes,
437 2142 511 2206 tres
532 2160 589 2208 res
611 2137 794 2224 relativae,
814 2139 887 2207 tria
909 2138 1007 2208 entia
1029 2138 1196 2227 relatiua,
1217 2146 1291 2211 tres
1309 2160 1368 2231 par.

214 2243 382 2315 sectiones
393 2244 568 2315 relativae
582 2245 722 2314 etiamsi
737 2244 969 2339 inadaequato
981 2251 1101 2315 nostro
1113 2253 1282 2337 conceptu
1293 2267 1366 2337 sper.

211 2357 346 2438 tantur,
370 2374 439 2420 non
465 2359 636 2444 quatenus
662 2376 769 2422 unum
792 2358 896 2439 sunt,
920 2359 956 2423 et
974 2355 1065 2424 unda
1091 2354 1235 2446 proprie
1259 2354 1366 2424 habeut

211 2466 322 2531 totam
342 2459 513 2530 rationem
536 2462 789 2553 perfectionis,
816 2464 875 2532 sed
898 2468 1102 2553 spectentur
1125 2463 1241 2534 solum
1261 2464 1365 2533 formu

211 2567 295 2637 liter
319 2567 384 2635 sub
406 2590 569 2659 expressa
591 2568 727 2638 ratione
751 2568 1010 2655 distinctorum,
1027 2570 1143 2641 adhuc
1167 2571 1220 2641 sic
1243 2591 1310 2640 una
1327 2589 1364 2639 re

211 2676 300 2747 latio
315 2676 468 2748 includit
481 2676 571 2745 alias
594 2699 711 2747 omnes
726 2676 811 2747 licet
833 2676 974 2746 diverso
997 2678 1108 2749 modo.
1125 2679 1270 2751 Etenim
1284 2678 1365 2747 intel

213 2785 321 2875 lipare
346 2783 523 2854 nationale
551 2784 748 2854 formaliter
775 2790 816 2853 ut
845 2783 1039 2876 producens
1061 2792 1099 2855 et
1120 2787 1310 2857 relativum
1334 2784 1365 2855 si

211 2893 365 2963 Verbum
387 2893 424 2960 in
448 2891 514 2961 hau
539 2914 603 2962 sua
628 2893 780 2960 relativa
801 2893 1020 2983 perfectione
1042 2893 1196 2964 includit
1220 2896 1364 2978 Verbum,

212 3022 280 3068 non
303 2999 441 3091 quidem
465 3006 507 3069 ut
529 3001 676 3069 formam
699 3001 968 3071 constituentem
990 3001 1051 3071 sed
1066 3008 1108 3071 ut
1122 3003 1310 3074 terminum
1328 3003 1366 3073 in·

211 3106 420 3176 trinsecum:
450 3105 705 3198 aperfectionis
727 3107 910 3199 plenitudo
932 3130 994 3200 per
1009 3109 1164 3182 Verbum
1186 3111 1367 3182 attenditur

211 3213 249 3283 in
264 3213 431 3285 ‹licenter›
451 3215 503 3302 (S.
525 3215 592 3286 Th.
608 3222 718 3286 contr.
734 3222 829 3308 gent.
845 3215 909 3286 IV.
926 3240 955 3286 c.
970 3217 1057 3305 45.).
1075 3217 1209 3288 Eadem
1225 3215 1367 3291 estratio

211 3320 249 3390 in
272 3321 484 3411 perfectione
499 3321 652 3392 relativa
667 3323 776 3393 Verbi
793 3329 830 3392 at
846 3322 1003 3414 Spiritus
1018 3323 1141 3397 Sancti
1155 3348 1219 3398 seu
1230 3322 1364 3420 spiret,

211 3432 253 3498 ut
268 3427 307 3498 in
321 3428 414 3500 thesi
429 3430 645 3502 declaratum
661 3436 727 3504 est.
