3172 4950
550 356 588 372 ..
608 325 647 384 31
668 357 707 370 -

72 437 126 503 bun
145 437 221 503 erat
243 431 338 523 apud
361 431 484 516 Deum,
502 436 539 500 et
552 431 649 501 Deus
672 435 750 500 eret
764 430 930 514 Verbum,
947 429 1056 518 operi
1080 428 1216 497 omnino

69 543 176 614 ratione
197 542 321 612 valent
343 540 386 610 de
412 539 613 610 testimonio
636 538 806 630 parallelo
830 538 915 607 110.
930 538 975 607 V.
987 536 1051 624 20,
1070 536 1130 605 ubi
1152 559 1216 628 pro

70 653 148 720 Verbo
173 648 406 720 substituitur
427 670 549 717 nomen
573 647 724 717 alterum
748 647 891 728 Filios,
917 651 952 715 et
977 645 1216 736 praedicatum

10 766 12 773 '
68 762 134 828 beo
154 759 260 829 habet
282 756 604 827 determinationem
628 747 821 845 appositam
844 777 941 822 veros
956 755 1058 821 Deus:
1079 758 1147 821 out
1162 775 1215 822 oo-

66 888 246 958 pnoseamus
267 889 382 933 oerum
404 864 511 931 Deum
532 868 568 933 et
590 862 699 932 simus
723 861 761 931 in
788 885 870 958 yero
896 861 989 930 Filio
1011 860 1087 930 eius
1115 860 1214 949 (Ver-

67 974 124 1042 bum
143 976 221 1041 erat
243 970 337 1061 apud
359 972 503 1056 Deum):
531 971 586 1036 bio
608 984 657 1036 est
679 992 775 1035 veros
793 969 883 1035 Deus
899 973 935 1037 et
950 968 1028 1038 vita
1039 972 1212 1036 aeternas

67 1084 101 1164 (et
115 1079 206 1147 Deus
229 1082 308 1146 erat
323 1076 503 1164 Verbum).
529 1076 580 1145 De
596 1075 661 1145 hoo
677 1074 876 1145 testimonio
891 1073 1030 1164 agimus
1042 1073 1080 1142 in
1093 1074 1211 1144 Traot.

33 1222 45 1257 o
66 1185 95 1255 dt
110 1186 285 1254 incarnat.
303 1183 357 1253 ih.
373 1183 437 1254 VI.

110 1294 170 1363 IV.
196 1292 264 1361 Hie
288 1290 481 1382 suppositis
511 1289 647 1359 Christi
670 1296 706 1360 et
728 1288 975 1380 Apostolorum
1008 1289 1214 1359 declaratio·

65 1402 144 1471 nibus
165 1400 273 1470 faoile
294 1405 371 1468 tum
393 1396 619 1489 personarum
642 1399 824 1468 distinotio
838 1404 914 1468 tum
930 1404 1078 1468 naturae
1095 1396 1215 1466 unitas

66 1510 299 1579 demonstratur
322 1507 360 1575 in
382 1507 465 1576 aliis
487 1507 698 1576 testimoniis
721 1505 857 1576 Christi
879 1506 1032 1590 Domini,
1059 1504 1120 1574 ubi
1141 1511 1215 1573 tres

65 1638 206 1707 personae
229 1622 535 1685 connumerantur.
556 1613 672 1683 «Cum
696 1613 833 1683 venerit
859 1612 920 1683 ille
944 1612 1101 1704 Spiritus
1123 1611 1214 1682 veri·

65 1725 141 1809 totis,
150 1722 289 1793 docebit
305 1744 368 1790 vos
383 1743 515 1790 omnem
531 1720 757 1791 veritatem...
776 1719 860 1812 quia
875 1719 917 1789 de
932 1742 1006 1788 meo
1021 1719 1211 1809 accipiet...

64 1825 165 1896 Onnia
187 1846 422 1917 quaecumque
445 1825 550 1893 hebet
572 1825 679 1894 Pater
708 1844 783 1892 mea
806 1830 900 1911 sunt;
926 1829 1109 1915 propterea
1125 1823 1212 1908 dixi,

63 1934 189 2027 quiade
212 1956 287 2002 meo
310 1933 489 2024 aoeipieto
504 1933 556 2002 Ιο.
571 1933 670 2002 XVI.
686 1931 799 2001 13-15.
818 1932 895 2015 Quo
919 1931 956 2001 in
979 1931 1054 2001 looo
1076 1937 1215 2023 praeter

63 2044 215 2112 mitatem
239 2040 415 2125 omnium,
430 2063 663 2133 quaecumque
686 2039 793 2110 habet
814 2041 938 2125 Pater,
964 2040 1002 2108 in
1024 2041 1139 2108 tribus
1163 2039 1214 2108 di-

63 2150 204 2235 stinctis,
230 2148 361 2218 diserte
383 2149 489 2218 etiam
512 2171 736 2239 personarum
758 2148 847 2217 Filii
869 2154 905 2219 et
921 2148 1076 2240 Spiritus
1093 2147 1215 2217 Sancti

63 2257 143 2346 origo
164 2255 323 2337 dooetur,
341 2254 384 2323 de
399 2276 468 2347 qua
483 2255 570 2324 alibi
593 2278 704 2324 sermo
727 2256 807 2324 erit.
827 2254 917 2325 Vide
928 2256 980 2324 Io.
995 2255 1094 2324 XIV.
1109 2254 1212 2322 6-11.

62 2361 101 2430 lt.
111 2363 164 2431 17.
174 2362 232 2430 23.
244 2361 300 2450 aa,
318 2361 398 2431 XV.
415 2363 471 2431 26.
486 2361 541 2431 cf.
552 2361 639 2431 Luo.
651 2362 682 2430 Ι.
697 2362 753 2430 32.
768 2362 824 2449 3ὔ;
839 2362 903 2431 Mt.
918 2361 986 2430 III.
1004 2361 1059 2429 16.
1074 2360 1118 2428 17
1131 2359 1212 2448 (hir.

60 2467 199 2556 1.10.11;
214 2468 494 2556 Luo.111.22;1.
509 2469 565 2538 32.
581 2468 650 2557 33).
668 2469 799 2538 Eadem
816 2474 870 2539 eet
884 2468 977 2538 ratio
993 2488 1214 2538 connumera·

60 2578 149 2648 tionis
174 2578 286 2648 trium
314 2599 538 2668 personarum
569 2579 873 2670 frequentissimae
895 2581 933 2647 in
955 2578 1214 2670 praedieatione

58 2685 236 2777 etsoriptis
251 2684 509 2775 Apostolorum,
527 2685 731 2754 nominatim
754 2687 792 2754 in
814 2685 860 2754 iis
882 2685 969 2755 loeis
982 2685 1112 2777 quibus
1132 2685 1213 2774 bap·

56 2792 166 2862 tismus
188 2798 226 2862 et
254 2791 411 2862 initiatio
434 2792 472 2860 in
494 2793 631 2862 nomine
661 2793 780 2862 Patris
815 2798 851 2863 et
883 2792 971 2863 Filii
998 2799 1035 2863 et
1058 2793 1214 2884 Spiritus

56 2896 163 2970 deuoti
181 2897 407 2989 supponitur.
429 2898 528 2968 «Sed
551 2900 666 2970 abluti
687 2901 786 2985 estis,
810 2899 870 2969 sed
886 2898 1097 2970 sanctificati
1112 2900 1211 2984 estis,

55 3005 101 3074 sed
122 3005 309 3074 iustificati
331 3004 417 3074 estis
442 3008 479 3071 io
495 3008 631 3073 nomine
647 3006 786 3073 Domini
801 3007 914 3078 nostri
930 3008 1012 3077 lesu
1026 3006 1161 3076 Christi
1176 3013 1215 3076 et

56 3112 230 3205 inSpirito
247 3114 314 3181 Dei
327 3114 472 3183 nostrin
491 3114 603 3185 lOor.
621 3115 684 3185 Vl.
703 3115 758 3203 11;
779 3146 796 3182 a
814 3116 885 3200 Qui
901 3123 1017 3187 autem
1033 3118 1214 3187 confirmat

56 3243 105 3293 nos
126 3223 304 3293 vohiaaum
329 3224 367 3288 io
392 3222 530 3291 Christo
558 3219 611 3309 (ἐις
622 3219 756 3314 χριστον)
783 3230 820 3294 et
842 3224 903 3315 qui
919 3224 1023 3293 unxit
1034 3246 1097 3292 nos
1108 3222 1212 3306 Deus,

56 3331 105 3422 qui
124 3336 161 3400 et
182 3328 342 3420 signavit
363 3353 427 3399 nos
449 3336 485 3399 et
500 3330 597 3400 dedit
611 3331 741 3421 pignus
757 3332 911 3421 Spiritus
926 3331 964 3400 in
978 3330 1140 3402 cordibus
1154 3353 1213 3400 no·

57 3438 129 3507 stris
140 3465 157 3500 o
171 3437 284 3506 2Cor.
302 3436 333 3506 Ι.
347 3437 405 3507 21.
419 3437 475 3526 22;
497 3466 513 3501 o
527 3439 634 3508 Nemo
650 3445 764 3529 potest
786 3439 912 3525 dicere,
930 3439 1100 3508 Dominus
1114 3438 1214 3509 Iesus

57 3545 115 3614 uisi
136 3546 174 3614 in
197 3545 337 3636 Spiritu
368 3544 509 3615 Sancto.
540 3545 742 3616 Divisiones
766 3569 849 3617 vero
879 3547 1076 3635 gratiarum
1106 3554 1211 3635 sunt,

58 3649 134 3721 idern
154 3658 270 3723 autem
292 3652 447 3742 Spiritus
462 3679 474 3734 ,·
498 3658 535 3721 et
558 3653 750 3724 divisiones
781 3653 1079 3724 ministrationum
1103 3663 1210 3744 sunt,

58 3756 133 3828 idem
154 3767 270 3831 autem
292 3759 474 3842 Dominum
489 3766 525 3830 et
540 3761 731 3831 divisiones
748 3761 988 3851 operationum
1011 3768 1106 3850 eunt,
1122 3764 1213 3834 idem

59 3886 125 3934 aare
142 3867 244 3950 Deo,
261 3867 323 3960 qui
338 3883 501 3957 operatur
516 3872 631 3935 omnia
644 3872 682 3936 in
697 3871 871 3936 omnibuis
886 3875 932 3958 (το
944 3865 977 3935 de
992 3872 1065 3936 oioro
1079 3895 1210 3959 πνευμα,

61 3995 101 4034 mr
111 3971 218 4049 ὁάυτος
230 3997 341 4068 saproc,
357 3971 416 4041 ide
431 3972 519 4050 ἀυτος
531 3972 596 4042 ἐστι
607 3973 707 4063 θεας).
721 3977 982 4049 Enumerantur
999 3978 1122 4049 deinde
1132 4002 1212 4070 gra·

61 4076 126 4165 tiae,
142 4083 428 4170 ministrationes,
446 4085 675 4177 operationes:
693 4113 709 4149 o
724 4084 809 4155 haee
824 4092 941 4155 autem
964 4089 1080 4154 omnio
1097 4104 1213 4178 opero-

64 4197 195 4258 taronoo
211 4205 315 4282 atque
329 4191 417 4259 idem
428 4190 595 4284 Spiritus,
610 4193 771 4264 dividens
788 4193 952 4284 singulis,
971 4200 1076 4285 prout
1088 4196 1180 4266 vult.
1193 4223 1210 4259 n

63 4290 173 4387 Corpus
192 4297 373 4370 Eeelesiae
395 4322 437 4369 ex
461 4301 584 4371 multis
607 4302 768 4371 membris
784 4303 973 4373 seeundum
988 4302 1052 4374 has
1068 4302 1212 4373 divisio·
1340 4379 1343 4383 ,

64 4405 321 4494 uesgratiarunr,
339 4406 648 4497 ministrationum,
667 4410 905 4501 operationum
922 4416 964 4480 ut
987 4434 1094 4480 unum
1117 4415 1155 4481 et
1171 4417 1213 4482 ut
