3172 4950
703 366 741 381 -
762 335 823 396 587
843 367 882 381 -

205 441 280 511 rati
303 464 372 509 non
399 439 589 527 confundi;
612 445 653 508 at
673 463 743 509 non
766 441 843 510 ideo
867 440 963 508 solus
987 439 1143 530 Spiritus
1168 440 1380 509 uniturani·

207 569 284 616 mae
307 547 547 616 sanctificatae
566 547 665 615 modo
688 547 826 639 aliquo,
853 569 920 638 quo
942 547 976 616 ei
998 547 1104 616 Pater
1126 552 1161 615 et
1183 546 1299 615 Filius
1312 570 1382 616 non

209 655 370 723 uniatur.
1069 642 1095 726 ,ὗ

223 834 226 841 ,
276 763 321 831 4·.
347 762 504 852 Denique
528 761 559 829 si
582 760 883 852 participationem
918 761 1060 832 divinae
1082 766 1231 830 naturae
1255 762 1381 829 forma·

209 873 279 941 lem
302 876 339 939 et
361 869 544 958 analogam
567 891 629 938 seu
653 869 956 959 supernaturalem
972 867 1258 937 assimilationem
1274 867 1382 937 addi·

210 980 332 1050 vinam
354 985 518 1046 naturam
542 977 820 1062 consideremus,
847 982 1013 1069 quaeest
1041 977 1239 1046 neccssaria
1269 977 1383 1066 dispe-

209 1087 295 1156 sitio
318 1093 354 1155 et
383 1086 648 1154 fundamentum
678 1085 786 1154 realis
819 1085 1005 1155 relationis
1032 1086 1076 1154 ad
1102 1085 1214 1153 Deum
1234 1083 1381 1151 inhabi-

209 1197 346 1272 tantem
370 1191 437 1279 (th.
455 1191 615 1277 XLIV.),
641 1197 747 1282 atque
770 1192 848 1261 ideo
871 1192 1004 1261 dicitur
1027 1214 1101 1260 esse
1124 1191 1238 1261 veluti
1262 1190 1382 1260 vincu-

210 1298 286 1366 lum
310 1297 435 1365 uniens
457 1296 569 1365 Deum
598 1303 770 1366 amantem
792 1304 829 1367 ct
854 1304 1008 1367 amatum
1031 1321 1108 1367 cum
1136 1299 1252 1366 anima
1267 1302 1384 1365 amata

210 1412 247 1474 et
272 1410 437 1491 amantc;
463 1404 501 1472 in
524 1404 590 1473 bac
612 1404 882 1494 participatione
906 1405 974 1474 duo
998 1404 1250 1495 distinguenda
1273 1410 1382 1490 sunt,

209 1508 378 1580 videlicet
401 1516 442 1578 ut
463 1510 559 1578 Deus
582 1516 637 1579 est
659 1510 802 1578 effector
834 1510 1123 1580 sanctificationis
1153 1517 1189 1579 et
1219 1511 1382 1599 gratiae,

211 1625 318 1708 atqua
342 1622 384 1684 ut
406 1622 460 1686 est
482 1617 680 1707 exemplar,
707 1617 766 1686 cui
789 1639 850 1708 per
874 1617 1026 1706 gratiam
1044 1617 1198 1687 infusam
1214 1617 1385 1685 assimila·

212 1748 305 1793 mur.
320 1725 415 1794 Haec
438 1725 530 1794 enim
553 1725 621 1793 duo
644 1724 797 1794 includit
807 1726 1042 1813 participatio
1055 1725 1237 1812 formatis,
1251 1729 1293 1792 ut
1307 1745 1386 1814 par-

211 1833 385 1925 ticipatus
407 1832 457 1902 sit
479 1833 653 1922 exemplar
676 1840 712 1902 et
727 1853 833 1902 eausa
850 1832 1014 1917 efficiens,
1031 1833 1068 1900 in
1085 1832 1319 1923 participante
1336 1831 1387 1901 sit

213 1942 313 2030 origo
329 1949 364 2012 et
379 1939 599 2011 assimilatio.
610 1941 647 2007 E
642 1941 823 2029 fficieatio
838 1941 948 2009 omnis
961 1946 1014 2009 cst
1021 1940 1088 2009 Dei
1104 1947 1277 2031 quatenus
1293 1963 1385 2008 unus

213 2054 267 2116 est
290 2052 444 2131 natura,
469 2069 537 2114 non
559 2069 643 2136 ergo
667 2046 725 2116 vel
747 2047 887 2136 proprie
910 2046 964 2114 vel
989 2046 1220 2136 singulariter
1244 2046 1301 2115 vel
1314 2067 1384 2114 ma·

213 2155 271 2243 gis
294 2161 357 2224 aut
380 2155 451 2223 alio
474 2155 573 2223 modo
596 2155 742 2223 effectus
766 2155 932 2224 donorum
956 2155 1094 2243 gratiae
1124 2160 1178 2223 est
1200 2176 1222 2221 a
1245 2153 1385 2243 Spiritu

217 2261 347 2331 Sancto
382 2284 465 2352 prae
499 2263 604 2330 Patre
628 2267 663 2330 ct
685 2261 803 2345 Filio,
829 2262 912 2353 quia
941 2261 1036 2331 Deus
1071 2263 1115 2330 ad
1144 2267 1246 2329 extra
1268 2282 1387 2351 opera-

216 2373 280 2436 tur
304 2370 369 2436 sub
393 2367 532 2435 formali
554 2367 690 2437 ratione
713 2366 866 2434 absoluti
881 2389 950 2434 non
965 2389 1047 2436 vcro
1063 2371 1235 2458 quatenus
1251 2371 1306 2434 cst
1321 2367 1384 2433 Pa·

213 2480 269 2542 ter
293 2476 486 2562 generans,
511 2474 628 2542 Filius
651 2474 792 2563 genitus
807 2480 844 2543 et
860 2473 1017 2564 Spiritus
1034 2474 1184 2541 Sanctus
1199 2472 1387 2563 procedens

213 2581 282 2667 (th.
297 2579 411 2666 XH.).
437 2578 489 2647 At
511 2580 684 2669 exemptor
707 2580 765 2649 oui
790 2585 951 2649 creatura
964 2578 1283 2668 supernaturaliter
1299 2579 1385 2646 assi-

212 2687 380 2772 milatur,
405 2688 501 2756 Deus
524 2693 578 2756 est
599 2692 675 2756 tum
699 2690 763 2755 snb
778 2687 914 2756 ratione
937 2691 1087 2755 naturae
1110 2686 1291 2754 absolutae
1311 2691 1386 2753 tum

213 2797 279 2863 sub
302 2795 437 2864 ratione
460 2795 707 2864 distinctarum
730 2795 965 2886 hypostaseon
987 2800 1023 2864 et
1046 2794 1288 2863 characterum
1311 2816 1387 2884 per-

213 2887 398 2969 sonalium.
414 2900 514 2968 Unde
537 2923 599 2989 per
615 2900 825 2970 charitatem
841 2899 1006 2968 diffusam
1022 2899 1059 2967 in
1076 2899 1238 2968 cordibus
1254 2899 1388 2968 nostris

213 3008 450 3078 assimilamur
472 3008 544 3076 Deo
567 3013 642 3076 tum
667 3014 840 3100 quatenus
863 3014 918 3077 est
941 3010 1094 3074 ebaritas
1110 3007 1273 3073 absoluta·
1282 3014 1387 3098 atque

214 3117 270 3184 ita
291 3116 386 3184 Deus
410 3138 501 3183 unus
524 3120 560 3183 et
581 3114 722 3198 trinus,
748 3121 823 3183 tum
847 3120 1020 3205 quatenus
1047 3114 1170 3200 (iuxta
1193 3115 1385 3205 expressio·

214 3247 293 3292 nam
316 3221 527 3311 Augustini)
551 3227 607 3291 est
630 3224 783 3289 ebaritas
801 3225 957 3312 proprie,
972 3221 1019 3289 ·h.
1034 3245 1064 3291 a.
1090 3246 1185 3288 amor
1202 3221 1388 3313 procedens

213 3337 249 3399 et
272 3330 349 3399 ideo
373 3353 414 3396 eor
432 3332 577 3419 proprio
595 3331 788 3396 charactere
797 3330 978 3421 personali
994 3329 1385 3419 tenacitas(th.XXVl.

213 3463 249 3505 n.
265 3437 344 3523 H.).
365 3438 481 3520 Quare
504 3438 535 3505 si
557 3430 722 3527 personae
739 3437 927 3508 distinctae
943 3440 1217 3524 considerentur,
1234 3439 1389 3530 Spiritus

214 3544 367 3613 Sanctus
382 3550 437 3613 est
453 3544 640 3633 exemplar,
660 3545 760 3614 cuius
776 3545 972 3614 characteri
986 3545 1162 3635 personali
1178 3544 1390 3613 sanctificati

214 3673 277 3742 per
300 3650 453 3739 gratiam
477 3650 677 3741 expressius
700 3650 944 3720 assimilantur
967 3673 1071 3742 quam
1102 3651 1299 3720 characteri
1323 3651 1388 3717 Pa·

213 3758 283 3826 tris
294 3764 331 3827 et
342 3759 461 3827 Verbi.
481 3759 602 3827 cDeus
618 3764 819 3828 sanctorum
835 3757 1017 3825 animabus
1032 3757 1195 3824 immittit
1214 3778 1297 3827 suae
1311 3779 1388 3846 pro·

213 3861 379 3952 prietatis
403 3863 503 3929 illam
520 3888 586 3953 per
609 3864 779 3952 Spiritum
797 3864 1136 3952 participationem»
1162 3854 1390 3934 τηςὶδιαςὶδιο·

214 3990 303 4040 tarot
319 3990 373 4032 την
390 3964 441 4032 δια
459 3990 624 4056 πνευματος
647 3964 768 4055 μεθεξιν
794 3968 922 4059 cyrill.
947 3967 1088 4057 Dialog.
1104 3967 1187 4036 VH.
1206 3990 1288 4059 pag.
1308 3967 1386 4035 644.

214 4075 311 4143 Haeo
334 4097 417 4144 vero
441 4075 518 4165 ipsa
541 4075 634 4145 ratic
657 4074 866 4165 exemplaris
894 4081 931 4144 ct
961 4073 1227 4143 assimilationis
1249 4075 1392 4165 praebet

213 4182 492 4267 fundamentum,
518 4189 559 4253 ut
582 4183 688 4251 etiam
711 4183 749 4250 in
772 4182 892 4251 ordine
916 4203 1040 4251 causac
1063 4180 1252 4250 efficientis
1276 4203 1392 4249 omnes

214 4289 363 4357 effectus
386 4291 524 4378 gratiae
547 4288 701 4379 Spiritui
726 4288 854 4359 Sancto
877 4288 1147 4379 appropriantur
1171 4289 1240 4375 (th.
1255 4287 1389 4374 ΧΠΙ.).

211 4422 235 4457 a
249 4393 304 4461 Ea
327 4415 414 4485 quae
435 4415 457 4461 a
479 4394 552 4463 Deo
574 4394 612 4462 in
628 4395 727 4464 nobis
743 4401 838 4479 sunt,
863 4387 1082 4465 reducuntur
1104 4395 1142 4463 in
1164 4394 1276 4463 Deum
1299 4393 1393 4463 siout
