3172 4950
748 327 786 342 -
807 292 868 355 380
887 324 925 341 .-

250 399 388 494 quando
402 398 534 468 Filium
549 398 674 469 dicunt
686 403 854 467 rationem
869 399 989 468 Petris
1004 400 1063 470 vel
1076 402 1245 469 rationem
1261 402 1295 472 in
1305 412 1386 479 mente

251 513 408 600 paterno,
425 511 467 575 nt
481 507 680 598 expressius
702 503 822 576 unitos
837 508 1009 577 esseutiae
1024 507 1244 598 declaretur3
1261 515 1386 603 quentis

251 614 342 684 ratio
365 621 407 684 ut
428 616 615 706 procedens
643 638 664 683 e
687 621 801 685 monte
832 617 950 708 sicque
973 639 995 684 e
1024 624 1141 687 mente
1165 618 1326 689 distincte
1340 644 1387 690 non

252 723 301 792 sit
322 721 439 806 aliud,
466 743 567 812 quam
591 721 765 812 sapientia
787 745 952 813 expressa
974 747 1036 795 seu
1064 726 1222 794 verbnm.

318 830 426 898 Porro
449 830 543 899 sicut
565 830 717 900 Verbum
740 831 792 900 ito
815 834 993 921 sapientia
1018 835 1142 920 penita
1165 839 1241 901 tum
1256 833 1292 902 in
1306 832 1387 925 Scrip

250 936 344 1005 turis
371 940 500 1026 (supro
521 961 555 1027 p.
571 936 647 1004 104.
664 941 783 1029 seqq.)
812 942 887 1006 tum
910 937 1196 1029 frequentissime
1217 962 1240 1007 ιι
1262 940 1389 1011 Patribus

177 1038 187 1063 ⁸
251 1050 429 1135 tamquam
451 1043 594 1133 proprie
616 1044 713 1113 notio
735 1044 823 1113 Filii
856 1045 1066 1131 exhibetur,
1101 1046 1164 1140 qui
1186 1055 1241 1117 cst
1268 1071 1290 1115 s
1316 1040 1389 1119 Pcht

251 1152 435 1222 aliusnon
458 1158 574 1221 temen
597 1152 709 1222 eliud.

319 1260 359 1330 Si
382 1260 497 1350 igitur
520 1260 702 1352 quaeritur
724 1262 767 1330 de
790 1260 888 1329 modo
911 1262 1142 1351 processionis
1165 1263 1254 1332 Filii
1270 1287 1291 1332 s
1305 1266 1402 1348 Putre.

250 1369 288 1440 in
310 1367 525 1437 revelatione
548 1368 626 1458 ipss
648 1368 849 1437 continetur
871 1368 1043 1454 doctrine,
1064 1369 1156 1460 quod
1173 1370 1278 1440 Peter
1292 1371 1390 1441 Filius

251 1478 371 1570 gignit
395 1477 679 1544 intellectualiter
702 1482 743 1546 ut
766 1500 868 1545 suurn
891 1477 1046 1546 Verbum
1068 1484 1106 1548 et
1128 1485 1171 1547 ut
1193 1481 1339 1570 genitum
1356 1500 1390 1547 te

206 1564 232 1612 ⁰
250 1585 431 1678 pientiam.
457 1584 532 1654 Hoc
554 1590 669 1653 cutem
693 1584 835 1676 perinde
858 1589 924 1670 est,
942 1606 983 1653 sc
1000 1584 1032 1653 si
1054 1585 1217 1654 dicetur:
1242 1584 1391 1657 Paterni

252 1693 393 1764 formali
415 1693 552 1763 rstione
573 1690 789 1779 intellectus,
814 1694 1046 1784 intelligendo
1071 1695 1238 1786 producit
1259 1696 1389 1779 Verbum,

253 1820 314 1869 seu
336 1797 530 1869 intellectio
545 1806 692 1891 paterne
713 1822 757 1867 ex
780 1821 845 1868 sus
863 1801 1056 1871 intrinsece
1078 1802 1278 1872 necessarie
1291 1802 1391 1871 ratim

252 1905 415 1998 producit
436 1906 589 1974 Verbum
615 1913 793 1998 tamquam
823 1929 924 1976 suum
951 1906 1140 1976 terminum
1170 1908 1390 1978 immanentem

253 2014 452 2084 Intellectio
476 2014 671 2085 formaliter
687 2021 729 2085 ut
743 2015 936 2106 producens
959 2016 1113 2085 Verbum
1128 2018 1166 2086 'et
1182 2016 1260 2087 ideo
1275 2014 1392 2087 relotiu

253 2121 298 2190 ed
318 2121 468 2190 Verbum
491 2122 678 2193 constituit
699 2124 851 2207 Patrem,
870 2145 931 2191 seu
954 2132 1010 2194 est
1034 2124 1186 2214 ipsomet
1199 2126 1314 2215 Peter,
1330 2123 1392 2195 unit

253 2236 308 2300 est
331 2229 519 2296 intellectio
535 2230 739 2313 notionclis,
755 2229 792 2297 h.
810 2253 841 2298 e.
860 2252 948 2322 quae
971 2233 1036 2300 sub
1052 2231 1118 2303 hac
1134 2233 1278 2303 formali
1292 2232 1393 2303 reticet

252 2337 478 2430 producentis
500 2338 654 2407 Verbum
677 2338 821 2429 propria
842 2346 897 2407 cst
912 2339 1043 2424 Patris,
1061 2349 1099 2411 et
1120 2364 1183 2432 per
1205 2364 1307 2433 quem
1318 2342 1392 2411 Pru

252 2448 352 2519 nobis
376 2449 558 2514 innotescit
581 2453 623 2515 ut
639 2469 785 2538 persons
809 2447 978 2516 distincte
1000 2454 1123 2539 (supro
1141 2474 1177 2541 p.
1192 2449 1294 2535 est).
1307 2449 1392 2541 Ipsu

252 2554 441 2648 producere
463 2576 525 2644 per
547 2553 821 2623 intellectionem
837 2577 880 2623 ex
897 2556 1015 2624 eadem
1038 2557 1175 2626 ratione
1190 2564 1246 2626 est
1260 2572 1391 2625 cctncno

254 2660 412 2741 tionclis,
427 2667 464 2730 et
486 2660 574 2729 solet
596 2660 768 2751 oppellsri
792 2659 900 2727 dictio
925 2661 972 2728 cd
994 2665 1113 2744 intrc,·
1136 2662 1250 2731 dicere
1271 2685 1344 2754 ergo
1355 2680 1391 2728 no

251 2768 383 2841 florele
406 2767 443 2837 in
466 2768 538 2836 Deo
560 2768 652 2836 nihil
668 2774 725 2837 est
746 2769 845 2838 aliud
861 2791 963 2860 quem
989 2771 1189 2863 intellipere
1218 2772 1314 2842 velut
1334 2764 1392 2839 rct't

253 2898 337 2945 vum
359 2875 404 2944 sd
427 2874 523 2944 intre
546 2873 581 2942 h.
601 2895 632 2942 o.
652 2873 898 2963 productivum
921 2876 1042 2945 Verbi.

319 2983 370 3052 11.
396 2982 602 3051 ‘transitum
619 2981 768 3052 fecimus
783 2984 828 3053 sd
845 2985 1097 3073 processionem
1111 2984 1391 3076 personeetertitt

254 3098 425 3186 quantum
448 3089 492 3158 cd
515 3088 609 3159 hunc
633 3089 747 3160 locum
769 3091 945 3181 pertinet,
972 3092 1033 3160 nbi
1056 3115 1166 3161 unum
1192 3084 1392 3165 tantumnob

253 3198 464 3294 quaerimus,
490 3203 609 3266 utrum
632 3197 718 3268 heeo
741 3199 915 3289 processio
938 3199 987 3268 sit
1012 3223 1072 3288 per
1099 3198 1390 3272 voluntatemne

254 3331 315 3400 per
331 3305 509 3375 formalem
527 3305 697 3375 rationem
714 3307 898 3376 volitionis
913 3329 974 3376 sen
990 3308 1194 3378 dilectionis
1210 3310 1274 3397 (l).
1290 3308 1348 3377 Hic
1358 3302 1393 3373 dr

255 3413 461 3485 monstratio
483 3412 586 3504 peulo
609 3414 785 3484 difficilior
808 3422 862 3485 est
879 3438 939 3506 per
962 3415 1205 3486 deductionem
1220 3440 1263 3486 ex
1278 3413 1392 3486 testim

254 3526 325 3595 niis
348 3523 463 3594 minus
486 3522 648 3608 disertis,
678 3523 766 3591 unde
792 3522 905 3616 aliqui
931 3523 1087 3614 theologi
1118 3547 1188 3593 non
1220 3525 1393 3617 reperient!

255 3633 429 3725 Spiritum
439 3632 605 3701 Sanctum
617 3632 655 3701 in
665 3630 861 3720 Scripturis
872 3631 1068 3701 exhibitum
1081 3638 1261 3726 temqusm
1273 3640 1392 3703 cncrttt

255 3742 347 3813 sicut
357 3741 474 3811 Filius
485 3740 669 3810 exhibetur
687 3747 727 3810 ut
738 3741 903 3826 Verbum,
923 3746 1051 3830 putant
1066 3749 1311 3830 argumentum
1325 3730 1394 3808 bill

256 3873 333 3923 cum
345 3853 389 3921 cd
402 3851 467 3922 hoc
478 3851 659 3942 restringi,
675 3858 717 3920 ut
727 3873 769 3921 ex
782 3849 999 3940 processione
1012 3848 1120 3919 Verbi
1137 3872 1200 3940 per
1214 3848 1396 3921 intellectu!

306 4046 349 4123 (1)
369 4051 469 4118 nont·
481 4055 625 4107 ostensum
644 4056 706 4119 ιιι,
728 4050 804 4121 qnod
822 4051 952 4120 speretis
964 4052 1017 4105 Del
1031 4052 1072 4105 sit
1084 4052 1150 4120 ipss
1167 4052 1231 4106 elus
1250 4044 1399 4114 muoso

253 4143 381 4196 essentie
393 4145 435 4198 eit
447 4144 509 4198 elus
523 4146 660 4199 voluntte
673 4141 865 4216 (ct'l'rsctde
876 4136 956 4215 Deo),
970 4143 1103 4211 sequitur
1115 4142 1193 4212 qnod
1206 4144 1237 4197 in
1248 4144 1304 4197 neo
1314 4154 1363 4195 ron
1371 4134 1401 4191 ιι

253 4232 389 4289 voluntte
403 4234 555 4289 secundum
569 4235 728 4303 potentium
739 4235 786 4287 vel
797 4234 927 4287 habitum
938 4232 987 4287 scd
1001 4232 1155 4287 secundum
1168 4239 1272 4288 ectum.
1281 4233 1402 4288 Oscum

254 4326 299 4377 est
317 4327 421 4388 cutem,
443 4323 519 4392 qnod
537 4326 629 4378 omnis
649 4330 729 4380 ectus
748 4323 911 4379 voluntetle
929 4323 962 4376 in
974 4336 1067 4376 amore
1081 4321 1257 4378 radicetur·
1272 4326 1323 4376 ete.
1338 4312 1403 4373 stt

255 4415 347 4468 ιοιιιι.
361 4416 440 4479 gent.
453 4414 504 4469 tv.
515 4429 539 4468 c
553 4413 597 4468 lt.
