3172 4950
453 358 456 363 '
552 381 590 394 -
612 348 652 409 89
673 379 711 394 -

51 455 96 522 rol
116 453 334 524 obscuritate
356 452 395 522 iu
418 452 534 523 eodem
556 458 724 523 contextu
746 474 846 543 posse
867 452 997 522 nomen'
1010 453 1076 522 Dei
1100 454 1211 545 accipi

50 585 127 630 nuno
149 560 314 630 absolute
336 583 401 652 pro
422 561 506 646 Deo,
533 561 594 655 qui
617 567 671 632 est
693 583 783 630 unus
798 567 835 630 et
850 561 985 646 trinus,
1011 585 1104 631 nuno
1133 585 1211 632 oum

52 669 269 738 determinata
292 669 528 763 suppositione
551 693 615 761 pro
637 691 709 738 una
731 667 1018 762 persona;'neque
1041 669 1132 738 enim
1145 669 1211 739 hao

53 776 210 846 renotata
234 775 452 867 signifiostio
474 776 626 846 nominis
649 783 818 863 mutatur,
838 798 925 869 quae
941 799 1074 868 semper
1097 784 1213 846 manet

53 883 180 969 odem,
206 891 358 954 naturae
380 884 517 955 soilioet
539 885 680 956 divinae
709 886 930 976 per'modum
962 884 1209 973 subsistentis3

55 991 100 1061 sed
120 991 233 1060 solum
258 991 302 1061 fit
322 992 497 1062 transitus
529 994 573 1061 ab
604 994 876 1065 indeterminata
902 993 1138 1084 suppositione
1168 995 1212 1062 ad

56 1098 309 1188 suppositionem
333 1097 563 1185 distinctam,
590 1122 678 1192 quae
701 1123 763 1191 per
778 1099 933 1169 additam
951 1099 1120 1169 rationem
1137 1122 1212 1191 per-

58 1207 189 1276 sonalem
211 1206 308 1277 olere
330 1209 552 1300 exprimitur.
566 1210 623 1278 Ita
635 1209 740 1279 etiam
757 1210 794 1278 in
811 1208 938 1278 orestis
953 1231 1052 1278 nemo
1068 1208 1211 1293 dixerit,

59 1313 127 1383 hono
149 1315 343 1384 orationem
367 1339 442 1387 esse
464 1319 668 1387 obscurem:
694 1315 795 1385 homo
818 1317 957 1406 indiget
978 1317 1098 1407 gratie
1114 1317 1158 1387 ad
1174 1318 1213 1386 fi-

61 1421 100 1490 lei
118 1423 381 1510 confessionem,
406 1448 489 1516 orgo
514 1424 614 1494 homo
637 1424 818 1494 oonfitens:
846 1430 887 1494 tu
909 1447 946 1493 es
969 1422 1132 1494 Christus
1154 1425 1212 1494 Fi-

62 1526 112 1597 lius
129 1529 196 1599 Dei
218 1530 321 1616 vivi,
347 1533 466 1622 gratia
482 1533 687 1603 illustratus
702 1538 739 1603 et
754 1533 972 1603 eonfortetus
988 1538 1076 1620 erat;
1096 1554 1212 1625 quam-

63 1636 101 1703 vis
117 1659 239 1706 nomen
264 1639 359 1706 tomo
382 1662 404 1708 a
426 1641 662 1733 suppositione
685 1642 831 1710 confusa
854 1644 1014 1709 transeat
1028 1640 1072 1709 ad
1089 1665 1212 1733 suppo-

63 1744 197 1814 sitionem
220 1744 486 1818 determinatam
508 1772 572 1841 pro
594 1749 710 1819 Petro.
731 1750 867 1833 Quibus
891 1749 1017 1840 positis
1040 1757 1149 1840 petet,
1176 1750 1212 1817 in

65 1856 152 1941 priori
174 1858 288 1928 inciso
310 1879 348 1926 r.
362 1856 406 1925 9:
435 1856 702 1927 «testimonium
724 1856 791 1926 Dei
813 1856 927 1924 maius
957 1864 1066 1944 eat,e
1092 1880 1214 1926 nomen

64 1963 130 2032 lieo·
151 1967 244 2036 sumi
261 1966 442 2050 absolute,
466 1966 705 2035 testimonium
721 1965 858 2036 seilicet
874 1965 939 2034 Dei
954 1966 1087 2052 Putris,
1106 1964 1215 2036 Verbi

64 2077 88 2137 ot
104 2072 253 2163 Spiritus
276 2073 427 2158 Sancti,
452 2073 513 2164 qui
536 2079 609 2142 tres
633 2096 741 2143 unum
764 2079 873 2161 sunt,
900 2073 937 2142 in
961 2073 1073 2144 inoiso
1096 2083 1213 2145 eutem

11 2208 13 2225 ι
66 2178 164 2250 altero:
193 2212 210 2247 ι
226 2183 389 2274 quoniam
411 2182 623 2252 testificatus
644 2188 698 2251 est
714 2181 754 2249 ds
769 2182 865 2250 Filio
887 2206 961 2267 suo,
984 2210 1000 2245 n
1019 2183 1211 2253 subiectum

64 2285 131 2355 lless
154 2311 347 2381 supponere
370 2311 433 2381 pro
456 2291 531 2360 sola
552 2312 701 2381 persona
724 2290 853 2360 Patris.

10 2436 12 2451 ·
110 2396 159 2465 Ex
184 2398 242 2467 bis
264 2403 404 2467 eonstat
427 2397 469 2467 1·.
489 2397 628 2490 quidem
644 2397 788 2484 direote,
814 2420 957 2488 prorsus
981 2421 1087 2467 unum
1110 2398 1215 2468 idem·

63 2524 110 2591 que
142 2526 216 2574 esse
254 2504 493 2574 testimouium
527 2529 588 2576 seu
623 2506 767 2576 eundem
801 2510 918 2575 uotum
951 2506 1213 2576 testificationis

64 2612 112 2695 (ms
120 2612 311 2706 paptspsas),
338 2614 413 2684 sive
436 2613 576 2684 dicatur
592 2614 723 2701 Patris,
742 2613 826 2684 sive·
840 2612 940 2698 Filii,
958 2612 1034 2683 sive
1058 2613 1214 2705 Spiritus

60 2716 183 2808 Sancti,
209 2721 286 2792 sive
308 2720 414 2790 simul
436 2721 575 2808 Patris,
593 2722 680 2791 Filii
703 2728 739 2792 et
754 2720 909 2811 Spiritus
926 2719 1060 2808 Sanoti;
1079 2743 1119 2789 ae
1137 2744 1213 2811 pro-

59 2823 121 2896 inde
142 2835 259 2898 sotum
283 2828 328 2898 ad
351 2835 453 2898 extra
474 2852 549 2899 esse
572 2852 680 2899 uuum
703 2835 740 2898 et
762 2826 908 2897 realiter
925 2849 1135 2898 communem
1150 2829 1214 2897 tri·

59 2933 107 3004 bus
126 2937 295 3027 personis,
323 2938 406 3031 quia
428 2961 496 3006 non
522 2943 647 3028 agunt,
674 2941 848 3029 quatenus
871 2957 1035 3026 personae
1058 2944 1142 3006 suut
1164 2936 1215 3006 di-

58 3043 189 3114 stinotee
213 3068 275 3136 per
298 3044 501 3114 relationem
519 3046 743 3131 adinvicem,
761 3044 821 3114 sed
839 3052 1011 3138 quatenus
1027 3053 1110 3115 sunt
1125 3069 1216 3116 unus

55 3148 144 3222 Dens.
169 3153 213 3222 S.
241 3153 414 3236 Quoniam
437 3159 539 3223 sotus
573 3176 633 3224 seu
659 3154 813 3245 operatio
835 3154 874 3223 in
896 3154 969 3223 Deo
993 3161 1047 3224 est
1068 3155 1217 3246 ipsemet

54 3267 167 3330 ustura
181 3261 307 3331 divina
323 3286 399 3332 oum
416 3263 658 3332 connotatione
674 3263 817 3332 termini
842 3262 888 3329 ad
911 3278 1038 3347 extro,-
1060 3264 1125 3334 hoo
1142 3264 1218 3355 ipso

50 3388 101 3455 per
122 3368 296 3438 unitatem
318 3367 524 3455 testimonii,
551 3368 642 3462 quod
665 3392 810 3460 prorsus
834 3392 942 3439 unum
967 3369 1125 3463 idemque
1149 3376 1213 3458 est,

50 3476 114 3545 sive
136 3477 282 3547 dioatur
304 3477 411 3546 unius
433 3477 510 3548 sive
541 3476 689 3547 alterius
721 3477 796 3546 sive
826 3477 934 3546 trium
969 3486 1215 3568 personarum,

48 3586 323 3655 manifestissime
347 3586 448 3657 velut
471 3610 672 3679 consequens
694 3586 905 3678 exprimitur
929 3587 1047 3656 unitus
1071 3591 1217 3655 naturae

47 3692 215 3762 intribus
238 3693 407 3784 personis.
434 3690 477 3762 δ’.
503 3692 625 3763 Obiter
655 3694 915 3762 animadvertes
946 3692 1094 3778 iterum,
1126 3691 1216 3784 quod

48 3799 193 3870 diximus
225 3799 263 3868 iu
293 3801 386 3869 thesi
417 3801 650 3891 praesedenti,
677 3807 875 3872 contextum
906 3802 967 3871 vix
991 3807 1054 3871 eut
1083 3823 1126 3869 ne
1155 3801 1216 3871 vix

46 3910 174 4000 quidem
197 3909 267 3977 sibi
296 3907 511 3996 consistere,
539 3909 571 3979 si
593 3909 687 3980 desit
710 3931 840 3980 oomma
864 3910 918 3978 7¹⁰¹
942 3908 984 3978 de
1016 3908 1216 3979 testimonio

46 4018 146 4087 trium
170 4019 209 4086 in
233 4017 340 4086 ooelo.
450 4061 454 4069 -
1066 4004 1069 4009 ¹
1254 4087 1256 4092 .

105 4125 290 4196 Coronidis
312 4124 388 4194 looo
411 4131 642 4217 opportunum
666 4125 809 4195 videtur
827 4124 939 4195 oeulis
963 4123 1134 4193 subiicere
1158 4146 1216 4215 pa·

47 4235 268 4306 rollolismum
292 4233 400 4303 buius
423 4233 491 4304 looi
513 4257 606 4304 nune
637 4232 804 4326 explicati
840 4234 873 4303 1.
896 4233 947 4303 Io.
967 4232 1011 4303 V.
1035 4232 1116 4300 5-13
1139 4255 1216 4300 oum

48 4346 193 4415 textibus
216 4344 268 4412 Io.
289 4341 319 4410 Ι.
338 4341 430 4429 1·18;
445 4341 490 4412 X.
505 4342 610 4410 25-38
627 4343 664 4411 in
681 4341 776 4412 thesi
798 4341 1084 4412 undenarius:
