3172 4950
704 330 743 345 ..
764 298 826 359 420
846 330 886 347 ..

206 406 250 475 de
262 403 362 475 Irin.
376 403 403 472 l.
418 404 462 473 V.
481 426 512 473 c.
527 403 560 471 7.
571 428 607 471 ιι.
618 403 694 491 4.5;
712 404 837 474 Didae.
854 404 945 473 auis
956 402 1127 493 dispIV.
1137 406 1224 491 sect.
1234 402 1280 489 1).
1291 400 1353 471 Gon

208 513 325 583 verbis
346 511 489 581 Psalmi:
510 535 580 581 sex
597 516 698 580 utero
713 520 795 581 ante
817 512 1006 581 luciferum
1028 510 1139 602 genui
1160 516 1197 579 ts
1210 536 1242 595 a,
1264 506 1351 600 parsl-

207 620 277 691 lela
291 628 346 690 est
361 620 552 690 declaratio
563 619 720 688 Ioannis:
738 618 1095 709 crsnipmisusl'its‘as‚
1110 619 1176 709 qai
1186 631 1236 685 sss
1249 619 1285 683 ia
1295 619 1349 684 sisa

209 728 331 797 Patris
347 758 362 791 ιι
382 728 567 817 ὁμονογενης
583 728 642 801 ὑιες
663 728 677 791 i
699 732 737 793 nis
751 730 791 817 ρις
807 754 856 795 τον
873 728 987 795 aslues
1003 752 1056 793 του
1073 749 1186 813 πατρος
1201 725 1252 794 Ιο.
1270 722 1296 791 Ι.
1308 722 1345 792 ld.

208 838 269 925 (ci.
289 859 397 928 supra
414 863 447 928 p.
463 838 541 905 222.
554 838 646 923 223).
672 839 810 909 Pariter
833 838 928 908 siout
953 866 970 901 u
982 836 1020 905 in
1035 833 1214 927 principio
1227 830 1346 903 Vastus

206 954 285 1016 erat
307 945 399 1037 apud
422 946 533 1015 Deum
559 976 590 1031 n,
621 947 674 1015 ita
697 947 880 1038 Sapientia
901 944 1130 1037 hypostatica
1152 944 1197 1011 ab
1218 964 1257 1011 eo
1276 938 1345 1011 onies

208 1060 263 1123 est
278 1055 458 1145 Sapientia
473 1077 649 1145 expressa,
669 1056 802 1139 dicitur
817 1057 861 1125 ab
876 1062 1017 1125 aeterno
1034 1053 1231 1145 parturiri,
1241 1068 1345 1141 peaes

210 1164 301 1228 tione
312 1160 497 1252 possideri,
514 1177 672 1251 concepto
697 1186 775 1245 csse,
788 1166 1025 1253 primogenita
1048 1174 1132 1228 onte
1151 1162 1345 1226 omnsm'cm·

105 1288 110 1295 ·
210 1284 322 1336 aram
348 1277 414 1339 aa.
443 1270 549 1339 nov.
576 1269 1033 1362 V111.22.sq.;scelessi.
1062 1266 1198 1337 xxiv.
1227 1268 1260 1335 5·
1281 1260 1345 1351 (aa

208 1378 299 1449 thes.
318 1380 417 1465 VII).

274 1487 324 1556 II.
350 1488 594 1579 Supponimus,
613 1487 704 1581 quod
728 1487 816 1556 alibi
838 1488 1117 1557 demonstratum
1135 1492 1192 1555 est
1206 1484 1247 1553 da
1260 1484 1346 1551 nostr·

209 1597 307 1666 modo
334 1596 563 1686 cognoscendi
593 1596 726 1665 divina.
753 1595 991 1665 Perfectiones
1025 1593 1063 1661 in
1096 1591 1269 1663 creaturis
1290 1588 1348 1657 sunl

209 1704 491 1795 adumbrationes
512 1712 549 1774 et
571 1704 742 1796 imagines
765 1703 1018 1795 perfectionum
1041 1702 1255 1771 divinarum.
1279 1692 1348 1765 linis

210 1838 287 1885 cum
310 1836 373 1881 nos
395 1814 433 1882 in
456 1813 522 1883 hac
546 1814 622 1882 vita
645 1813 756 1881 Deum
778 1835 846 1881 non
870 1810 1068 1881 immediate
1098 1809 1137 1877 in
1168 1831 1206 1879 se
1232 1808 1298 1899 ipso
1314 1818 1357 1873 ce·

210 1943 429 2011 gnoscamus,
455 1920 530 1989 sola
553 1920 651 1987 nobis
675 1918 735 1987 via
758 1925 857 2009 patet
885 1917 929 1987 ad
961 1917 1196 2008 cognitionem
1219 1914 1280 1989 Dei
1296 1924 1349 1983 bos·

210 2029 380 2098 eludendo
402 2028 425 2097 a'
447 2027 689 2118 magnitudine
713 2028 840 2119 speciei
863 2035 900 2098 et
921 2033 1105 2099 creaturae
1127 2027 1174 2097 ad
1197 2014 1349 2095 creatores

211 2137 244 2199 ἐκ
261 2157 320 2227 γαρ
336 2137 484 2224 μεγεθους
505 2134 654 2208 subleva<
671 2132 841 2221 κτισματών
864 2133 1018 2224 &aloyae
1035 2133 1050 2198 i
1065 2154 1269 2225 ysvecsovpycc
1281 2130 1349 2195 drus·

208 2243 365 2333 θεωρειιαι
383 2243 465 2333 Sap.
484 2243 588 2312 XIII.
605 2246 639 2312 5.
656 2244 799 2335 Absque
810 2242 1028 2334 praehabitis
1039 2240 1244 2311 notionibus
1253 2236 1349 2331 perist-

208 2352 355 2438 tionum,
382 2374 469 2443 quas
492 2352 651 2422 notiones
673 2376 716 2422 ex
739 2352 1015 2422 consideratione
1031 2358 1272 2421 creaturarum
1288 2344 1348 2413 bas·

210 2460 340 2544 rimus,
365 2460 460 2529 Deus
483 2462 583 2531 nobis
605 2465 761 2530 manaret
792 2462 958 2551 ignotus,
982 2481 1047 2529 neo
1068 2448 1349 2529 revelationne

210 2566 293 2651 Deo,
319 2566 453 2637 divinis
480 2567 665 2636 attributis
680 2619 689 2653 ,
703 2589 754 2637 ac
785 2566 942 2658 personis
972 2566 1155 2636 ullatenus
1184 2561 1349 2651 {subigus

212 2697 400 2765 possemus.
427 2676 580 2766 (Inoquor
603 2676 644 2745 de
668 2676 728 2746 via
752 2676 929 2745 ordinaria
951 2676 990 2743 in
1013 2675 1193 2766 praesenti
1208 2668 1351 2741 ordineet

209 2784 480 2874 praescindendo
498 2786 541 2851 ab
557 2783 732 2853 infusione
750 2784 997 2852 intellectualis
1013 2782 1161 2851 luminis
1175 2772 1351 2873 prophetici

123 2922 128 2932 ·
210 2893 300 2983 quod
323 2899 377 2961 est
406 2892 631 2983 participatio
662 2891 783 2987 aliqua
805 2900 841 2963 et
863 2891 1014 2961 imitatio
1046 2888 1193 2959 luminis
1224 2882 1352 2977 glorias).

209 3000 312 3079 Hinc¹
325 2998 447 3069 divina
469 2999 640 3068 revelatio
663 2999 843 3069 descendit
873 2999 917 3067 ad
949 3020 1012 3067 nos
1034 2995 1226 3067 secundum
1248 2990 1355 3063 modus

209 3113 379 3192 nostrum,
406 3114 447 3175 ut
468 3130 509 3176 ex
533 3107 706 3197 Dionysio
722 3108 758 3176 S.
776 3108 844 3175 Th.
861 3112 897 3175 et
913 3105 1042 3197 reliqui
1060 3102 1272 3174 Scholastici
1284 3092 1356 3189 loqui

210 3208 341 3301 solent;
368 3216 403 3282 h.
423 3236 453 3282 e.
471 3213 642 3283 revelatio
665 3215 833 3305 supponit
847 3214 884 3281 in
900 3212 1001 3281 nobis
1024 3210 1241 3301 multiplices
1254 3207 1357 3301 pariae

210 3320 344 3389 tionum
369 3321 477 3406 ideas,
503 3327 608 3412 atque
631 3344 709 3389 cum
734 3320 789 3389 his
811 3320 987 3389 connectit
1009 3326 1046 3388 et
1067 3342 1111 3389 ex
1135 3318 1195 3387 bis
1216 3308 1358 3405 intelligi·

211 3428 314 3497 bilem
337 3428 436 3496 nobis
470 3428 588 3498 reddit
618 3429 813 3498 doctrinam
844 3428 1024 3498 coelestem
1047 3426 1089 3495 de
1112 3426 1186 3497 Deo
1218 3424 1360 3515 abusque

146 3610 153 3621 ,
210 3537 354 3608 divinis.
381 3538 492 3626 (Vide
516 3537 607 3607 thes.
631 3538 731 3607 XIX.
758 3546 794 3607 et
817 3538 937 3608 Traot.
957 3537 999 3606 de
1021 3535 1122 3623 Deo).
1149 3532 1360 3608 Perfectus

134 3672 145 3695 ·
211 3647 330 3738 itaque
353 3668 441 3738 quas
464 3646 650 3716 secundum
678 3646 877 3737 analogiam
908 3652 1152 3717 creaturarum
1174 3644 1213 3713 in
1235 3644 1301 3713 Deo
1318 3632 1361 3707 πὶ

211 3868 344 3921 hebraica
358 3870 433 3923 vertl
445 3874 574 3937 possunt:
592 3888 605 3915 a
615 3868 737 3936 populus
747 3874 814 3921 tuus
825 3872 983 3935 spontanea
993 3866 1102 3922 oblatio
1117 3866 1167 3942 (ci.
1178 3868 1258 3923 Iton.
1266 3854 1363 3933 nli)

211 3959 241 4009 in
258 3957 304 4010 die
318 3958 438 4011 virtutis
452 3961 516 4011 tuse
536 3956 662 4031 (qnando
682 3958 793 4011 scilicet
812 3958 980 4011 manifestas
1001 3962 1030 4011 et
1052 3955 1232 4011 demonstras
1248 3956 1363 4009 virtuts!

210 4054 287 4100 tuam
307 4049 336 4099 in
358 4046 551 4115 redemptione
572 4051 601 4101 at
619 4048 794 4101 subiectione
814 4049 937 4101 omnium
957 4043 1107 4119 gentium);
1131 4048 1164 4101 ln
1186 4040 1364 4117 splendorlbu

157 4168 161 4173 -
212 4138 319 4191 sanctis
338 4154 371 4190 ex
393 4142 473 4191 utare
493 4138 635 4191 matutlno
655 4139 708 4191 tibi
729 4154 774 4191 ros
795 4140 1060 4192 nstivltatistnas.
1075 4160 1087 4177 ·
1107 4138 1239 4193 Alterum
1250 4137 1298 4191 boe
1308 4128 1365 4186 lid·

211 4243 271 4281 surn
285 4230 440 4282 enuntIans
454 4230 664 4294 generationem
683 4234 827 4283 aeternam
842 4230 972 4282 continet
990 4230 1132 4284 rationem
1149 4228 1294 4289 victoriae,
1307 4234 1365 4293 qu·

211 4317 384 4371 describitur
401 4319 432 4369 in
451 4319 541 4372 lnclso
561 4320 661 4386 priori,
682 4318 777 4374 eodem
796 4319 877 4372 modo
896 4324 930 4373 nt
946 4318 1162 4372 Acamanta
1178 4315 1365 4383 generatione

211 4412 294 4459 torus
312 4407 441 4461 continet
459 4408 597 4462 rationem
618 4408 838 4463 resurrectionis
857 4406 967 4463 Ohrlstl
985 4406 1059 4461 Ililss
1076 4406 1141 4459 Dal.
