3172 4950
543 333 581 347 ·-·
606 302 660 362 131
684 334 721 349 -

61 415 135 479 ria·
153 411 310 480 sonem
337 407 406 477 His
427 413 545 479 sutem
567 406 765 477 nominibus
789 407 987 477 formaliter
1015 408 1216 499 significan·
1241 479 1245 485 ,

61 527 108 590 tur
127 518 274 585 relativa
297 515 345 585 ad
368 519 510 585 inuicem
521 565 532 598 ‚
557 538 625 583 uon
648 520 765 584 autern
787 515 960 584 absolute.
979 515 1159 608 Quidquid
1174 516 1217 586 ds

60 630 117 698 Deo
136 625 267 696 dicitur
283 631 424 715 praeter
439 623 528 692 hano
547 623 727 692 formalem
742 623 912 694 rationem
928 622 1157 692 relativorum
1170 623 1216 694 ad

60 734 213 817 moisem,
240 732 377 817 deitas,
402 731 576 817 essentia,
602 737 752 816 nature,
778 730 948 822 perfectio
972 731 1133 800 absoluta
1146 738 1213 801 etc.

59 843 207 912 iduunm
230 862 375 931 prorsus
406 845 461 909 est
493 839 628 909 nnllam
662 840 853 909 admittens
887 838 1214 929 multiplicationem

57 951 212 1021 reslemvc
235 949 506 1019 distinctionem.
524 948 643 1039 Igitur
658 949 775 1033 Peter,
789 947 918 1032 Filius,
939 947 1093 1039 Spiritus
1110 947 1215 1016 Sanc-

57 1066 112 1143 tus,
137 1062 312 1150 quatenus
334 1060 419 1126 sunt
439 1057 546 1143 Deus,
577 1077 683 1124 unum
706 1077 850 1146 prorsus
874 1061 968 1141 sunt,
987 1076 1058 1123 una
1081 1077 1215 1123 summa

57 1189 108 1251 res,
132 1188 225 1235 uuus
248 1164 355 1251 Dens;
380 1167 552 1256 quatenus
575 1185 659 1233 vcro
681 1163 726 1234 ad
749 1164 899 1236 invicem
921 1162 1136 1247 referuntur,
1150 1163 1216 1232 Pa·

57 1281 98 1345 ter
118 1272 317 1344 formaliter
338 1277 381 1343 ut
402 1272 508 1342 Pater
529 1271 643 1357 Filii,
668 1270 785 1339 Filius
814 1271 1011 1341 formaliter
1033 1276 1075 1339 nt
1096 1270 1215 1342 Filius

56 1383 182 1469 Petris,
208 1381 367 1472 Spiritus
390 1382 540 1452 Sanctus
563 1380 760 1451 formaliter
777 1384 817 1449 ut
832 1381 990 1471 spiratus
1014 1402 1075 1449 seu
1098 1402 1213 1472 proce·

56 1489 489 1576 ussermannus,
515 1496 599 1559 sunt
622 1490 715 1558 alius
738 1496 775 1559 et
798 1489 913 1576 alius,
940 1495 1014 1559 tres
1038 1489 1213 1575 distincti,

57 1601 144 1669 mins
175 1607 294 1670 tamen
323 1597 517 1690 singularis
544 1598 715 1670 essentiae
749 1620 810 1667 seu
841 1603 1001 1667 naturas.
1020 1597 1213 1667 Distinctio

57 1729 122 1797 ergo
143 1707 257 1778 trium
280 1712 419 1777 constat
441 1706 543 1776 unice
566 1705 698 1776 mutuis
721 1705 953 1775 relationibus
976 1727 1045 1773 non
1069 1727 1151 1774 vero
1174 1705 1212 1775 iu

57 1823 167 1887 natura
188 1820 255 1884 eut
277 1813 489 1905 perfectione
513 1812 633 1905 aliqua
657 1813 830 1883 absoluta.
845 1814 937 1884 Hinc
961 1835 1037 1883 cum
1062 1812 1213 1883 invicem

57 1923 201 1995 distincti
224 1923 393 1993 habentes
415 1922 557 1992 eandem
580 1928 744 1990 naturam
760 1921 833 1990 siut
848 1922 1079 2014 dicanturque
1097 1944 1211 2012 perso·

58 2053 105 2104 res
126 2032 203 2103 sive
226 2031 447 2123 hypostases,
472 2052 638 2124 personae
661 2030 802 2101 divinae
818 2031 1072 2121 intelliguntur
1088 2030 1215 2100 cousti-

58 2140 96 2211 ui
116 2139 360 2211 relationibus.
373 2140 486 2232 Atqui
508 2144 584 2209 tota
606 2138 691 2207 haec
725 2139 886 2209 doctrine
916 2139 958 2208 dc
988 2137 1215 2209 distinetione

58 2270 285 2338 pressorum,
311 2270 400 2341 quae
422 2248 471 2318 sit
494 2247 595 2318 unice
618 2269 680 2338 per
703 2246 892 2316 relationes
907 2253 1049 2317 mutuas
1064 2252 1101 2316 et
1114 2247 1213 2316 nullo

57 2357 136 2427 nodo
158 2380 222 2448 per
243 2362 408 2426 naturam
430 2376 535 2424 unam
558 2355 673 2425 tribus
696 2355 844 2426 realiter
875 2378 1116 2441 communem,
1145 2378 1213 2425 non

57 2465 151 2535 solum
172 2464 339 2536 enuntiat
360 2464 591 2536 disertissime
623 2464 793 2533 unitatem
823 2464 1036 2534 numericam
1066 2469 1214 2533 naturae

57 2571 180 2652 divinae
202 2574 241 2642 in
263 2573 380 2642 tribus
402 2571 604 2656 distinctis,
631 2596 677 2638 aa
701 2575 749 2638 sit
760 2597 774 2653 ;
805 2572 865 2641 sed
897 2572 1003 2640 etiam
1033 2569 1212 2661 explicat,

57 2679 202 2772 qmnodo
225 2683 297 2764 sit,
322 2686 491 2774 quantum
516 2680 652 2750 sedicet
667 2680 832 2771 mysterii
853 2680 947 2750 ratio
970 2680 1008 2748 iu
1032 2680 1137 2749 verbo
1149 2677 1215 2749 Dei

57 2786 213 2879 implicite
234 2789 279 2857 ab
302 2787 499 2858 hominibus
522 2787 693 2878 explicari
716 2794 846 2878 potest.

108 2896 346 2986 Interroganti
368 2895 688 2986 pneumatomacho:
717 2896 832 2988 aquid
856 2896 970 2987 igitur
985 2896 1082 2966 deest
1105 2895 1214 2987 Spiri-

59 3005 100 3074 tn·
117 3005 161 3075 cd
183 3004 272 3090 hoc,
297 3009 340 3074 ut
362 3004 412 3074 sit
424 3004 571 3074 Filius?
586 3004 656 3073 nisi
673 3005 765 3073 enim
780 3004 917 3097 aliquid
934 3005 1080 3090 deesset,
1098 3003 1214 3074 Filius

58 3121 133 3185 esset
148 3142 188 3201 a,
214 3113 401 3205 respondet
423 3113 617 3203 Gregorius
639 3113 743 3183 Neu:
772 3136 876 3181 anon
905 3111 1053 3183 dicimus
1076 3112 1212 3205 aliquid

58 3221 196 3308 deficere,
214 3244 326 3314 neque
346 3220 440 3290 enim
460 3220 556 3290 Deus
579 3221 616 3289 in
639 3219 757 3313 aliquo
781 3220 945 3291 deficiens
968 3226 1044 3307 est,
1063 3219 1123 3290 sed
1145 3221 1213 3290 dif·

58 3333 191 3403 ferentis
221 3329 450 3402 eradiationis
477 3324 550 3416 (roo
574 3325 773 3421 ἑκφανσεως),
793 3335 834 3399 ut
849 3329 901 3398 ita
915 3329 1051 3422 loquar,
1069 3329 1145 3399 sive
1160 3351 1213 3398 rs-

56 3438 184 3510 lstionis
206 3440 251 3509 ad
273 3439 424 3510 invicem
446 3439 589 3509 diversa
611 3461 746 3532 quoque
760 3439 900 3507 nomina
915 3439 966 3508 eis
982 3439 1079 3510 fecit.
1094 3439 1215 3530 Neque

55 3549 131 3618 enim
151 3547 249 3618 Filio
270 3547 407 3639 aliquid
429 3546 527 3645 deest
556 3547 601 3616 ad
624 3546 712 3633 hoc,
738 3554 780 3617 ut
803 3548 851 3618 sit
874 3549 1004 3635 Pater;
1030 3570 1097 3616 non
1121 3547 1212 3616 enim

55 3656 199 3728 defectus
220 3662 276 3726 est
293 3656 445 3740 filiatio,
469 3678 532 3726 nec
556 3660 739 3747 propterea
761 3660 877 3724 temen
899 3658 1004 3725 Pater
1028 3661 1101 3743 est;
1127 3653 1211 3723 alio·

54 3765 125 3857 quin
145 3766 265 3836 adem
288 3766 425 3835 ratione
446 3766 553 3835 etiam
575 3767 677 3836 Patri
698 3765 834 3858 aliquid
858 3766 970 3835 deerit
992 3765 1037 3834 ad
1061 3765 1147 3848 hoc,
1174 3770 1216 3834 ut

52 3873 94 3943 sit
112 3875 250 3964 Filius3
274 3896 387 3968 neque
409 3874 501 3944 euim
522 3875 629 3944 Pater
650 3873 768 3943 Filius
791 3879 857 3943 est:
875 3872 936 3943 sed
951 3874 1106 3963 profecto
1130 3872 1215 3942 haec

51 3981 137 4052 nullo
158 3982 260 4053 modo
283 3982 456 4053 defectum
478 3980 638 4051 indicant
661 3980 719 4051 vel
742 3980 1004 4051 submissionem
1027 3981 1215 4051 secundum

49 4091 238 4162 maneam.
254 4091 352 4160 Haec
369 4112 452 4160 vero
468 4090 546 4180 ipsa
560 4113 629 4155 non
645 4112 712 4156 esse
732 4090 901 4178 penitam,
919 4094 956 4158 et
980 4112 1047 4156 esse
1060 4092 1215 4178 penitam

47 4205 77 4268 et
91 4199 272 4291 procedere
299 4198 489 4289 designant
511 4196 620 4266 alium
643 4198 795 4283 Patrem,
814 4196 924 4264 alium
946 4196 1090 4283 Filium,
1105 4197 1215 4265 alium

45 4310 174 4379 nomine
196 4308 356 4400 Spiritus
379 4307 502 4378 Sancti
524 4305 757 4398 appellatum,
778 4311 819 4375 ut
842 4311 1002 4375 servetur
1026 4306 1209 4375 inconfusa

45 4415 219 4488 distinctio
241 4414 353 4487 trium
372 4406 611 4506 hypostaseon
642 4413 679 4481 iu
709 4435 780 4482 una
809 4418 1003 4483 naturast
1033 4412 1208 4502 dignitate

1055 4540 1073 4574 θ
