3172 4950
732 334 771 352 ..
792 303 833 366 80
853 336 892 354 ..

224 409 337 503 prima
352 415 388 480 et
399 408 686 496 fundamentalis,
702 406 898 503 quae'omni
910 410 1044 482 unitati
1057 410 1193 481 rationo
1209 410 1394 484 distinctas

226 517 448 609 supponitur,
466 524 503 587 et
518 539 665 610 quacum
688 517 800 588 omnis
815 519 889 588 alia
904 520 1024 590 unitas
1039 542 1067 589 e.
1085 545 1121 610 g.
1139 520 1394 591 adtributoruu

226 625 475 710 absolutorum,
488 625 672 702 ,actionum
687 633 724 696 et
738 628 949 698 relationum
964 629 1010 698 ad
1025 634 1128 699 extra
1143 628 1394 699 identificatur.

224 734 324 806 Unde
335 735 395 829 qui
411 735 455 805 ad
471 736 692 807 sententiam:
715 766 731 802 o
745 739 861 823 Pater,
877 736 1041 824 Verbum,
1057 737 1215 829 Spiritus
1231 738 1394 824 Sanctus,

225 849 299 915 tres
315 867 422 913 unum
439 849 522 913 sunt
536 873 567 931 n,
586 845 687 915 addit
701 845 989 937 explicationem:
1013 870 1120 915 unum
1132 851 1217 916 sunt
1227 846 1394 937 potentia,

225 952 422 1040 voluntate,
439 954 640 1025 testimonio
655 961 737 1040 eto,
753 954 810 1024 vel
821 954 1006 1025 intendens
1022 953 1207 1025 excludere
1223 955 1394 1024 unitatem

224 1062 395 1133 essentiae
409 1063 558 1133 absurde
574 1063 733 1155 loquitur
745 1063 787 1133 de
799 1063 944 1149 divinis,
959 1063 1016 1135 vel
1028 1063 1171 1134 realiter
1186 1063 1279 1134 idem
1295 1062 1394 1149 dicit,

224 1171 315 1264 quod
331 1177 386 1242 est
400 1172 520 1241 unitas
535 1171 718 1257 essentiae,
734 1170 817 1242 dum
832 1171 1005 1241 unitatem
1022 1171 1220 1242 considerat
1233 1171 1272 1239 in
1288 1169 1394 1242 adtri-

224 1278 320 1350 butis
339 1286 384 1370 ,et
410 1279 607 1350 actionibus
631 1281 676 1349 ad
698 1286 820 1366 extra,
846 1302 935 1372 quae
965 1304 1033 1350 non
1060 1280 1131 1349 nisi
1154 1285 1276 1350 nostro
1301 1280 1394 1350 modo

222 1388 401 1480 cogitandi
417 1396 454 1459 et
469 1390 604 1458 ratione
618 1387 889 1478 distinguuntur
911 1389 956 1457 ab
978 1388 1143 1458 essentia.
1163 1387 1266 1486 Siout
1282 1388 1394 1477 igitur

222 1497 260 1566 in
283 1497 530 1589 propositione:
559 1498 706 1585 «Pater,
724 1498 877 1568 Verbum
894 1503 930 1567 et
945 1497 1102 1588 Spiritus
1126 1497 1278 1568 Sanctus
1299 1498 1394 1568 testi·

221 1606 374 1676 monium
397 1607 484 1676 dent
498 1607 535 1676 in
552 1606 646 1677 coelo
660 1635 691 1693 n,
715 1606 802 1698 ipsis
817 1606 1013 1676 nominibus
1029 1613 1066 1676 et
1080 1606 1157 1696 ipsa
1173 1629 1394 1676 connumera

221 1715 317 1784 tione
333 1714 372 1782 in
386 1737 529 1784 numero
552 1714 685 1805 plurali
699 1713 769 1783 iam
786 1714 929 1785 docetur
945 1712 1140 1797 distinctio,
1160 1735 1248 1806 quae
1272 1713 1394 1785 deinde

221 1820 386 1911 explicite
413 1822 619 1891 enuntiatur
642 1844 704 1913 per
728 1822 938 1913 particulam
965 1835 1064 1890 utres
1086 1835 1166 1888 sunt
1184 1845 1216 1909 »3
1241 1822 1297 1890 ita
1318 1822 1394 1913 ipsa

221 1930 523 2000 connumeratione
547 1929 654 2001 Verbi
678 1935 714 2000 et
737 1928 894 2022 Spiritns
925 1930 1050 2000 Sancti
1082 1954 1159 2000 cum
1191 1930 1265 2000 Deo
1290 1932 1394 2001 Patre

220 2038 257 2108 in
275 2038 392 2107 eodem
410 2039 529 2108 ordine
543 2038 733 2128 dignitatis
748 2039 819 2108 iam
841 2038 961 2108 unitas
980 2039 1182 2109 divinitatis
1197 2038 1308 2108 trium
1324 2039 1395 2110 dis·

219 2147 410 2216 tinctorum
433 2146 651 2233 continetur,
683 2147 827 2217 ethaeo
855 2147 974 2216 unitas
1001 2147 1166 2238 explicite
1194 2169 1236 2218 ao
1262 2147 1394 2218 diserte

219 2253 372 2323 edicitur
396 2253 642 2323 declaratione:
671 2253 739 2323 uhi
762 2261 836 2325 tres
858 2280 962 2321 anum
983 2268 1064 2321 sunt
1081 2281 1113 2325 n.

284 2361 416 2431 Contra
439 2385 522 2432 vero
545 2361 739 2431 subiectum
762 2362 932 2433 versiculi
954 2362 983 2430 8¹
1011 2392 1028 2427 o
1042 2361 1210 2453 spiritus,
1236 2383 1331 2454 aqua
1355 2368 1390 2433 et

217 2470 362 2561 sanguis
377 2498 408 2555 n,
434 2469 584 2540 alterius
607 2469 710 2561 plane
726 2478 780 2540 est
794 2470 955 2540 rationis.
971 2469 1076 2561 Aqua
1090 2476 1127 2539 et
1137 2471 1285 2559 sanguis
1298 2477 1392 2542 certa

217 2602 280 2649 nec
304 2601 469 2671 personae
494 2585 587 2664 sunt,
614 2577 791 2671 multoque
814 2579 930 2648 miuus
953 2599 1118 2669 personae
1145 2577 1302 2666 divinae,
1328 2579 1388 2651 sed

216 2694 301 2757 sunt
332 2711 389 2757 res
424 2695 572 2758 creatae.
600 2687 923 2779 Quomodocumque
946 2709 1031 2777 ergo
1053 2686 1283 2775 intelligatur
1307 2688 1387 2758 sub

218 2796 348 2867 lectum
379 2796 530 2866 alterum
553 2799 701 2886 spiritus
712 2845 723 2878 ,
748 2795 986 2887 praedicatum
1013 2825 1030 2860 a
1051 2818 1159 2864 unum
1183 2802 1268 2864 sunt
1282 2822 1299 2857 r
1323 2819 1391 2864 non

215 2909 333 2996 potest
359 2903 487 2973 habere
518 2906 660 2973 eandem
695 2904 987 2994 significationem
1019 2927 1060 2973 ac
1096 2910 1263 2973 commate
1295 2905 1327 2971 7·
1354 2906 1390 2974 in

215 3011 517 3082 connumeratione
541 3013 670 3097 Patris,
688 3013 809 3099 Verbi,
829 3020 865 3083 et
880 3012 1039 3104 Spiritus
1056 3012 1194 3082 Sancti.
1210 3012 1253 3082 Si
1266 3011 1390 3084 deinde

214 3123 336 3191 textus
359 3142 506 3210 graecus
529 3121 750 3190 consulitur:
779 3117 856 3193 usis
872 3142 904 3186 το
928 3118 956 3185 ἓν
970 3121 1026 3185 ὲῑσι
1048 3121 1087 3189 in
1118 3142 1226 3190 unum
1253 3128 1340 3193 sunt
1356 3149 1387 3207 a,

214 3235 371 3318 apparet,
385 3251 454 3296 non
472 3236 544 3298 tam
558 3229 651 3298 inter
669 3229 733 3298 ille
749 3230 821 3298 trie
837 3250 939 3321 quam
956 3230 1008 3298 rei
1024 3229 1267 3299 testificandae
1280 3254 1389 3300 suun·

214 3336 300 3404 tiari
316 3335 500 3424 unitatem;
528 3335 618 3406 unde
634 3337 740 3405 etiam
757 3336 794 3405 in
809 3342 911 3405 textu
928 3335 1039 3405 latino
1055 3336 1121 3405 illa
1138 3337 1211 3405 tria
1231 3337 1388 3429 intelligi

212 3443 339 3513 debent
361 3468 467 3514 unum
491 3446 752 3516 testificatione.
782 3446 878 3515 Haec
901 3451 1017 3516 autem
1041 3446 1159 3515 unitas
1194 3445 1388 3516 testimonii

212 3553 249 3623 in
264 3553 398 3622 divinis
421 3554 559 3645 quidem
583 3554 749 3646 supponit
761 3552 934 3623 unitatem
946 3575 1087 3647 eamque
1100 3554 1315 3624 numericam
1326 3576 1386 3624 ns·

211 3663 324 3742 turae,
351 3656 388 3725 in
411 3658 540 3727 creatis
563 3666 680 3729 autem
702 3680 765 3729 neo
787 3656 1000 3727 numericam
1015 3681 1078 3728 nec
1095 3658 1292 3749 specificam
1308 3658 1387 3729 uni·

194 3770 322 3835 ‚tatem
345 3765 513 3854 postulat.

276 3875 334 3943 Ad
357 3874 598 3943 difficultatem
621 3896 705 3964 ergo
729 3873 955 3965 propositam,
974 3873 1012 3943 in
1030 3895 1099 3967 qua
1115 3873 1310 3944 dicebatur:
1324 3897 1385 3967 per

209 3981 300 4053 illud
327 3989 430 4052 utres
454 4007 562 4053 unum
586 3990 700 4052 sunta
726 3985 799 4052 v.8
820 3983 1000 4053 indicatur
1023 3983 1143 4053 unitas
1175 3984 1320 4075 moralis
1348 3984 1385 4053 in

208 4091 381 4178 testando,
400 4115 483 4182 ergo
496 4116 564 4160 non
580 4093 654 4160 alia
669 4091 849 4161 indicatur
866 4117 900 4162 v.
917 4093 940 4160 7
955 4092 1072 4162 verbis
1088 4091 1229 4180 eisdem;
1245 4114 1384 4182 respon·

208 4194 312 4265 detur
336 4197 369 4263 1⁰
391 4196 551 4286 negando
581 4196 873 4290 consequentiam.
910 4196 1075 4282 Subiecta
1107 4195 1198 4265 enim
1233 4205 1317 4265 sunt
1345 4194 1384 4264 in

208 4311 357 4396 utroque
388 4311 553 4375 commate
584 4305 845 4386 diversissima,
871 4310 907 4373 et
929 4303 1005 4373 ideo
1035 4304 1141 4375 etiam
1164 4302 1307 4374 diversa
1329 4307 1385 4374 est

207 4413 421 4503 significatio
443 4413 640 4510 praedicati
665 4438 805 4484 cunum
827 4419 957 4484 sunta.
983 4414 1018 4483 2⁰
1041 4414 1224 4498 Quatenus
1246 4420 1321 4486 tres
1343 4412 1383 4484 in
