3172 4950
871 327 909 340 ..
934 294 992 355 130
1014 327 1050 342 -

374 403 458 496 quia
480 425 523 472 ex
546 401 718 493 principio
742 400 915 471 communi
940 401 1098 470 omnibus
1128 401 1319 471 haereticis
1348 401 1552 473 errantibus

375 511 412 580 in
436 508 596 579 doctriua
619 507 694 577 sive
710 506 774 577 SS.
791 508 981 578 Trinitatis
997 509 1072 578 sive
1088 508 1349 579 Incarnaticnis
1363 510 1548 598 putabant,

374 624 428 687 tot
450 639 583 706 semper
606 637 680 685 esse
702 637 879 705 personas,
898 622 983 709 quot
998 623 1082 686 suut
1097 615 1296 707 singulares
1310 621 1473 703 naturae,
1487 616 1553 689 hoo

375 730 491 799 autem
514 723 590 814 ipso
614 721 860 812 multiplicatis
881 725 1040 814 personis
1063 724 1195 794 divinis
1210 723 1486 815 multiplicatam
1500 724 1551 795 in·

375 832 496 922 telligi
519 835 683 900 naturam
699 882 707 916 ,
734 836 838 922 atque
862 831 947 899 adeo
969 831 1049 901 tolli
1065 833 1239 903 unitatem
1253 832 1331 919 Dei3
1350 855 1421 900 ncn
1438 833 1551 903 miuus

373 939 563 1031 improbari
586 938 763 1009 debuisset
779 939 897 1007 unitas
912 944 1060 1011 naturae
1076 942 1186 1012 abeis
1202 949 1337 1011 asserta
1353 962 1459 1033 quam
1473 941 1550 1011 uni·

374 1055 431 1119 tas
453 1069 643 1140 personae,
669 1048 700 1117 si
727 1050 851 1118 Patres
873 1051 1084 1120 numericam
1100 1049 1432 1141 multiplicationem
1448 1056 1486 1119 et
1501 1074 1551 1121 so

373 1161 446 1230 lum
469 1159 663 1251 specificam
687 1161 858 1230 unitatem
881 1165 1030 1229 naturae
1053 1159 1090 1227 in
1114 1167 1227 1230 mente
1242 1159 1463 1232 habuissent.
1477 1164 1550 1233 Iam

373 1290 456 1338 vero
479 1267 604 1336 Patres
626 1273 791 1335 naturam
815 1265 971 1334 divinam
995 1289 1138 1357 prorsus
1161 1289 1266 1336 unam
1281 1273 1318 1337 et
1332 1268 1550 1359 singularem

372 1398 447 1447 esse
471 1398 547 1445 oum
572 1373 646 1442 illis
670 1374 857 1444 haereticis
880 1380 917 1443 et
940 1397 1017 1443 cum
1040 1375 1180 1444 Iudaeis
1204 1377 1480 1462 consentiebant,
1494 1400 1550 1447 ne·

372 1484 505 1575 gabant
528 1504 610 1552 vero
634 1482 714 1552 iude
737 1482 900 1574 consequi
916 1483 1085 1551 unitatem
1102 1483 1208 1551 etiam
1224 1505 1390 1573 personae
1406 1508 1470 1554 seu
1484 1485 1550 1576 hy·

372 1597 560 1681 postsecus.
578 1589 696 1657 «Inter
709 1587 795 1658 duas
808 1589 986 1679 opiniones
1000 1589 1185 1659 interiecta
1197 1590 1330 1660 veritas
1342 1592 1544 1680 procedit...

372 1702 510 1766 maneat
532 1718 574 1765 ex
598 1696 738 1765 iudaica
761 1695 986 1784 persuasione
1014 1695 1134 1764 unitas
1156 1701 1325 1780 naturae,
1352 1719 1394 1765 ex
1419 1699 1548 1788 gentili

372 1811 489 1875 cutem
511 1826 628 1874 errore
653 1804 728 1873 sola
750 1803 934 1873 distinctio
958 1803 1145 1873 secandum
1177 1803 1405 1896 hypostases,
1432 1806 1549 1899 sieque

373 1915 549 2004 utrimque
565 1912 672 2003 impia
685 1911 803 2002 opinio
819 1918 963 1982 sanetur
978 1941 994 1975 n
1012 1913 1120 2002 Greg.
1131 1912 1242 2002 Nysa.
1259 1936 1310 1982 or.
1323 1916 1458 1984 catech.
1473 1915 1546 1985 cd.

376 2021 509 2089 «Unus
531 2019 626 2089 Deae
648 2026 703 2089 est
726 2019 854 2089 Sancta
879 2020 1059 2106 Trinitas,
1084 2020 1190 2090 Pater
1213 2028 1249 2091 et
1270 2021 1390 2091 Filius
1412 2029 1451 2092 et
1473 2022 1550 2116 Spi-

373 2129 466 2199 ritus
490 2127 663 2214 sanetus,
690 2149 759 2196 una
782 2134 836 2196 est
867 2128 957 2200 enim
986 2128 1105 2197 Patris
1135 2133 1171 2196 et
1200 2127 1289 2197 Filii
1318 2138 1356 2198 et
1390 2129 1548 2221 Spiritus

373 2237 494 2307 Sancti
516 2241 645 2304 natura
668 2235 728 2304 sed
744 2258 812 2304 uon
829 2256 898 2304 una
913 2257 1103 2324 persona...
1119 2234 1252 2304 Verum
1266 2241 1321 2304 est
1335 2235 1443 2322 enim,
1458 2238 1547 2331 quod

373 2344 565 2415 Sabelliani
588 2365 692 2413 unam
716 2349 878 2412 naturam
901 2343 1020 2412 Patris
1037 2350 1073 2413 et
1096 2343 1184 2412 Filii
1198 2350 1235 2412 et
1251 2343 1411 2434 Spiritus
1426 2344 1546 2416 Sancti

372 2452 530 2537 credunt;
557 2451 615 2520 sed
639 2450 769 2520 falsum
792 2457 857 2534 est,
884 2450 974 2540 quod
997 2456 1071 2520 tres
1094 2471 1260 2541 personas
1282 2472 1357 2520 esse
1384 2474 1457 2521 non
1477 2477 1545 2524 ore

372 2560 472 2628 dunt.
491 2559 621 2628 Verum
644 2565 699 2629 est
720 2557 838 2643 etiem,
857 2558 948 2649 qucd
966 2557 1093 2626 Arium
1109 2566 1182 2628 tres
1196 2579 1363 2648 personas
1378 2559 1499 2631 Patris
1510 2567 1545 2630 st

372 2667 460 2737 Filii
482 2673 518 2736 et
542 2667 698 2758 Spiritus
724 2667 847 2736 Sancti
870 2665 1004 2753 dicunt;
1026 2666 1085 2735 sed
1110 2665 1239 2736 falsum
1263 2672 1329 2751 est,
1349 2669 1443 2759 quod
1464 2668 1543 2738 ista·

372 2797 449 2844 rum
466 2773 575 2844 triam
591 2795 816 2864 personarum
831 2779 905 2842 tres
920 2779 1068 2841 naturas
1079 2774 1288 2866 persuadere
1304 2775 1540 2845 contendunt»

371 2881 538 2971 Fulgent.
555 2905 611 2972 ep.
627 2883 659 2950 8.
680 2887 755 2968 (seu
776 2881 838 2950 lib.
854 2882 898 2949 ad
914 2882 1104 2967 Donatum)
1117 2906 1147 2952 c.
1169 2882 1222 2950 11.
1244 2882 1299 2950 12.
1315 2881 1464 2951 Gemina
1485 2882 1539 2950 ba·

372 2989 455 3059 bent
476 2987 649 3058 Athenas.
670 2996 781 3058 contr.
795 2989 922 3059 Ariau.
938 3013 987 3059 or.
1004 2991 1072 3060 ΠΙ.
1083 3014 1119 3059 n.
1133 2991 1188 3078 153
1199 3013 1250 3059 or.
1261 2990 1326 3060 IV.
1340 3013 1376 3058 u.
1392 2990 1542 3079 103Gre

372 3120 448 3189 gor.
466 3098 553 3167 Nau.
575 3098 738 3166 cr.21.n.
758 3099 812 3186 133
827 3099 939 3168 Basil.
960 3105 1071 3168 contr.
1088 3098 1217 3168 Sabell.
1236 3122 1271 3168 n.
1290 3097 1323 3187 ὃς
1342 3100 1471 3169 Isidor.
1485 3101 1542 3169 Pe·

370 3207 439 3276 lus.
450 3205 476 3275 l.
495 3205 544 3275 ΙΙ.
561 3228 613 3296 ep.
635 3205 711 3274 143.
727 3231 762 3297 p.
783 3206 860 3295 1903
874 3206 1068 3277 Faustinus
1084 3212 1195 3275 contr.
1210 3206 1335 3278 Arien.
1353 3231 1383 3279 c.
1401 3209 1435 3280 l.
1450 3207 1539 3279 Bibl.

371 3315 465 3384 llax.
478 3313 545 3383 PP.
561 3315 602 3385 T.
618 3315 663 3384 V.
681 3340 715 3404 p.
735 3314 812 3384 640.
828 3321 894 3386 etc.

438 3425 481 3492 5’.
497 3423 654 3515 Denique
676 3446 744 3492 ncn
767 3423 878 3492 solnm
901 3424 1137 3514 Augustinus,
1158 3447 1257 3517 quem
1280 3424 1434 3516 primum
1456 3424 1542 3495 dilu-

372 3531 446 3602 cide
470 3531 754 3622 singularitatem
779 3539 926 3602 naturae
949 3533 987 3602 in
1019 3532 1134 3602 tribus
1166 3533 1321 3624 personis
1345 3534 1543 3623 exposuisse

371 3640 483 3733 aliqui
507 3640 621 3709 dicere
643 3640 720 3707 ausi
745 3645 850 3725 sunt,
879 3641 937 3709 sed
960 3641 1084 3709 Patres
1107 3639 1267 3710 universi
1288 3638 1464 3710 Nicaenae
1480 3639 1542 3730 Sy·

371 3748 453 3817 nodi
476 3749 696 3833 defensores,
723 3748 906 3839 dequibus
922 3771 1014 3818 nune
1029 3748 1180 3836 agimus,
1198 3746 1426 3818 declararunt
1440 3747 1543 3818 ctiam

372 3857 520 3941 modum,
539 3879 605 3949 quc
622 3856 740 3925 unitas
762 3857 941 3926 numerica
964 3856 1106 3927 divinae
1122 3861 1271 3925 naturae
1286 3856 1323 3925 in
1339 3854 1457 3926 tribus
1471 3876 1543 3926 res·

370 3965 453 4034 liter
475 3965 569 4034 inter
592 3988 628 4033 ee
651 3965 831 4035 distinctis
854 3965 1078 4056 concipienda
1101 3965 1160 4033 sit.
1174 3965 1308 4034 Doceut
1324 3964 1418 4033 enim
1427 3988 1543 4036 secuu-

371 4073 452 4143 dum
470 4072 674 4164 Scripturas
697 4074 934 4167 traditumque
957 4074 1037 4143 inde
1059 4074 1103 4142 ab
1131 4074 1312 4165 Apostolis
1334 4074 1544 4144 catholicum

371 4181 612 4269 intellectum,
638 4182 738 4253 uuila
760 4181 833 4251 alia
855 4183 991 4252 ratione
1014 4182 1182 4274 nullaque
1204 4204 1242 4251 re
1257 4183 1399 4251 Patrem
1421 4182 1544 4254 distin·

371 4289 434 4382 gui
451 4290 592 4376 aFilio,
619 4296 655 4360 et
677 4298 864 4384 utrumque
881 4313 902 4359 a
919 4291 1057 4383 Spiritu
1081 4291 1221 4375 Sancto,
1247 4290 1319 4360 nisi
1341 4290 1406 4361 illc
1430 4291 1541 4378 unice,

372 4397 462 4488 quod
485 4398 682 4470 formaliter
704 4399 928 4490 significatur
951 4399 1150 4470 nominibus
1174 4400 1293 4483 Peter,
1319 4399 1451 4484 Filias,
1466 4401 1544 4492 Spi-
