3180 4944
700 328 738 343 -
758 291 819 356 522
838 325 881 343 .-

114 482 116 485 ,
210 404 310 475 cedat
331 423 373 472 ex
396 402 501 471 Patre
516 405 552 469 et
567 398 672 485 Filio,
698 404 869 490 quatenns
892 396 1029 469 virtute
1050 399 1089 465 et
1109 399 1194 467 actu
1215 394 1367 488 spiratio·

209 510 267 579 nis
289 532 396 577 unum
419 506 504 576 sint.
523 507 575 575 De
598 505 660 576 illo
684 503 793 596 priori
817 505 1054 574 controversis
1075 510 1154 574 erat
1176 526 1256 573 cum
1270 505 1370 572 Pncu·

213 614 440 686 matomachis
462 613 608 683 Arianis
630 619 667 682 et
696 611 942 697 Samiarianis,
968 611 1127 703 illudque
1155 633 1198 680 ex
1220 610 1371 700 Scriptu-

209 722 284 808 ris,
311 746 353 792 ex
377 721 636 791 definitionibus
659 720 902 804 Conciliornm,
920 741 963 788 ex
980 717 1157 788 constanti
1179 723 1217 787 et
1239 717 1372 788 nniver-

209 831 276 900 sali
299 829 459 900 doctrina
480 828 591 898 totius
614 826 839 918 antiquitatis
861 825 1094 911 christianae,
1119 849 1162 895 ex
1185 825 1373 896 intrinseca

208 938 402 1007 oeconomia
425 936 626 1021 Trinitatis,
647 942 688 1005 nt
704 957 745 1005 ea
768 934 804 1003 in
827 933 1039 1004 revelatione
1061 934 1372 1025 proponitnr,ma·

208 1043 474 1113 nifestissimum
497 1048 562 1112 est.
583 1042 661 1112 Non
686 1041 799 1132 igitur
822 1040 888 1109 heo
904 1039 1143 1126 affirmatione,
1159 1040 1252 1132 quod
1268 1040 1372 1131 Spiri-

207 1156 267 1220 tus
291 1151 441 1220 Sanctus
464 1171 485 1217 a
507 1150 614 1217 Patre
644 1147 819 1238 procedit,
852 1147 1050 1217 continetur
1072 1146 1247 1232 doctrina,
1273 1169 1371 1239 qnam

208 1255 382 1325 Catholici
405 1260 534 1345 negent
556 1261 590 1324 et
612 1275 699 1346 quae
722 1252 955 1323 schismaticis
979 1253 1195 1322 defendenda
1211 1253 1263 1323 sit
1277 1253 1373 1324 velut

208 1360 333 1450 dogma
356 1360 423 1429 sibi
447 1360 609 1451 speciale,
628 1382 694 1452 qno
710 1359 907 1450 discrepent
928 1381 950 1427 a
972 1359 1185 1448 Catholicis,
1214 1361 1275 1430 sed
1298 1361 1371 1430 dcc·

208 1468 329 1554 trina,
355 1488 424 1560 qua
446 1466 637 1536 Catholicis
661 1474 882 1558 opponuntur
905 1471 941 1536 et
963 1489 1066 1559 quam
1095 1474 1222 1538 contra
1250 1467 1370 1538 Catho-

207 1573 298 1645 licos
322 1575 504 1644 defendere
527 1579 719 1660 conantur,
744 1575 848 1669 longe
870 1582 925 1644 cst
947 1574 1041 1660 alia,
1066 1596 1107 1644 ea
1130 1575 1268 1646 scilicet
1289 1598 1370 1668 quae

210 1682 419 1752 enuntiatur
441 1681 479 1750 in
502 1683 612 1751 altero
638 1682 770 1774 capite,
796 1682 886 1774 quod
910 1682 1066 1772 Spiritus
1090 1682 1245 1752 Sanctus
1259 1707 1371 1774 proce·

211 1791 275 1860 dat
297 1813 319 1858 a
340 1791 446 1871 Patre
468 1791 542 1874 ita,
567 1796 699 1859 utnon
722 1789 885 1882 procedat
907 1789 1011 1859 simul
1033 1812 1055 1858 a
1076 1790 1182 1861 Filio.
1199 1791 1371 1875 Quamdiu

207 1919 290 1988 ergo
314 1897 424 1966 solum
447 1898 685 1966 demonstrant
706 1896 986 1981 affirmationem,
1012 1896 1184 1987 Spiritum
1209 1899 1370 1967 Sanctum

208 2003 392 2093 procedere
415 2025 436 2069 a
458 2003 583 2090 Patre,
608 2009 816 2092 argumenta
837 2025 954 2072 eorum
971 2009 1055 2072 sunt
1065 2001 1203 2073 invicta
1217 2007 1255 2072 et
1269 2005 1370 2072 omni·

208 2111 273 2178 bus
296 2109 488 2178 Catholicis
511 2110 704 2180 communia
732 2110 902 2179 adversus
929 2108 1284 2195 Pneumatomachos,
1316 2110 1370 2178 sed

206 2213 299 2283 nihil
322 2215 457 2283 omnino
472 2216 649 2304 pertinent
659 2215 704 2284 ad
720 2214 962 2284 ostendendam
977 2213 1163 2284 veritatem
1180 2214 1366 2299 doctrinas,

203 2323 310 2392 cuius
332 2321 400 2413 ipsi
424 2323 656 2391 defensionem
679 2329 800 2392 contra
821 2321 1019 2391 Catholicos
1041 2327 1283 2412 susceperunt.
1307 2321 1368 2389 Eo

207 2428 283 2497 dem
307 2429 380 2496 fere
402 2429 499 2497 modo
522 2428 650 2497 Ariani
672 2436 708 2498 et
731 2428 922 2498 Sabelliani
936 2428 1221 2497 demonstrabant
1235 2428 1379 2497 eviden—

207 2541 263 2604 ter
287 2557 328 2603 ex
352 2534 571 2625 Scripturis,
597 2559 702 2605 unum
725 2559 799 2605 esse
821 2537 943 2620 Deum,
968 2543 1005 2605 et
1023 2536 1161 2604 Patrem
1185 2557 1259 2604 esse
1283 2535 1389 2604 huna

206 2662 314 2709 unum
337 2663 459 2709 verum
481 2641 611 2727 Deum,
636 2648 675 2710 at
697 2663 764 2709 non
788 2642 872 2710 haec
899 2640 1082 2709 affirmatio
1104 2647 1203 2725 erat,
1229 2662 1300 2732 qna
1324 2640 1396 2710 di-

207 2748 413 2835 screpabant
435 2768 456 2813 a
479 2745 681 2832 Catholicis,
696 2748 756 2816 sed
771 2747 1073 2816 demonstrandum
1088 2747 1219 2817 fuisset
1230 2747 1398 2816 Ariani3

209 2852 359 2943 quidem,
385 2851 524 2921 Patrem
546 2876 620 2922 esse
644 2875 749 2921 unum
772 2875 894 2922 verum
915 2853 1026 2922 Deum
1042 2853 1106 2938 ita,
1121 2853 1293 2923 utFilins
1306 2876 1392 2921 nort

211 2958 261 3026 sit
284 2958 374 3027 idem
397 2982 488 3027 unus
505 2983 609 3029 verus
631 2962 738 3047 Deus;
764 2960 975 3031 Sabellianis
997 2966 1124 3045 autem,
1138 2961 1282 3030 Patrem
1304 2981 1401 3030 essa

207 3087 315 3133 unum
339 3089 460 3135 verum
482 3067 593 3136 Deum
616 3068 680 3152 ita,
699 3073 740 3135 ut
754 3067 871 3136 Filius
886 3067 951 3136 hoc
966 3067 1042 3157 ipso
1058 3067 1148 3158 quod
1164 3073 1299 3137 natura
1309 3089 1398 3136 non

207 3170 464 3260 distinguitur,
489 3197 599 3266 neque
623 3173 807 3263 hypostasi
830 3174 1072 3263 distinguatur
1094 3195 1117 3241 a
1139 3174 1260 3243 Patre.

273 3276 386 3369 Atqui
417 3279 632 3349 schismatici
653 3303 716 3349 nec
739 3283 923 3371 proferunt
948 3304 1011 3350 nec
1040 3287 1188 3370 possunt
1218 3282 1386 3371 proferre

207 3384 283 3453 sive
306 3408 349 3452 ex
373 3385 557 3474 Scriptura
584 3387 658 3456 sive
682 3411 723 3456 ex
747 3387 979 3456 Conciliornm
1002 3393 1038 3455 et
1054 3387 1199 3455 Patrum
1217 3388 1376 3457 doctrina

207 3491 319 3560 ullum
343 3499 587 3581 argumentum
610 3493 721 3579 alind,
738 3493 809 3561 nisi
832 3517 899 3584 qno
923 3494 1024 3562 unice
1046 3493 1371 3563 demonstraturus·

206 3598 297 3667 ritas
319 3600 506 3684 affirmans,
523 3600 695 3690 Spiritum
719 3601 884 3669 Sanctum
899 3599 1083 3691 procedere
1105 3621 1127 3667 a
1149 3600 1269 3670 Patre.
1287 3602 1363 3670 Nam

205 3705 407 3774 testimonia
430 3705 555 3797 quibus
575 3706 715 3775 dicatur
738 3706 894 3797 Spiritus
921 3706 1070 3775 Sanctus
1090 3729 1159 3774 non
1190 3708 1359 3797 procedere

206 3833 249 3878 ex
272 3811 390 3896 Filio,
416 3835 525 3903 neque
549 3812 586 3880 id
609 3813 731 3881 docent
754 3812 842 3904 quod
867 3812 999 3882 vellent
1014 3811 1245 3898 schismatici,
1263 3834 1354 3904 neque

206 3916 272 3985 hoc
294 3919 399 3986 etiam
421 3919 587 4009 permisso
613 3919 724 3988 ullum
751 3920 920 3988 haberent
947 3919 1100 3988 valorem
1124 3920 1350 4009 dogmaticum.

206 4022 250 4092 Id
273 4023 342 4091 iam
366 4023 402 4091 in
426 4025 664 4115 superioribus
687 4025 960 4095 demonstratum
981 4033 1062 4112 cst,
1089 4031 1126 4094 et
1155 4025 1260 4116 paulo
1291 4027 1350 4114 post

207 4127 322 4197 adbuc
344 4128 586 4201 indicabimus.
599 4131 701 4201 Nunc
723 4137 765 4200 ut
787 4131 829 4199 de
844 4131 954 4221 priori
976 4153 1135 4221 agamus,
1149 4131 1240 4224 quod
1256 4129 1345 4200 solun

206 4236 403 4305 adversarii
427 4237 662 4307 demonstrare
679 4245 837 4329 possunt,
854 4240 1065 4329 profitentur
1081 4238 1186 4308 etiam
1199 4231 1345 4306 Catholici

207 4364 334 4430 omnes,
351 4343 523 4435 Spiritum
539 4340 705 4416 Sanctum
727 4345 830 4416 iuxta
848 4347 1042 4419 doctrinam
1057 4346 1270 4438 Scripturas,
1283 4343 1344 4412 cn·
