3172 4950
638 388 676 402 -
698 356 756 418 541
779 389 817 403 -

188 463 305 532 Filius
320 468 358 532 et
373 461 529 553 Spiritus
549 462 701 532 Sanctus
723 465 821 532 ambo
838 469 922 534 sunt
940 487 982 534 ex
1006 463 1180 556 principio
1195 469 1232 533 et
1242 487 1311 533 non

188 578 225 641 nt
247 573 415 661 ἀγεννιιτως
429 572 562 665 hocque
585 572 636 642 eis
660 595 836 643 commune
860 581 1006 667 est,quo
1021 597 1090 642 non
1113 573 1309 663 distingue·

188 685 264 748 rtur
285 680 330 747 ab
346 679 519 764 invicem,
545 678 806 749 distinctionem
822 681 914 750 inter
930 704 987 750 eos
1002 681 1104 772 ponit
1118 681 1312 770 Gregorius

187 784 276 852 riter
297 806 340 852 ex
355 782 524 853 relatione
549 783 725 872 originis,
752 784 835 876 quia
858 784 975 853 Filius
1006 790 1125 854 estex
1150 784 1223 853 solo
1245 786 1310 853 Pa·

188 914 206 974 t,
233 888 391 979 Spiritus
415 888 565 958 Sanctus
588 913 630 957 ex
653 890 758 959 Patre
780 913 841 980 per
864 890 997 960 Filium
1023 896 1146 981 (supra
1168 916 1202 981 p.
1215 892 1310 979 498).

207 996 316 1064 Porro
340 998 433 1066 sicut
457 998 596 1066 nomine
620 998 713 1065 Filii
734 998 944 1088 exprimitur
972 998 1148 1067 relativus
1172 999 1216 1068 ad
1247 999 1311 1067 Pa·

188 1129 231 1172 tm
243 1105 362 1197 sicque
373 1104 544 1174 relatione
560 1105 710 1195 originis
722 1105 913 1177 distinctus
925 1129 947 1174 a
957 1108 1076 1191 Patre,
1086 1106 1203 1175 eodem
1215 1105 1314 1174 modo

188 1234 265 1280 men
287 1214 441 1304 Spiritus
463 1220 518 1282 est
539 1212 741 1299 relativum,
765 1235 806 1282 ac
823 1214 854 1282 si
873 1214 1013 1283 dicatur
1028 1214 1220 1305 spiratione
1236 1236 1314 1303 pro·

188 1320 266 1388 lens
281 1315 380 1406 (πνοι)
389 1319 492 1389 .Vide
501 1321 731 1412 suprap.445.
745 1320 888 1390 Dicitur
899 1344 982 1412 ergo
998 1321 1148 1392 relative
1159 1323 1314 1412 Spiritus

188 1429 306 1509 icuius,
319 1432 355 1495 ei
369 1427 436 1497 hac
447 1428 617 1499 relatione
632 1430 723 1523 quod
747 1434 803 1498 est
818 1429 972 1498 alicuius
991 1429 1026 1498 h.
1045 1451 1075 1497 e.
1094 1430 1139 1497 ab
1157 1428 1228 1497 alio
1244 1430 1313 1519 spi·

188 1534 279 1603 tione
302 1534 500 1623 procedens,
523 1536 752 1606 constituitur
775 1535 969 1606 distinctus
991 1537 1035 1603 ab
1057 1534 1140 1605 ulio.
1154 1533 1314 1626 Propter·

195 1641 302 1711 etiam
325 1641 362 1708 in
380 1640 577 1732 Scripturis
591 1649 627 1712 et
642 1643 733 1734 apud
746 1644 871 1713 Patres
893 1663 1090 1733 synonyma
1109 1649 1204 1728 sunt,
1223 1643 1322 1735 quod*

188 1755 199 1817 t
221 1750 377 1838 Spiritus
400 1750 522 1817 Patris
544 1771 585 1821 ac
609 1752 763 1842 Spiritus
787 1752 881 1819 Filii
903 1750 938 1821 h.
961 1753 1169 1840 aspiratus
1194 1752 1316 1819 Patris

198 1857 317 1938 Filii,
341 1861 377 1926 et
400 1856 490 1947 quod
512 1854 673 1947 procedit
692 1880 713 1926 a
729 1860 833 1929 Patre
848 1865 886 1928 et
899 1859 1015 1947 Fili03
1043 1865 1085 1929 ut
1104 1859 1130 1928 1.
1150 1882 1180 1930 c.
1203 1864 1315 1928 osten·
1458 1934 1462 1941 ,

188 1987 273 2033 mus.
304 1963 412 2057 Unde.
431 1966 501 2034 nisi
532 1965 682 2036 relative
716 1968 871 2056 Spiritus
898 1967 991 2035 Filii
1016 1972 1108 2036 esset
1130 1967 1167 2036 h.
1192 1989 1222 2036 e.
1244 1970 1317 2057 spi-

188 2086 243 2138 tus
274 2072 367 2139 Filii
394 2094 469 2140 πνιη
496 2095 548 2138 του
574 2071 660 2153 irco,
688 2073 758 2142 iam
794 2072 950 2163 Spiritus
982 2073 1084 2142 unice
1107 2073 1152 2141 ad
1177 2073 1317 2142 Patrem

190 2203 213 2247 n
241 2200 324 2248 vero
350 2179 396 2247 ad
422 2180 555 2249 Filium
582 2180 718 2272 aliquid
753 2179 942 2250 relativum
974 2187 1093 2265 esset,
1120 2185 1317 2270 comparate

188 2311 230 2378 go
260 2310 338 2357 cum
360 2287 456 2356 Filio
482 2294 574 2358 esset
596 2288 753 2378 Spiritus
782 2287 1041 2378 significatione
1064 2288 1237 2373 absoluta,
1249 2309 1317 2356 non

188 2395 302 2465 lativa
328 2396 374 2465 ad
406 2397 518 2487 ipsum
546 2396 690 2466 Filium.
720 2396 773 2466 At
795 2397 953 2486 Spiritus
981 2396 1098 2465 dictus
1123 2419 1192 2464 non
1220 2395 1319 2464 rela-

188 2526 222 2574 te
261 2505 306 2573 ad
339 2504 496 2591 Filium,
534 2528 603 2573 uon
634 2512 688 2575 est
716 2526 865 2596 persona
890 2504 1061 2574 distincta
1092 2524 1113 2570 a
1142 2501 1248 2571 Filio.
1276 2502 1319 2569 Ιιι

188 2633 213 2680 c
248 2612 341 2680 enim
372 2611 564 2702 hypothesi
599 2612 788 2703 procedens
826 2612 983 2680 charitas
1020 2609 1197 2679 diceretur
1229 2609 1320 2678 rela-

188 2739 223 2787 te
250 2717 294 2785 ad
311 2717 421 2786 solum
434 2718 574 2788 Patrem
590 2724 627 2787 et
642 2719 815 2809 producta
829 2739 851 2785 a
866 2718 939 2786 solo
955 2717 1072 2802 Putre,
1090 2715 1188 2785 nullo
1204 2722 1319 2785 autem

188 2825 249 2893 odo
271 2806 537 2896 eesetrelativa
566 2826 611 2895 ad
640 2826 774 2895 Filium
801 2831 866 2894 aut
886 2824 1059 2916 producta
1087 2845 1110 2892 a
1135 2823 1241 2893 Filio.
1270 2822 1322 2891 At

188 2953 235 3000 tec
262 2937 356 3001 esset
382 2931 527 3001 realiter
553 2932 642 3001 idem
669 2938 706 3001 et
729 2953 875 3023 persona
902 2930 1020 3000 eadem
1044 2953 1121 3000 cum
1147 2929 1321 3021 sapientia

188 3037 320 3106 ¹educta
346 3059 407 3106 seu
431 3038 552 3126 genita
578 3061 600 3106 a
623 3036 696 3105 solo
723 3038 828 3106 Patre
846 3036 870 3107 i.
885 3059 915 3106 e.
935 3058 1013 3105 cnm
1028 3036 1154 3106 Verbo.
1170 3036 1322 3104 Persona

188 3145 320 3213 stincta
341 3166 364 3211 a
388 3144 482 3213 Filio
505 3150 560 3214 est
585 3145 823 3213 tantummodo
849 3145 892 3230 is,
907 3145 968 3237 qui
993 3145 1031 3213 in
1052 3142 1247 3233 Scripturis
1269 3164 1321 3210 re·

188 3252 293 3320 datur
314 3253 474 3341 Spiritus
495 3253 588 3319 Filii
609 3253 635 3320 i.
655 3275 685 3322 e.
712 3255 866 3341 spiratus
889 3253 1001 3336 Filii,
1024 3260 1061 3322 et
1088 3251 1272 3322 dilectione
1301 3271 1323 3317 a

188 3360 245 3428 ilio
264 3360 454 3451 productus
475 3382 583 3429 amor.

217 3468 316 3550 Quae
331 3491 408 3536 cum
423 3468 477 3536 ita
500 3468 592 3552 sint,
614 3466 796 3537 distinctio
817 3467 924 3536 realis
941 3469 1035 3538 inter
1055 3468 1187 3537 Filium
1200 3473 1236 3536 et
1247 3467 1323 3557 Spi-

188 3581 260 3643 tum
286 3573 452 3643 Sanctum
475 3597 542 3643 non
564 3575 707 3644 aliunde
721 3579 787 3660 est,
814 3595 917 3664 qnam
933 3576 1023 3666 quod
1045 3596 1136 3643 unus
1158 3579 1213 3643 est
1227 3574 1322 3662 prin·

188 3681 294 3772 pium,
315 3681 407 3751 alter
430 3704 473 3750 ex
496 3704 536 3751 eo
551 3683 738 3771 procedens
753 3688 795 3751 ut
811 3704 854 3750 ex
870 3703 933 3750 suo
954 3681 1140 3772 principio.
1153 3680 1223 3764 Qui
1238 3702 1322 3779 ergo

188 3795 260 3878 >gat
285 3788 536 3878 processionem
554 3789 711 3880 Spiritus
730 3789 854 3860 Sancti
879 3812 921 3858 ex
945 3788 1061 3875 Filio,
1087 3811 1127 3857 eo
1154 3788 1230 3879 ipso
1254 3786 1321 3856 tol·

188 3906 197 3965 t
221 3894 392 3965 rationem
422 3896 664 3966 distinctionis
686 3897 781 3967 inter
800 3897 933 3966 Filium
953 3903 990 3966 et
1018 3896 1192 3987 Spiritum
1217 3895 1322 3966 Sanc·

188 4027 247 4089 rm,
275 4005 420 4096 quaein
449 4004 584 4074 divinis
598 4004 699 4073 nulla
723 4010 777 4072 est
800 4003 873 4073 alia
893 4025 996 4096 quam
1020 4003 1148 4074 relatio
1174 4004 1324 4094 originis

188 4109 259 4178 rius
280 4110 324 4179 ab
340 4110 465 4180 altero.
481 4110 582 4180 Sicut
596 4110 700 4179 Pater
724 4115 761 4179 et
775 4110 929 4200 spirator
946 4133 1016 4179 nou
1036 4116 1121 4179 sunt
1143 4110 1232 4179 duae
1248 4132 1323 4201 per-

187 4237 253 4286 nae
276 4216 336 4287 sed
359 4239 448 4302 una,
478 4217 562 4309 quia
588 4215 746 4286 formalis
769 4217 861 4285 ratio
889 4217 1093 4306 generantis
1122 4222 1160 4286 et
1188 4216 1323 4306 spiran-

188 4347 198 4392 ι
223 4346 292 4393 non
317 4324 385 4393 sibi
408 4330 630 4415 opponuntur
653 4346 715 4415 per
734 4323 905 4414 originem
931 4325 1037 4393 unius
1064 4325 1108 4392 ab
1130 4323 1244 4392 altero
1266 4329 1320 4391 at·

188 4452 217 4500 te
242 4430 321 4500 ideo
347 4429 492 4500 realiter
523 4453 592 4499 non
611 4430 913 4519 distinguuntur,
942 4436 983 4499 ut
1010 4429 1115 4520 paulo
1135 4434 1217 4499 ante
1233 4427 1323 4498 dixi·
