3180 4944
699 350 737 365 ..
758 319 819 379 334
842 350 878 364 -

207 447 284 493 nem
306 423 460 493 absoluti
475 428 511 493 et
527 423 684 509 relativi,
704 445 806 516 quam
822 423 915 493 inter
931 420 1096 493 formales
1111 422 1268 491 rationes
1284 422 1376 491 abso

206 534 360 602 lutorum
383 533 645 601 attributorum.
665 533 842 601 Posterior
873 531 964 613 enim
995 531 1081 601 haec
1111 529 1378 599 distinctiones

89 718 95 731 ,
207 642 378 710 fundatur
402 641 439 708 in
463 640 582 733 aliqua
605 640 832 709 distinctione
855 640 962 725 reali,
988 663 1051 708 uec
1066 639 1175 708 realis
1198 638 1379 707 distinctio

206 771 281 817 eam
296 749 533 840 consequitur;
559 747 618 818 sed
643 748 753 816 solum
777 754 830 817 est
852 748 1060 833 necessaria,
1079 755 1121 816 ut
1135 745 1385 838 inadaequatis

207 856 337 925 nostris
360 857 560 925 notionibus
575 881 678 922 darom
702 857 892 933 absol-utam
907 858 994 924 Esse
1016 855 1175 926 divinum
1202 854 1309 945 paulo
1330 854 1385 923 di-

207 963 373 1033 stinctius
389 964 622 1054 concipiamus
635 964 768 1051 (Tract.
784 963 825 1033 de
837 964 936 1050 Deo).
949 964 1001 1032 At
1013 964 1145 1032 nonita
1157 970 1194 1031 se
1206 984 1264 1030 ree
1279 960 1385 1031 habet

125 1130 137 1145 ,
207 1073 243 1140 in
268 1072 493 1141 distinctione
509 1071 662 1140 absoluti
677 1077 713 1140 et
730 1071 888 1140 relativi.
904 1072 1134 1141 Verissimum
1154 1070 1297 1161 quidem
1314 1074 1385 1147 esi:

206 1204 275 1249 non
306 1180 420 1248 minus
455 1202 559 1248 unam
582 1202 749 1247 summam
779 1202 850 1247 rem
883 1180 1012 1271 absque
1044 1178 1119 1247 ulla
1151 1176 1385 1259 distinction

207 1288 341 1359 actuali
364 1287 400 1355 in
424 1311 460 1357 re
477 1288 554 1378 ipsa
569 1310 643 1357 esse
665 1291 701 1355 et
723 1285 919 1355 absolutam
934 1285 1121 1355 essentiam
1136 1290 1173 1354 et
1190 1284 1385 1371 relativo)

207 1397 361 1484 (Patrem
384 1403 420 1464 ct
441 1395 573 1464 Filium
589 1400 626 1464 et
643 1394 815 1485 Spiritum
838 1392 1033 1480 Sanctum),
1053 1416 1157 1486 quam
1174 1413 1246 1459 una
1262 1415 1318 1461 res
1331 1414 1385 1481 ῳ

207 1505 359 1577 essentia
381 1511 417 1574 et
440 1504 601 1574 absoluta
631 1505 805 1594 sapientia
836 1513 922 1593 eto.;
948 1506 1007 1575 sed
1038 1500 1201 1574 absolut'a
1229 1528 1252 1574 a
1282 1506 1385 1595 nob,¹

207 1614 480 1703 distinguuntur
497 1612 553 1683 vel
570 1613 670 1683 unice
694 1615 751 1683 vel
778 1621 871 1684 certe
888 1613 1105 1705 potissimum
1123 1615 1310 1683 secundnm
1332 1626 1385 1701 di.

208 1744 329 1792 versas
343 1721 531 1790 relationes
543 1720 694 1815 rationis
703 1726 739 1790 et
751 1722 950 1791 functiones
962 1721 1094 1791 infiniti
1106 1722 1195 1791 Esse
1207 1722 1253 1789 ad
1265 1738 1375 1818 ests-0,

208 1831 292 1922 quin
305 1830 385 1898 inde
397 1830 471 1897 ulla
484 1836 651 1921 sequatur
663 1829 845 1899 distinctio
860 1828 980 1896 realis:
997 1836 1119 1899 contra
1135 1852 1218 1899 vero
1233 1829 1367 1908 dietim.

122 1942 125 1947 ’
206 1938 257 2007 tio
280 1938 373 2007 inter
396 1937 594 2006 absolutum
618 1944 653 2006 et
677 1938 868 2008 relativum
899 1944 953 2005 est
985 1936 1173 2006 secundum
1204 1936 1358 2011 diversam

208 2046 421 2115 functionem
445 2044 490 2111 ad
514 2047 609 2110 intro
630 2044 703 2127 ita,
731 2050 771 2112 ut
798 2045 861 2112 sub
889 2043 1030 2112 formali
1059 2043 1197 2112 ratione
1227 2044 1355 2113 absoluti

207 2161 346 2223 maneat
362 2177 468 2221 unum
484 2152 741 2237 indistinctum,
762 2154 826 2221 sub
843 2152 983 2221 formali
1003 2157 1120 2222 autem
1136 2151 1270 2221 ratione
1283 2152 1349 2220 relc

206 2260 276 2329 tivi
292 2263 364 2329 sint
379 2267 452 2329 tres
475 2261 618 2326 realiter
638 2262 729 2325 inter
744 2283 778 2326 se
794 2260 967 2329 distincti.
985 2259 1044 2328 Ita
1060 2282 1144 2349 ergo
1160 2282 1230 2328 una
1244 2278 1347 2327 sunno

207 2392 262 2438 res
291 2368 481 2437 eminenter
504 2367 541 2435 in
565 2391 601 2437 se
625 2369 781 2437 continet
811 2375 994 2461 utramque
1024 2367 1195 2437 rationem
1225 2362 1345 2435 absoluti

206 2499 247 2545 ac
268 2476 436 2560 relativi,
462 2484 499 2543 et
521 2475 665 2543 realiter
696 2476 802 2544 habet
831 2477 1028 2545 functiones
1051 2476 1255 2567 utriusque,
1277 2466 1345 2540 acsi

207 2584 295 2651 duae
323 2582 407 2652 illae
439 2584 594 2651 rationes
623 2589 738 2651 essent
768 2606 823 2652 res
853 2583 1053 2654 distinctae.
1083 2584 1267 2675 Propterea
1284 2580 1344 2647 laec

206 2688 389 2759 distinctio
412 2690 504 2759 inter
527 2690 724 2758 absolutum
748 2711 788 2759 ac
810 2690 1001 2760 relativum
1031 2690 1125 2760 sicut
1155 2692 1256 2759 etiam
1277 2688 1344 2755 ictor

206 2798 422 2867 intellectum
445 2804 481 2867 et
504 2798 720 2868 voluntatem
743 2799 781 2866 in
806 2799 926 2868 ordine
948 2801 992 2868 ad
1017 2799 1176 2868 diversas
1191 2790 1344 2889 processio·

206 2928 267 2974 nes
283 2906 370 2974 Filii
394 2929 434 2975 ac
459 2905 615 2996 Spiritus
632 2906 753 2975 Sancti
765 2907 882 2996 magis
898 2908 1035 2998 proprie
1051 2907 1185 2977 dicitur
1200 2900 1344 2975 virtualis

208 3035 309 3104 quam
333 3014 445 3082 altera
469 3014 561 3082 inter
584 3015 758 3082 attributa
781 3016 955 3084 absoluta.
973 3014 1048 3085 Hoc
1070 3017 1178 3085 etiam
1196 3006 1345 3085 sensuit·

140 3174 143 3183 .
208 3122 290 3188 bent
312 3121 467 3210 intelligi
491 3121 547 3188 illi
570 3122 738 3211 theologi,
765 3123 825 3213 qui
850 3124 973 3192 dicunt
995 3127 1157 3190 maiorem
1185 3115 1351 3190 distinctio·

206 3252 280 3292 nem
301 3250 375 3296 esse
391 3229 484 3297 inter
503 3229 687 3298 essentiam
711 3237 748 3298 et
769 3252 949 3318 personam
966 3252 1069 3321 quam
1084 3231 1178 3299 inter
1193 3224 1359 3299 essentiam

206 3341 242 3402 et
264 3334 438 3402 attributa
461 3337 522 3421 (of.
541 3337 664 3404 Petav.
684 3336 725 3405 de
739 3338 810 3406 Deo
827 3338 852 3405 l.
870 3338 900 3405 I.
922 3362 951 3407 c.
968 3339 1022 3406 10.
1039 3362 1074 3406 n.
1092 3339 1163 3426 10).

274 3441 461 3532 Supposita
477 3443 594 3535 itaque
611 3442 836 3533 simplicitate
854 3453 890 3515 et
906 3446 1042 3515 unitate
1062 3447 1139 3532 Dei,
1158 3446 1249 3516 sicut
1267 3428 1384 3514 testie

206 3550 387 3619 distinctio
404 3572 628 3640 personarum
643 3552 737 3621 inter
752 3576 787 3622 se
804 3554 986 3623 evidenter
998 3555 1152 3627 ostendit
1167 3578 1269 3624 unam
1281 3566 1385 3621 sun?

207 3682 296 3727 mam
318 3682 391 3726 rem
414 3658 707 3748 simplicissimam
737 3685 805 3728 non
837 3663 949 3730 solum
973 3670 1139 3752 conceptu
1169 3673 1284 3731 nostro
1308 3654 1385 3729 sel

207 3766 243 3833 in
268 3787 304 3832 se
328 3765 432 3832 simul
455 3788 529 3834 esse
553 3766 749 3834 absolutum
772 3773 808 3836 et
831 3769 1037 3856 relativum,
1062 3762 1247 3837 'iraeadem
1269 3766 1382 3837 realib

207 3871 387 3939 distinctio
410 3896 477 3940 non
501 3874 611 3940 solum
636 3875 898 3944 fundamentum
922 3878 1065 3967 praehet
1084 3878 1143 3946 sed
1168 3879 1301 3946 omnino
1315 3900 1385 3946 ne‘

207 3981 395 4048 cessarium
418 3981 546 4064 reddit,
566 3987 607 4050 ut
629 3982 771 4050 eandem
795 4006 962 4053 summam
977 4009 1049 4055 rem
1065 3985 1246 4055 distinctis
1268 3986 1385 4055 notio*

207 4086 310 4155 nibus
332 4086 486 4156 absoluti
509 4095 544 4157 et
565 4090 710 4158 relativi
733 4092 977 4182 concipiamus.

276 4196 415 4264 Veritas
438 4198 621 4289 utriusque
645 4207 830 4289 conceptus
853 4200 938 4270 licet
961 4201 1187 4293 inadaequati
1218 4210 1315 4293 patet
1335 4228 1373 4275 ex

208 4301 330 4390 dictis;
357 4304 545 4373 necessitas
567 4313 683 4376 autem
706 4312 807 4376 tanta
829 4316 893 4393 est,
917 4314 960 4377 ut
982 4309 1122 4378 sublata
1144 4309 1211 4378 hac
1236 4311 1375 4381 distinc-

206 4408 301 4480 tione
323 4410 506 4501 utriueque
530 4413 688 4482 formalis
710 4414 861 4483 rationis
891 4413 1005 4505 ipsum
1037 4415 1162 4504 dogma
1186 4415 1376 4489 Trinitatis
