3172 4950
648 312 687 328 -
708 281 769 342 477
788 310 827 328 ..

230 386 299 457 lluo
317 384 503 456 referenda
517 388 572 455 est
586 385 691 455 'etiem
706 385 876 477 professio
893 386 1027 457 diserta
1043 385 1195 476 symboli
1210 385 1325 457 Atha·

188 493 318 579 nesiani,
345 493 436 586 quod
458 492 598 562 saeculo
621 493 690 561 iam
707 493 790 563 VII.
807 493 946 583 publico
962 494 1000 561 in
1022 517 1090 562 usu
1112 493 1222 563 fuisse
1244 518 1323 565 oon·

188 608 239 674 stat
254 625 295 671 ex
317 601 507 672 canonibus
529 599 911 691 Augustoduneusibus
926 601 1032 671 editis
1055 603 1119 670 sub
1143 601 1179 672 S.
1198 603 1326 673 Leode·

189 710 262 802 guio
281 730 372 778 anno
396 708 462 777 676
485 708 545 777 vel
567 708 633 776 677
661 707 732 794 (1),
766 713 803 777 et
832 708 969 777 saeculo
998 708 1063 778 VI.
1085 708 1227 778 ineunte
1256 709 1326 780 iam

190 816 338 887 exstitisse
361 814 468 885 certis
483 815 701 904 argumentis
712 815 905 905 probarunt
919 814 1063 885 eruditi.
1081 815 1171 886 Vide
1187 816 1326 907 Ioseph.

191 926 377 995 hntelmium
399 923 441 992 de
465 922 585 1012 Symb.
600 923 760 1008 Athen,
785 922 997 992 Ballerinios
1020 923 1164 1021 Observ.
1187 925 1232 994 ad
1255 925 1326 995 dis·

192 1039 251 1103 sert.
262 1033 358 1102 XIV.
374 1030 568 1113 Quesncllii
586 1030 686 1122 (Opp.
703 1031 740 1099 S.
750 1031 876 1099 Leonis
890 1031 933 1100 Τ.
945 1032 1014 1100 ΙΠ.
1030 1031 1145 1122 p.954.
1160 1035 1243 1125 sq.);
1256 1032 1328 1101 hle·

192 1141 293 1211 ratium
314 1140 368 1230 (in
381 1138 561 1208 Thesauro
575 1136 766 1209 Zachariae
783 1139 824 1206 Τ.
835 1138 904 1207 ΙΠ.
919 1163 955 1229 p.
969 1139 1048 1209 413.
1064 1143 1144 1232 sq.);
1159 1141 1206 1209 cf.
1220 1140 1328 1230 Pape-

193 1246 343 1316 hrochium
366 1246 523 1336 (Respos.
550 1244 596 1313 ad
620 1243 766 1313 exhibit.
787 1266 895 1315 error.
918 1245 960 1312 Τ.
979 1246 1029 1314 Π.
1054 1251 1125 1315 art.
1147 1245 1203 1314 13.
1221 1255 1258 1330 g:
1276 1246 1342 1332 4).

194 1350 333 1447 Quisquis
355 1353 470 1443 igitur
493 1350 541 1420 sit
562 1355 685 1420 auctor
708 1349 815 1419 huius
838 1351 1007 1441 symboli,
1033 1358 1125 1421 certe
1156 1353 1217 1422 diu
1246 1359 1328 1423 ante

194 1464 278 1527 ortam
298 1457 571 1529 controversiam
592 1455 733 1547 publica
754 1462 832 1525 erat
852 1456 947 1526 Cleri
969 1462 1006 1526 et
1020 1457 1141 1549 populi
1163 1458 1329 1529 catholici

195 1568 337 1654 professio
360 1565 465 1651 fidei,
492 1587 559 1657 qua
575 1565 707 1634 dicitur
734 1564 926 1655 «Spiritus
950 1566 1100 1635 Sanctus
1123 1591 1145 1632 a
1168 1568 1274 1635 Patre
1297 1580 1329 1634 et

198 1668 268 1740 Filio
287 1698 354 1749 oon
372 1674 494 1762 factus
515 1694 574 1738 nec
597 1685 728 1738 creatos
751 1695 810 1738 uec
830 1674 968 1761 penitus
991 1671 1048 1738 aed
1057 1671 1282 1762 procedemus.

241 1778 355 1850 Patres
377 1780 467 1848 alios
493 1779 624 1847 latinos
652 1777 873 1847 Hormiedam
904 1783 982 1868 (ep.
1010 1778 1055 1847 ad
1081 1780 1211 1849 lustin.
1238 1781 1326 1871 Imp.

194 1880 282 1956 llansi
300 1886 403 1958 VIII.
418 1910 453 1976 p.
468 1886 560 1971 521),
587 1884 796 1974 Gregorium
817 1884 880 1970 M,
905 1883 1129 1972 Eucherium,
1154 1886 1331 1976 Vigilium

197 1987 386 2082 tapsensem,
412 1992 641 2077 Gennadium,
666 1990 816 2061 Avitum
838 1990 1079 2076 Viennensem,
1105 1990 1331 2062 Paschasium

199 2091 361 2173 Diaconum
376 2100 462 2190 (nisi
477 2099 509 2168 is
525 2099 574 2168 sit
587 2099 742 2167 Faustus
756 2098 955 2189 Regiensis)
973 2105 1040 2168 etc.
1054 2099 1135 2170 vide
1158 2101 1252 2190 apud
1269 2100 1330 2168 Pe·
1433 2157 1437 2161 .

197 2206 251 2277 tar.
271 2209 295 2280 1.
321 2208 407 2281 VII.
433 2227 509 2298 cap.
532 2208 566 2276 8.
584 2230 619 2276 n.
643 2207 676 2276 5.
695 2221 762 2299 sq.;
779 2206 934 2300 Lequien
958 2206 1097 2278 dissert.
1118 2208 1279 2278 Damaso.
1296 2207 1328 2279 Ι.
1444 2258 1446 2264 ,

198 2315 332 2386 n.4.10.
370 2354 377 2364 ·

245 2420 434 2492 Consensue
457 2427 549 2491 certe
571 2421 657 2491 talis
679 2426 733 2490 aet
754 2420 792 2488 in
814 2420 948 2490 diserta
969 2419 1182 2511 professione
1204 2419 1332 2490 doctri·

197 2543 260 2615 nee,
281 2536 323 2599 ut
336 2530 369 2598 ie
385 2530 487 2597 iuxta
502 2529 677 2620 principia
691 2529 733 2598 de
747 2528 938 2598 traditione
954 2527 1126 2598 catholica
1142 2550 1230 2620 quae
1245 2528 1333 2598 alibi

196 2627 495 2722 demonstravimus,
512 2657 581 2703 non
603 2635 745 2704 aliunde
769 2657 871 2728 quam
894 2657 936 2704 ex
960 2635 1173 2707 revelatione
1196 2635 1333 2727 scripta

197 2740 239 2809 vel
255 2744 387 2814 tradita
409 2747 445 2813 et
468 2766 509 2812 ex
539 2743 700 2831 legitime
727 2742 959 2834 explicatione
988 2742 1217 2812 revelationis
1244 2741 1333 2812 deri·

197 2848 261 2920 sari¹
272 2849 438 2941 potuerit.
451 2849 614 2941 Adeoque
630 2848 736 2917 etiam
751 2850 939 2919 seeundum
953 2849 1070 2918 eadem
1086 2849 1259 2940 principia
1275 2848 1335 2919 vel

196 2967 227 3017 cx
243 2956 307 3024 solo
330 2977 498 3025 consensu
520 2955 665 3024 Petrum
689 2954 953 3024 occidentalium
977 2961 1111 3026 eertum
1132 2955 1255 3025 haberi
1277 2955 1335 3024 de·

197 3049 255 3146 bet,
277 3061 354 3131 fieri
376 3083 445 3130 non
466 3060 621 3152 potuisse
643 3064 685 3128 ut
707 3060 871 3130 ecclesiae
894 3066 930 3129 et
944 3060 1067 3131 Patres
1090 3061 1237 3134 orientis
1257 3083 1334 3131 con·

196 3179 275 3238 ”usu
296 3167 469 3239 commuui
484 3172 712 3259 sequerentur
727 3162 923 3238 doctrinam
941 3168 1132 3259 oppositam
1148 3170 1210 3256 (cf.
1227 3191 1336 3260 supra

196 3286 221 3355 p.
229 3273 293 3347 156.
306 3276 399 3364 157).
414 3273 548 3359 Quodsi
558 3273 781 3343 orientalium
793 3272 952 3343 doctrina
966 3297 1034 3342 non
1049 3280 1140 3344 esset
1155 3275 1333 3366 explicita,

195 3380 338 3476 duodus
353 3378 518 3475 loquendi
530 3380 716 3469 ambiguus
731 3386 835 3471 atque
852 3381 1041 3469 obscurior;
1055 3382 1119 3452 hoe
1135 3406 1243 3452 unum
1259 3406 1336 3453 oon-

195 3495 398 3577 ”queretnn
424 3489 515 3582 quod
538 3488 681 3558 illorum
703 3487 912 3557 sententiam
935 3510 976 3556 ex
989 3488 1155 3575 diserta,
1182 3489 1280 3559 clara
1302 3497 1339 3560 et

194 3597 342 3667 ommuni
365 3595 525 3666 doctrina
547 3593 815 3664 occidentalium
837 3593 1012 3685 explicare
1035 3594 1153 3688 sicque
1173 3595 1219 3664 ad
1234 3596 1337 3665 intel·

193 3686 299 3774 lotum
323 3703 535 3773 catholicum
550 3702 709 3791 redigere
725 3706 911 3794 oporteret.
926 3702 1023 3786 Quae
1044 3703 1219 3794 principia
1235 3703 1266 3773 si
1280 3725 1340 3772 na·

193 3814 259 3892 esne
287 3809 530 3897 schismatici,
556 3809 644 3900 ipsis
668 3809 898 3879 orientalibus
921 3809 1206 3880 SS.Doctoribus
1229 3811 1339 3880 maxi·

193 3915 242 3986 uis
261 3918 531 4004 contradicunt,
557 3918 651 3989 viam
674 3918 746 4010 sibi
759 3916 947 3987 occludunt
961 3916 1173 3987 conciliandi
1195 3918 1288 3988 inter
1303 3939 1339 3988 se

226 4095 269 4176 (1)
287 4102 323 4155 In
345 4115 450 4155 cenom
462 4099 487 4153 1.
500 4097 632 4159 edicItur:
656 4074 707 4154 «sl
726 4099 791 4168 quis
814 4096 974 4168 presbyter,
988 4097 1133 4168 dlaconus,
1148 4098 1339 4156 subdiaconus

188 4188 224 4243 rel
243 4189 372 4245 clericus
390 4189 548 4255 symbolum
568 4188 642 4257 quod
657 4188 760 4242 Sancto
778 4189 941 4259 inspirante
964 4188 1074 4257 Splritu
1097 4190 1229 4257 Apostoll
1249 4188 1338 4244 trsdl·

188 4275 300 4347 lerunt,
323 4281 352 4331 et
370 4278 469 4330 Fidon
486 4280 515 4332 s.
526 4279 681 4332 Athanasii
696 4280 839 4335 Praenestis
858 4279 1155 4353 irreprehensibiliter
1171 4293 1228 4337 non
1244 4292 1339 4333 recem

188 4368 268 4423 ruerit
278 4407 287 4440 ,
310 4366 346 4421 sb
362 4364 502 4440 Episcopo
522 4366 762 4426 condemnetur.»
