3172 4950
698 334 735 348 -
757 303 877 365 294,-

202 428 382 500 personam
406 408 609 477 distinctam
631 407 812 499 pervenit,
839 407 871 476 si
893 414 1010 475 tamen
1034 428 1074 475 eo
1104 407 1272 496 pervenit.
1293 407 1340 477 Ille

202 517 263 610 qui
285 517 452 608 apparuit
474 516 697 602 Abrahamo,
722 517 861 606 Agari,
887 515 1035 601 Iacobo,
1060 514 1180 603 Moysi
1202 513 1340 600 inruho,

201 622 329 716 populo
340 624 452 693 Israel
469 624 506 692 in
524 624 621 709 Sina,
639 625 678 692 in
693 626 783 692 nube
799 631 881 708 etc,
901 622 1043 691 Philoni
1065 631 1121 693 est
1136 623 1151 687 ὁ
1169 624 1249 696 &scos
1269 622 1342 712 loyce.

201 734 357 804 Vocatur
379 734 470 802 idem
492 733 750 823 Archangelus,
776 733 936 821 Angelus
959 755 1126 819 summus,
1151 733 1345 823 interpresut

201 841 362 911 minister
384 842 470 927 Dei,
496 865 649 911 summus
674 842 842 912 Sacerdos
864 841 903 909 in
926 845 991 910 hoc
1007 843 1187 927 universo,
1205 841 1345 932 primoge-

200 952 299 1020 nitus
321 952 409 1036 Dei,
436 952 550 1040 imago
572 951 657 1036 Dei,
682 951 774 1020 alter
796 952 902 1035 Deus,
927 950 1063 1019 medius
1078 950 1174 1020 inter
1196 950 1346 1019 Deumin

202 1059 418 1148 genitumst
440 1066 620 1130 creaturas
640 1060 702 1147 (l),
728 1058 807 1129 idea
829 1058 998 1144 idearum,
1011 1058 1112 1128 locns
1135 1057 1255 1127 mundi
1268 1056 1346 1126 intel·

199 1166 363 1257 ligibilis,
389 1168 468 1238 idea
491 1169 686 1259 archetypa
708 1175 777 1237 etc.

267 1276 322 1345 Ex
354 1276 512 1345 omnibus
542 1277 702 1345 Philonis
731 1275 878 1345 theoriis
909 1275 999 1345 illud
1034 1282 1089 1345 est
1118 1275 1343 1362 clarissimum,

201 1385 292 1478 qnod
315 1384 575 1455 distinctionem
598 1386 691 1454 inter
713 1386 824 1454 Deum
848 1385 949 1455 cuius
971 1390 1026 1453 est
1048 1384 1216 1470 Verbum,
1230 1387 1345 1454 etinta

200 1495 354 1564 Verbum
376 1493 414 1560 in
438 1493 635 1584 Scriptnris
658 1493 795 1586 quidem
825 1493 980 1583 reperit,
1006 1492 1067 1561 sed
1097 1493 1176 1561 eius
1206 1494 1344 1562 rationes

200 1625 242 1671 ac
264 1603 402 1671 modum
428 1624 471 1670 ex
502 1602 686 1693 principiis
718 1600 959 1692 philosophiae
982 1622 1129 1690 graecae
1159 1608 1197 1670 et
1226 1602 1344 1668 maxine

201 1732 243 1779 ex
265 1711 355 1780 ideis
377 1710 571 1779 Platonicis
593 1710 768 1801 explicare
792 1709 983 1778 instituens
1000 1709 1217 1799 theologiam
1238 1708 1344 1778 coniur-

201 1819 335 1904 mavit,
362 1841 450 1911 quae
463 1818 642 1888 Gnosticis
665 1826 701 1888 et
730 1818 853 1887 deinde
884 1816 1031 1886 Arianis
1060 1817 1266 1908 paradigma
1292 1836 1345 1887 essa

201 1933 340 2016 poterat
361 1930 405 1998 ad
431 1951 495 1997 sua
509 1926 754 2020 pclcccpcvpcaa.
775 1927 927 1997 Videtur
942 1949 1025 1995 sane
1041 1926 1174 1996 validis
1189 1929 1345 2017 probaton

201 2037 419 2125 argumentis
432 2060 577 2130 sequens
594 2035 763 2105 indicium
779 2036 1067 2123 Grossmannild)
1083 2036 1121 2104 in
1137 2037 1213 2105 suis
1230 2036 1344 2119 «Quae

201 2143 374 2215 stionibus
404 2145 620 2215 Philoneisn
647 2145 810 2235 (Lipsiae
842 2145 988 2232 1829.):
1024 2169 1141 2215 cesse
1171 2145 1253 2210 Secu
1282 2143 1345 2232 oye

200 2251 360 2320 Philonis
382 2258 544 2323 naturam
568 2278 636 2323 non
660 2275 869 2344 corpoream,
887 2260 923 2322 et
938 2274 959 2319 a
974 2253 1046 2322 Deo
1063 2254 1240 2324 diversam
1254 2274 1344 2346 qnan-

201 2380 304 2450 quam
327 2361 541 2451 proximam,
567 2363 626 2431 sed
650 2361 793 2431 eandem
816 2368 932 2431 tamen
948 2363 1021 2430 Deo
1037 2362 1249 2447 inferiorem,
1263 2383 1282 2428 a
1294 2361 1344 2428 Deo

200 2476 406 2564 prognatam
429 2477 465 2538 et
486 2492 508 2536 a
530 2469 602 2537 Deo
625 2469 841 2559 pendentem,
856 2492 945 2561 quae
968 2493 1074 2562 quum
1098 2492 1219 2539 earnm
1241 2488 1342 2550 rerum,

201 2602 288 2674 quas
310 2600 347 2644 τα
367 2575 526 2642 ἀκολουὲα
543 2602 594 2642 και
619 2600 696 2664 μετα
712 2579 783 2641 θεον
806 2578 909 2647 Philo
932 2579 1110 2669 appellare
1125 2579 1226 2664 solet,
1244 2574 1342 2669 prinei·

199 2694 320 2781 patum
343 2686 522 2772 obtineat,
549 2686 642 2756 inter
663 2687 774 2756 Deum
797 2693 918 2777 utpote
934 2693 1082 2756 mentem
1098 2710 1216 2756 rernm
1233 2686 1342 2781 univer

201 2798 321 2867 sitatis
349 2791 409 2882 (τον
432 2792 663 2860 recitassem
703 2796 923 2884 causaliter)
959 2804 995 2867 et
1025 2799 1193 2865 mundum
1223 2795 1341 2864 median

201 2903 380 2998 quemdam
403 2904 517 2971 locum
541 2909 695 2992 occupet,
713 2904 856 2992 perinde
880 2910 921 2972 ut
944 2904 981 2972 in
999 2904 1151 2973 hominis
1174 2927 1224 2969 rev
1241 2898 1343 2999 βραχεσς

199 3033 312 3098 κοσμου
324 3017 453 3079 natura
467 3009 654 3079 individua
667 3007 753 3098 loyce
765 3012 858 3081 inter
868 3035 933 3076 cccv
945 3018 980 3081 et
988 3013 1135 3093 ἀισθησιν
1143 3010 1342 3104 interpositus

200 3124 276 3202 est,
302 3118 367 3186 hoc
389 3117 590 3207 plenissime
613 3124 773 3188 constare
796 3118 961 3188 arbitror.
989 3119 1057 3188 Sed
1089 3118 1341 3211 quemadmodum

199 3227 277 3316 ipsa
288 3224 446 3293 Philonis
460 3225 639 3315 theologia
647 3226 799 3296 diversis
814 3250 856 3296 ex
869 3226 1053 3296 elementis
1066 3227 1218 3297 conflata
1233 3234 1296 3311 est,
1306 3223 1340 3290 iu

200 3355 251 3397 του
267 3333 353 3396 θεων
370 3330 459 3421 loyca
474 3355 577 3426 quarn
602 3334 775 3403 notionem
800 3335 962 3403 exhibuit
977 3386 985 3419 ,
1003 3334 1080 3407 ‚illa
1103 3358 1166 3425 pro
1190 3342 1339 3425 auctorum

200 3464 286 3535 qnos
309 3441 469 3533 sequitur
492 3442 676 3528 varietate,
693 3444 812 3512 varios
836 3443 981 3512 subinde
1005 3442 1137 3512 colores
1161 3443 1271 3513 duxit.
1288 3434 1340 3504 cll

197 3550 301 3620 libris
324 3551 415 3620 enim
438 3550 573 3620 divinis
596 3574 670 3620 sese
694 3553 863 3620 offerebat
886 3552 1047 3620 doctrina
1077 3551 1119 3620 de
1143 3552 1278 3643 Angelo
1295 3547 1339 3615 Dc

199 3660 297 3748 mini;
316 3660 353 3730 in
369 3659 589 3750 philosophia
612 3659 770 3728 Platonis
794 3659 872 3728 idea
894 3660 1064 3747 idearum,
1080 3682 1198 3731 rernm
1221 3658 1340 3730 omniun

253 3894 296 3971 (1)
315 3902 355 3967 Ta
378 3903 403 3952 ds
428 3898 594 3971 ἂρχαγγελῳ
620 3919 663 3952 και
686 3900 859 3970 πρεσβυτατῳ
887 3904 958 3969 λογῳ
981 3904 1074 3970 δωρεὰν
1094 3899 1230 3981 ἕξαιρετρν
1249 3884 1343 3954 {tonsi

200 4006 235 4042 τα
260 3989 312 4042 tua
326 4011 458 4060 γεννησας
481 4010 582 4061 resep,
606 3992 650 4045 ἵνα
668 3989 793 4061 μιθοριος
816 4012 883 4052 στας
906 4011 937 4043 το
961 4011 1101 4061 yssopum
1125 3995 1241 4064 διακρίνῃ
1259 3998 1341 4041 ccci?

194 4099 383 4141 »ποιηκοτος...
400 4095 505 4150 aarum
523 4078 555 4152 (ό
575 4079 681 4152 depost·
706 4103 778 4149 κᾳγω
799 4081 930 4138 dictarem
952 4081 1004 4134 ἀνα
1025 4102 1109 4152 precor
1135 4077 1342 4157 supracitatum

199 4168 259 4221 ὀυτε
277 4168 421 4239 ulysseum
438 4168 470 4230 ὥς
492 4169 504 4223 c'
524 4167 585 4231 Sec,
605 4171 636 4222 clu
657 4171 717 4224 ders
739 4190 848 4239 γενητος
870 4169 903 4231 ὥς
922 4173 1006 4240 ὑμεις,
1023 4172 1101 4224 ἀλλα
1121 4192 1206 4242 paruae
1228 4190 1270 4223 scr
1286 4166 1341 4234 ἂψ)

197 4259 359 4331 &peameca
379 4257 510 4331 ὁμερευων.
525 4261 546 4312 l.
559 4260 629 4324 Quis
643 4276 698 4312 rer.
711 4259 804 4313 divin.
819 4261 913 4314 heres.
933 4279 962 4328 p.
974 4260 1026 4314 509
1036 4260 1081 4313 ed.
1095 4262 1243 4316 Hoeschel.
1255 4256 1319 4313 1691.

194 4334 198 4340 ¹
251 4344 295 4421 (2)
303 4348 376 4403 Vide
387 4350 473 4402 etiam
486 4352 570 4403 Drenr
581 4350 780 4405 Lichtenstein
792 4352 822 4404 in
833 4351 896 4406 Ful.
909 4353 999 4405 theol.
1007 4352 1148 4406 trimestr.
1159 4344 1280 4416 '1¹ubing.¹
1286 4338 1341 4401 18⁴³·

197 4436 268 4490 isse.
279 4440 306 4492 3.
319 4454 347 4505 p.
359 4437 422 4492 886.
437 4454 502 4505 sqq.
