3180 4944
720 329 760 352 .-
781 296 842 357 330
863 330 901 343 -

226 426 332 472 uuum
348 396 506 495 idemque
516 401 664 486 omnino,
678 401 763 471 licet
775 404 823 473 sit
834 402 928 470 alias
940 407 976 470 et
986 400 1080 470 alius
1096 388 1216 493 sicque
1228 425 1298 471 non
1309 426 1347 473 ux

225 510 285 579 sed
307 516 399 597 tres;
426 510 490 579 hoc
513 510 628 600 igitur
652 536 755 579 sensu
778 519 851 580 tres
875 533 1040 601 personas
1056 532 1131 579 essa
1145 511 1347 601 perfectissi

225 619 542 687 consubstantiales
565 625 631 688 etc.
654 621 800 711 uNequc
820 620 936 688 Filius
954 625 1008 688 est
1023 620 1140 703 Pater,
1158 621 1286 712 quippe
1308 644 1347 688 uu

224 732 277 794 est
298 729 416 811 Pater,
434 727 494 795 sed
517 725 581 795 hoo
604 734 658 795 est
682 727 771 818 quod
794 727 917 814 Pater;
944 749 1054 818 nequa
1071 726 1230 816 Spiritus
1247 726 1347 797 Sanat

162 866 165 871 ·
224 840 278 902 est
299 834 428 923 Filius,
454 858 493 904 eo
517 834 607 926 quod
631 857 672 903 cx
696 835 767 903 Deo
790 840 862 923 est;
882 858 973 904 unus
989 840 1043 903 est
1059 835 1151 903 enim
1167 834 1347 924 Unigenitv

224 942 282 1011 sed
306 944 371 1011 hoc
397 948 452 1011 est
482 942 571 1034 quod
594 941 723 1010 Filius.
756 942 839 1009 Tria
863 943 943 1007 iaec
969 958 1174 1009 santonum
1199 942 1338 1023 deitate,

223 1074 326 1117 ansam
350 1051 409 1117 lace
433 1065 481 1120 est
506 1054 577 1116 tria
596 1051 909 1140 proprietatibus»
946 1049 975 1113 ἐν
992 1074 1030 1114 τα
1046 1072 1113 1143 τρια
1135 1051 1273 1129 accan,
1295 1074 1347 1115 aar

224 1157 252 1220 iv
269 1181 336 1243 τρια
352 1181 416 1229 ταις
434 1153 574 1226 idumeis
592 1142 740 1248 Gragcr.
758 1160 846 1228 Naz.
862 1182 912 1227 or.
928 1159 970 1226 31
989 1159 1051 1247 (al.
1066 1160 1124 1247 37)
1138 1184 1172 1227 n.
1188 1160 1222 1227 9.
1236 1159 1346 1249 Propt·

222 1267 356 1335 tatibus
379 1275 464 1335 sunt
485 1273 571 1353 tres,
598 1268 764 1337 videlicet
788 1270 851 1336 sub
875 1268 1016 1336 formali
1039 1268 1176 1337 ratione
1199 1267 1347 1361 Patrisp

222 1374 375 1461 guentis,
400 1373 488 1442 Filii
511 1373 635 1463 geniti,
659 1374 815 1463 Spiritus
839 1374 961 1442 Sancti
984 1374 1218 1463 procedentis,
1236 1394 1347 1465 quaes

221 1481 334 1550 tiones
350 1481 394 1549 ad
410 1482 559 1551 invicem
576 1481 747 1551 relativae
763 1488 858 1566 sunt,
877 1488 918 1550 ut
934 1482 1039 1572 paulo
1054 1488 1136 1550 ante
1153 1482 1289 1550 dixerat
1301 1480 1347 1549 (lu

220 1590 360 1677 gorius:
390 1588 621 1659 «differentia
645 1590 825 1659 relationis
842 1596 983 1659 mutuas
1000 1590 1219 1659 differentem
1236 1588 1347 1679 ipsorur

135 1722 139 1729 ·
220 1698 306 1766 fecit
328 1698 594 1788 appellationem
609 1725 640 1765 n.
665 1697 709 1767 In
733 1698 884 1766 formula
916 1698 1080 1787 baptismi
1113 1696 1276 1766 Salvator
1296 1695 1347 1763 ide

220 1812 391 1874 monstrat
413 1808 501 1876 satis
525 1830 610 1892 esse,
637 1807 668 1874 si
690 1806 728 1873 in
744 1805 862 1875 Patris
882 1811 918 1874 et
932 1805 1020 1874 Filii
1035 1812 1072 1873 at
1095 1805 1251 1894 Spiritus
1266 1802 1347 1873 Sanct

219 1914 452 2003 appellatione
476 1937 748 2005 permaneamus,
773 1913 818 1982 ad
840 1913 916 1982 eius
940 1914 1029 2006 quod
1052 1912 1285 1981 essentialiter
1306 1912 1347 1977 est

218 2025 491 2111 perceptionem;
518 2023 607 2115 quod
632 2022 769 2113 quidem
794 2038 826 2088 ct
848 2047 951 2088 ronam
967 2036 1015 2088 est
1032 2036 1064 2088 et
1081 2046 1149 2088 non
1167 2046 1276 2087 antem.
1290 2017 1347 2087 llas

220 2133 382 2197 essentiae
403 2134 540 2196 ratione
557 2146 604 2197 est
619 2155 737 2212 saniona·
749 2129 826 2198 ideo
842 2129 879 2197 in
895 2152 1002 2197 unum
1018 2151 1141 2197 nomen
1159 2128 1347 2217 (baptizante

218 2239 256 2302 in
279 2242 413 2305 nomine
435 2238 553 2308 Patris
576 2245 612 2308 et
632 2238 719 2306 Filii
735 2245 771 2306 et
788 2238 943 2327 Spiritus
967 2236 1104 2320 Sancti)
1126 2236 1290 2325 respicere
1306 2230 1347 2299 ll*

218 2344 332 2414 minus
353 2345 431 2434 lege
455 2368 519 2414 sua
542 2346 749 2416 constituit:
775 2345 835 2413 sed
857 2344 1131 2433 proprietatibus
1154 2338 1347 2410 notionclits

217 2451 438 2541 hypostaseon
463 2455 500 2518 in
524 2454 646 2522 Patris
669 2468 702 2519 et
724 2452 818 2520 Filii
841 2466 872 2517 et
896 2452 1050 2540 Spiritus
1072 2451 1195 2518 Sancti
1208 2436 1347 2539 fidensl

216 2562 385 2625 scernitar
408 2559 557 2627 indivise
572 2559 772 2626 distinctum
797 2572 828 2625 et
852 2557 1031 2644 inconfuse
1047 2560 1209 2621 unitam»
1228 2556 1275 2642 (l)
1295 2550 1346 2620 Gr

216 2690 291 2754 gor.
310 2669 400 2757 Nys.
421 2676 530 2737 contr.
549 2668 697 2735 Eunom.
725 2665 750 2734 l.
769 2665 978 2754 1.·u.11.p.
998 2664 1031 2731 3.
1056 2664 1108 2732 At
1130 2663 1343 2732 doctrinata

215 2777 360 2845 Patrum
383 2783 458 2846 tum
483 2777 686 2867 Scripturae
709 2774 777 2843 huo
800 2775 980 2864 pertinens
1003 2796 1045 2842 ex
1072 2771 1304 2861 superioribus
1321 2790 1347 2835 τι

214 2885 363 2974 petenda
385 2892 457 2971 est;
484 2885 542 2953 hic
565 2884 677 2952 solum
695 2883 737 2951 ds
760 2882 958 2952 deducendo
981 2905 1023 2951 ex
1047 2880 1113 2949 illa
1127 2887 1164 2949 et
1179 2868 1347 2948 declarari

214 3001 381 3084 conceptu
404 3018 523 3062 sumus
547 2992 705 3062 solliciti.

279 3102 329 3169 Ut
352 3108 459 3193 patet,
478 3108 554 3171 tota
577 3101 661 3170 haec
685 3088 846 3169 doctrina
861 3106 897 3169 et
911 3097 1116 3167 nominatim
1138 3097 1347 3165 Lateranens

214 3210 370 3278 definitio
384 3211 428 3279 ad
444 3209 571 3300 duplex
589 3210 714 3300 dogma
729 3208 886 3277 revocari
899 3213 1022 3297 potest.
1039 3206 1168 3289 Unum,
1183 3204 1272 3296 quod
1284 3200 1347 3272 vela

214 3315 477 3386 fundamentum
501 3318 723 3407 supponitur,
741 3323 816 3385 tum
841 3316 972 3385 lumine
995 3313 1145 3382 rationis
1160 3319 1237 3381 tum
1252 3308 1347 3380 revolt

212 3424 306 3493 tione
319 3425 689 3510 innotescit,nimirum
705 3412 830 3513 dogma
846 3423 996 3491 unitatis
1009 3427 1044 3489 et
1056 3416 1346 3510 simplicitatist

213 3533 302 3624 quod
318 3533 457 3602 infinita
474 3533 625 3602 essentia
641 3532 763 3601 divina
779 3530 972 3600 necessario
988 3551 1059 3596 una
1075 3534 1140 3612 est,
1156 3534 1233 3594 tum
1248 3526 1347 3594 unitat

212 3665 298 3734 quae
322 3643 509 3734 opponitur
524 3640 826 3730 multiplicationi,
844 3646 918 3707 tum
939 3636 1076 3706 unitate
1094 3655 1182 3727 quae
1200 3632 1347 3724 opposita

211 3751 326 3819 cuivis
349 3748 589 3839 compositioni
612 3770 679 3815 non
703 3746 814 3815 solum
838 3743 1005 3834 physicae
1028 3765 1069 3810 ex
1094 3740 1258 3830 partibus
1280 3734 1347 3807 roal

210 3856 286 3938 bus,
301 3855 360 3923 sed
377 3855 482 3923 etiam
497 3852 769 3943 metaphysioae,
785 3873 872 3942 quae
889 3854 1060 3936 exsurgat
1074 3870 1116 3916 ax
1135 3845 1286 3915 diversis
1300 3862 1347 3934 gu

209 3961 312 4029 dibus
335 3962 497 4031 entitatis
515 3986 592 4031 curn
609 3960 782 4030 obiectiva
797 3958 1010 4049 praecisione
1023 3957 1116 4023 inter
1133 3976 1169 4022 se
1186 3948 1347 4022 distinctu

207 4069 342 4158 Dogma
353 4069 504 4137 alterum
516 4092 558 4136 ex
571 4070 645 4137 sola
657 4067 870 4138 revelatione
882 4062 1114 4154 cognoscibile
1127 4061 1258 4131 directe
1270 4077 1347 4127 enus

277 4232 319 4309 (l)
339 4241 378 4305 Tc
396 4258 444 4307 μεν
464 4259 515 4307 γαρ
530 4243 600 4307 λογῳ
621 4257 666 4296 της
684 4236 777 4295 &aaron
796 4233 820 4287 ἓν
841 4234 922 4287 ἐστι..
936 4250 989 4291 τοις
1002 4234 1028 4282 δε
1049 4247 1230 4300 ‘praecaveam
1255 4245 1299 4276 sav
1313 4220 1347 4274 in

207 4345 325 4380 στασεων
347 4326 483 4397 ἰδιωμασιν
506 4327 541 4386 ist
560 4344 659 4395 nasp03
678 4345 705 4374 τε
729 4345 771 4375 και
793 4322 847 4377 icoc
875 4342 916 4372 aas
938 4318 1018 4386 ἀγιου
1041 4330 1193 4389 πνευματος
1215 4333 1302 4368 aratu
1321 4312 1347 4359 Ε

986 4406 994 4427 ι
1097 4428 1106 4446 P

205 4432 288 4488 ρηται·
308 4419 477 4477 &tractarat
497 4436 523 4466 vs
544 4412 713 4486 μεριζομενον
735 4436 777 4465 και
796 4413 960 4482 ἀσυγχυτως
980 4427 1131 4477 stoupssiv.
