3172 4950
684 368 722 403 -,·
743 334 784 397 63
804 365 843 380 -

204 448 305 517 modo:
330 467 463 517 aunum
487 434 620 515 dieitur
644 443 681 511 in
704 441 750 510 iis
772 463 861 534 quaa
884 447 968 510 sunt
990 440 1144 510 eiusdem
1164 441 1346 524 essentiae,

203 580 267 625 eun
284 555 392 624 eadem
414 560 469 624 est
489 558 620 621 natura
642 544 877 619 etdistinotse
893 569 1070 639 personee3
1089 571 1131 616 ex
1157 570 1223 640 quo
1239 547 1346 617 illud:

204 670 230 720 et
249 656 308 721 triu
328 677 429 723 snum
451 668 560 720 sunta
586 680 618 721 το
641 656 670 721 ἐν
698 657 746 722 ἐπι
770 678 822 742 μιν
849 678 905 720 των
930 656 1087 742 ἑμοσυσιων
1106 653 1237 744 leyserus,
1269 655 1348 719 isba

203 783 321 833 τπτιτης
341 783 394 845 μεν
414 783 541 852 persua
564 762 699 856 ἑτερετης
724 759 1079 835 detumescentibus
1097 788 1149 827 και
1168 786 1206 827 τα
1220 785 1286 854 τρια
1302 762 1345 826 ἐν.

203 869 324 955 (Tantus
334 889 481 958 graecus
493 892 535 938 ex
551 871 616 941 Me.
626 872 817 967 larisiansi
830 872 1019 962 productus
1036 870 1201 940 aMartin
1214 870 1348 940 citatur

204 978 377 1046 aPorsonio
393 983 430 1046 et
451 978 632 1049 aForster
654 1004 689 1070 p.
708 982 743 1063 4.
765 1011 780 1044 a
794 983 828 1048 A
843 981 930 1050 New
946 980 1029 1048 Plea
1046 980 1101 1047 for
1124 978 1184 1048 the
1200 977 1359 1047 suthem·

204 1084 290 1173 tieity
309 1086 347 1153 of
376 1082 436 1153 the
460 1091 537 1153 text
556 1087 611 1155 lo.
631 1088 674 1157 V.
694 1088 726 1156 7.
744 1116 760 1150 n
780 1091 804 1172 ).
832 1088 940 1156 Porro
963 1086 1140 1176 allegatus
1170 1092 1224 1154 est
1253 1092 1349 1155 totus

205 1192 373 1261 versiculus
395 1199 431 1261 st
454 1198 572 1263 ex'stat
595 1216 719 1285 graece
742 1218 782 1264 ac
805 1194 915 1263 latine
939 1195 975 1262 in
999 1195 1088 1262 actis
1112 1192 1258 1262 Consilii
1281 1194 1348 1261 La-

203 1300 382 1385 tsr.IV,eui
395 1300 593 1383 ¹intererant
608 1310 644 1372 et
655 1304 773 1393 graeci
791 1303 927 1394 aliquot
941 1301 1108 1391 Episcopi
1124 1302 1250 1387 (Hasd.
1261 1301 1345 1370 VII.

204 1432 230 1497 p.
240 1396 304 1495 18);
327 1408 490 1499 deinceps
512 1409 643 1479 citatus
667 1412 711 1478 ab
732 1410 957 1479 Emmanuele
979 1408 1105 1477 Caleea
1128 1408 1262 1478 Graeco
1285 1431 1348 1498 pro
1384 1392 1390 1401 ⁶

191 1515 320 1584 -llraeais
341 1514 515 1586 scribente
539 1516 733 1588 saec.le
756 1516 1141 1604 (Combefis.Auctus1·.
1168 1517 1217 1584 H.
1238 1516 1277 1583 P.
1296 1516 1346 1584 Π.

205 1622 317 1721 pals)
338 1627 375 1692 st
389 1644 412 1690 a
434 1623 581 1714 Iosepho
596 1625 775 1714 Bryennio
799 1623 963 1694 monacho
987 1644 1111 1714 graeco
1128 1622 1349 1692 schismatico

205 1728 317 1801 ineunte
331 1752 421 1802 saec.
437 1731 505 1801 XV
521 1731 727 1819 (Griesbaoh
744 1731 1065 1821 dissert.oit.p.ll).
1084 1730 1241 1799 Habetur
1256 1753 1349 1799 nuno

206 1858 301 1907 sersus
320 1838 411 1907 idem
435 1838 472 1906 in
496 1838 644 1909 lectione
666 1839 903 1909 aeclesiastica
927 1838 1138 1907 Graecorum
1161 1842 1198 1906 et
1221 1838 1349 1905 Russo-

206 1948 260 2011 tun
277 1950 310 2013 et
330 1946 367 2013 in
391 1945 550 2014 versione
574 1968 764 2035 neograeea
788 1944 941 2035 (Bangel
957 1945 982 2012 l.
1000 1968 1029 2013 c.
1044 1950 1075 2025 ἓ.
1091 1943 1169 2028 22).
1195 1944 1263 2012 Pro
1278 1943 1349 2012 exi·

206 2052 308 2121 dentis
320 2052 358 2121 in
372 2052 473 2122 codd.
485 2053 663 2123 veteribus
679 2053 811 2123 adferri
828 2059 943 2144 potest
958 2052 1089 2121 directe
1112 2051 1350 2122 testimonium

206 2156 376 2251 iuPrologo
392 2161 430 2229 in
445 2184 520 2250 app.
540 2161 634 2230 cath.
652 2161 789 2231 nomine
810 2160 1029 2249 Hieronymi,
1050 2160 1226 2228 indirecte
1243 2159 1349 2229 eolla-

205 2263 241 2333 tio
255 2268 400 2337 codicum
415 2267 583 2337 instituta
598 2289 620 2335 a
636 2267 852 2363 Cassioddro.
871 2267 926 2335 Ex
943 2266 1118 2336 codicibus
1134 2265 1272 2355 graecis
1288 2266 1350 2357 qui

205 2364 383 2465 supersunt,
408 2380 483 2445 tres
508 2376 752 2461 nominantur,
777 2377 815 2445 in
829 2376 964 2469 -quibus
988 2375 1184 2446 versiculus
1211 2381 1348 2458 exstet,
1468 2450 1474 2459 ,

205 2478 399 2553 dublinensis
414 2482 710 2572 (Monfortianus),
721 2484 973 2553 ottobonianus
989 2483 1041 2570 (in
1051 2482 1250 2567 Vaticana),
1262 2482 1350 2550 Nea·

205 2588 351 2675 politanus
376 2572 485 2677 (saei.
504 2590 570 2658 XI.
582 2596 607 2678 );
639 2597 867 2681 susceperunt
892 2590 995 2659 illum
1026 2589 1160 2679 pariter
1182 2588 1350 2657 editiones

205 2692 440 2789 complutensis,
465 2698 605 2767 Erasmi
620 2699 672 2785 δ”,
697 2705 734 2769 et
749 2700 909 2788 deinceps
932 2697 1219 2789 reliquseomnes
1242 2717 1350 2788 usque

204 2802 532 2877 adllationalismum
554 2808 647 2876 inter
669 2808 908 2877 Protestantes
930 2805 1201 2896 praevalentem.

250 2910 419 2983 Postremo
443 2912 474 2980 si
497 2920 699 2983 contextum
730 2913 899 3003 epistolae
921 2912 1064 2980 Ioannis
1095 2911 1346 3001 inspiciamus,
1449 2908 1454 2913 ’

205 3018 313 3091 isoerte
326 3020 453 3090 omisso
468 3020 533 3090 hoo
550 3028 715 3091 commate
732 3021 873 3091 hiulcus
885 3020 1038 3105 videtur,
1057 3041 1096 3088 eo
1113 3019 1263 3088 admisso
1277 3026 1350 3110 tam

205 3128 362 3198 mucimus
376 3135 432 3199 est
448 3135 484 3197 et
508 3128 576 3196 sibi
599 3127 797 3213 cohaerens,
824 3134 865 3197 ut
888 3128 918 3196 si
942 3124 1140 3196 versiculus
1159 3126 1290 3195 alicubi
1313 3126 1350 3193 in

206 3228 307 3305 idoneis
338 3236 583 3306 instrumentis
613 3237 834 3327 reperiatur,
869 3234 1120 3325 gratulandum
1157 3234 1206 3302 sit
1228 3234 1270 3303 da
1293 3257 1351 3323 op·
1409 3324 1414 3331 .
1494 3294 1500 3305 .

206 3345 425 3426 amussim
447 3344 595 3415 lacunae
634 3343 864 3435 suppletione.
891 3344 966 3412 Hae
989 3348 1164 3432 permotus
1198 3342 1350 3411 conside·

207 3448 309 3521 suone
320 3458 506 3521 contextus
530 3452 604 3541 ipse
616 3451 821 3519 Protestans
837 3448 1027 3538 Bangelius
1043 3449 1224 3517 exclamat:
1240 3477 1257 3513 a
1271 3449 1352 3517 ada·

207 3559 333 3629 nnana
356 3558 612 3643 uersiculorum
636 3558 858 3627 cohaerentia
892 3580 1023 3625 omnem
1055 3556 1211 3625 codicum
1242 3580 1347 3646 penu·

207 3658 269 3733 risu
298 3673 539 3758 compensat..
555 3716 586 3734 ..
612 3663 752 3734 Certius
776 3665 918 3753 agnosci
941 3665 1006 3733 hoo
1042 3663 1174 3733 dietum
1199 3668 1264 3750 (v.
1284 3666 1351 3750 7.)

208 3776 300 3859 potest,
325 3796 430 3867 quam
452 3794 535 3863 pars
551 3772 631 3842 folii
647 3796 688 3841 ex
707 3772 796 3840 libro
813 3770 931 3863 aliquo
948 3770 1087 3856 amissa,
1106 3771 1236 3860 passim
1249 3794 1351 3863 quae·

207 3872 263 3965 sia,
282 3882 412 3951 alieubi
435 3886 575 3971 reperta
596 3886 634 3949 et
656 3880 693 3949 in
716 3886 793 3948 tote
817 3880 990 3948 strictura
1012 3878 1108 3970 parti
1124 3902 1192 3947 non
1204 3880 1351 3948 amissae

208 4000 398 4077 cupreus»
425 3990 476 4076 (l.
494 4012 522 4058 a.
540 3997 571 4072 ἓ.
588 3989 670 4074 28).
698 3988 787 4056 Sane
810 3988 921 4057 reciso
945 4011 980 4058 v.
1000 3989 1031 4056 7·
1055 3986 1144 4056 mira
1168 3986 1271 4057 valde
1298 3994 1352 4057 est

207 4080 304 4163 lautia
327 4122 362 4165 r.
380 4097 409 4163 8ἰ
427 4117 553 4185 genere
571 4093 775 4165 masculino:
794 4094 975 4185 «qnoniam
993 4100 1166 4163 creseunt.
1182 4146 1189 4163 .
1205 4144 1212 4161 .
1233 4096 1269 4160 lsi
1286 4110 1352 4161 tres

208 4212 284 4269 tuum
304 4210 389 4273 sunt
403 4228 434 4290 »3
469 4225 531 4272 naa
556 4202 631 4270 ulla
670 4190 811 4270 vide‘tur
847 4202 935 4269 satis
959 4207 1043 4292 apta
1066 4201 1142 4270 aius
1159 4200 1250 4269 ratio
1274 4200 1353 4270 dari

206 4320 277 4386 lbet
303 4312 375 4401 (cf.
396 4308 972 4400 Gregor.Naz.0r.31.a1.ae.n.
991 4310 1070 4397 19),
1098 4331 1185 4402 quaa
1208 4331 1250 4378 ex
1274 4331 1351 4378 oon·

207 4405 342 4490 cunata
358 4441 437 4490 oum
454 4441 559 4489 versu
572 4419 602 4485 7·
616 4422 764 4508 apparet
781 4415 1082 4487 manifestissima.
1098 4415 1246 4506 Insuper
1261 4415 1351 4507 quod
