3172 4950
856 186 893 199 -
918 155 975 216 126
996 188 1034 201 ..

363 260 599 345 declarabant,
619 284 681 330 nec
704 282 804 351 posse
827 259 901 330 ullo
917 261 1015 330 modo
1032 260 1110 332 dici
1129 266 1202 332 tres
1224 267 1375 333 naturas
1389 285 1453 332 seu
1468 270 1540 333 tres

363 369 523 453 deitates,
550 368 710 460 quamvis
734 368 807 438 sint
829 376 902 438 tres
925 392 1092 459 personae
1115 371 1221 439 unius
1244 370 1402 441 deitatis.

430 479 481 548 8¹⁹.
495 479 538 548 In
561 478 759 549 hominibus
782 480 857 548 sine
881 481 986 550 dubio
1010 479 1077 548 filii
1108 486 1193 550 sunt
1222 481 1434 571 parentibus
1464 506 1539 552 con·

363 587 614 656 substantiales
637 586 775 657 unitate
798 588 959 678 specifica
982 595 1143 674 naturae,
1161 594 1198 658 et
1212 589 1289 660 ideo
1313 595 1399 658 sunt
1420 589 1541 680 plnres

364 695 530 764 homines.
542 695 656 788 Atqui
678 695 851 765 Catholici
874 696 1058 790 utriusque
1079 697 1193 788 partis
1213 720 1330 767 omnes
1349 699 1537 788 negabant,

364 805 470 874 talem
493 804 636 874 admitti
659 826 758 895 posse
784 806 955 875 unitatem
977 813 1126 874 naturae
1153 806 1296 877 divinae
1318 814 1356 877 et
1386 809 1541 877 consub-

364 911 636 983 stantialitatem
659 933 897 1003 personarum,
916 913 1002 1007 quin
1025 915 1063 982 in
1086 914 1323 986 tritheismum
1347 915 1538 1000 incidatur,

363 1030 400 1093 et
422 1023 499 1093 ideo
522 1022 653 1092 diserte
676 1021 897 1091 affirmabant
919 1023 957 1091 in
984 1021 1101 1091 tribus
1128 1025 1285 1113 personis
1313 1023 1539 1093 identitatem

369 1123 584 1220 (ταυτοτητα)
609 1136 758 1199 naturae
786 1131 862 1212 ita,
893 1138 934 1200 ut
956 1137 1030 1202 tres
1054 1132 1127 1202 sint
1147 1154 1239 1201 unus
1258 1134 1367 1203 Dens.
1385 1131 1541 1200 Evidens

364 1246 420 1309 est
441 1238 567 1328 igitur,
585 1239 679 1309 inter
695 1237 893 1309 Catholieos
909 1240 1016 1310 etism
1033 1263 1103 1327 eos,
1122 1241 1184 1334 qui
1206 1241 1244 1309 in
1261 1241 1360 1310 modo
1376 1239 1541 1333 loquendi

364 1405 563 1460 vocabulorum
583 1404 755 1471 significatio
773 1416 826 1458 usu
845 1403 1071 1472 determinatur,
1097 1422 1129 1460 ac
1152 1405 1270 1474 proinde
1293 1407 1380 1461 etiam
1403 1407 1542 1473 signifiea-

365 1495 407 1549 tio
424 1495 584 1560 theologica
603 1492 812 1547 determinatur
832 1510 884 1562 per
905 1511 935 1549 se
954 1494 1068 1562 quidem
1081 1496 1225 1549 Ecclesiae
1248 1497 1296 1549 vel
1309 1497 1452 1550 communi
1463 1496 1540 1550 theo

365 1589 493 1652 logornm
515 1601 567 1639 usu
587 1584 765 1653 dogmatico,
786 1585 938 1638 secundum
960 1585 1030 1653 quid
1050 1587 1079 1638 et
1098 1587 1233 1653 polemice
1256 1591 1354 1655 potest
1374 1587 1463 1640 etiam
1476 1602 1541 1656 pen·

366 1675 431 1729 ders
451 1677 486 1729 ab
499 1677 588 1729 abusu
602 1676 817 1731 haeretieorum.
829 1677 859 1730 Si
870 1677 968 1744 itaque
988 1678 1019 1729 ln
1039 1676 1162 1730 formula
1179 1683 1301 1745 utraque
1319 1678 1441 1733 termini
1456 1677 1542 1735 iussa.

366 1766 537 1835 hypostasis,
555 1782 677 1831 persono
696 1768 860 1834 spectentur
880 1783 975 1835 sensu,
988 1782 1043 1835 qno
1062 1766 1273 1822 adhibebantur
1297 1767 1492 1821 acatholicis
1512 1768 1541 1820 in

366 1856 421 1908 illa
443 1855 638 1909 controversia
666 1857 825 1924 saec.1V.,
847 1856 999 1910 discrimen
1018 1859 1094 1911 reale
1120 1858 1233 1911 nullum
1247 1860 1325 1910 erat.
1347 1856 1542 1926 asspectum

367 1960 434 1999 usus
449 1945 625 1999 universalis
636 1962 653 1998 a
666 1947 765 2000 multis
777 1962 851 2000 nnnc
864 1947 986 2001 sacculis
1000 1948 1056 2000 iam
1068 1949 1259 2014 consecratus,
1272 1946 1415 2012 essentia,
1430 1952 1542 2012 nature,

366 2036 530 2090 substantie
539 2037 615 2090 sicut
624 2036 704 2092 iesse
718 2040 747 2090 et
760 2051 838 2107 φυσις
852 2036 1027 2091 adhibentur
1036 2038 1099 2091 sine
1109 2037 1276 2090 discrimine
1286 2037 1320 2090 de
1334 2037 1455 2102 deitate,
1468 2035 1502 2089 de
1512 2051 1543 2090 eo

367 2125 442 2194 quod
460 2129 505 2180 est
524 2126 684 2187 absolutum
706 2130 736 2180 et
757 2142 842 2179 unum
862 2127 981 2181 realiter
999 2142 1143 2181 commune
1164 2127 1260 2181 tribua
1282 2112 1445 2194 distinctis,
1460 2126 1543 2181 visis

366 2216 420 2271 sim
441 2220 499 2270 tres
516 2217 649 2271 distincti
662 2217 797 2270 dicuntur
812 2217 983 2284 hypostases
998 2220 1044 2271 vel
1055 2233 1208 2286 personae.
1219 2218 1326 2271 Nomen
1339 2232 1472 2283 graecum
1483 2216 1543 2273 iss-

366 2328 463 2368 esees;
476 2308 533 2361 lam
546 2308 673 2361 vertitur
685 2308 873 2371 subsistentia,
886 2309 1009 2360 latinum
1024 2324 1090 2362 vero
1103 2308 1265 2360 niterensis
1277 2307 1434 2375 respondet
1446 2321 1544 2373 vasco

365 2396 444 2449 iesse
456 2395 504 2469 (ci.
517 2393 864 2467 anfln.11.1s.1.1.c.29).
877 2396 957 2450 Unde
968 2381 1024 2450 ianr
1038 2397 1083 2450 iss
1099 2412 1155 2450 non
1169 2400 1215 2450 est
1224 2396 1318 2450 dicere
1328 2411 1414 2449 unam
1427 2395 1544 2451 iecere·

367 2507 418 2553 ess,
429 2503 480 2540 nec
489 2489 591 2541 saltem
601 2488 663 2541 sine
675 2485 772 2540 addito
783 2486 918 2540 dicendae
930 2489 1003 2539 sunt
1014 2489 1074 2539 tres
1084 2486 1276 2552 substantiae,
1289 2485 1338 2538 sed
1348 2499 1406 2537 nna
1416 2485 1545 2539 substau-

365 2574 409 2628 tla
427 2578 457 2629 et
475 2579 536 2630 tres
554 2576 736 2645 hypostases.
757 2577 788 2630 Si
811 2591 896 2644 porro
916 2591 984 2629 usus
1005 2577 1149 2643 spectetur
1172 2575 1342 2642 polemicus,
1360 2574 1475 2627 saeculo
1486 2573 1544 2641 qui·

366 2664 429 2718 dem
445 2667 495 2721 IV.
513 2666 563 2720 illi
575 2667 627 2734 qni
644 2667 833 2720 nominabant
843 2681 927 2719 unam
942 2666 1092 2720 incessere
1107 2665 1246 2732 divinam,
1268 2665 1330 2717 sius
1344 2664 1431 2717 dubio
1448 2663 1544 2741 impul,-

367 2755 420 2808 mis
440 2761 578 2810 assertum
598 2758 734 2811 volebant
760 2758 899 2811 unitatem
921 2757 1092 2810 numericam
1120 2756 1263 2809 essentiae
1283 2754 1422 2820 divinas,
1444 2770 1499 2820 ns,
1519 2754 1545 2808 si

368 2847 427 2899 tres
447 2846 576 2901 dicerent
596 2847 784 2915 hypostases,
807 2847 954 2900 videretur
973 2862 1029 2899 non
1051 2846 1124 2900 satis
1143 2845 1258 2899 excludi
1277 2845 1386 2898 Ariana
1398 2843 1544 2911 separatio

367 2937 456 2990 trium
478 2938 676 3004 hypostasium
688 2937 818 2990 diversae
832 2941 962 3003 naturae,
978 2939 1025 2990 rel
1036 2953 1071 2990 ne
1087 2936 1261 3003 simpliciter
1275 2933 1450 3002 appellando
1462 2949 1545 2986 unam

368 3026 458 3080 ὀυσιαν
466 3026 583 3079 Arianis
592 3027 668 3080 viam
677 3028 877 3095 relinquerent
885 3027 920 3081 ad
929 3026 1107 3080 inferendam
1118 3025 1286 3081 calumniam
1301 3024 1472 3091 tritheismi,
1482 3023 1545 3077 acsi

366 3115 509 3172 (latholiei
521 3131 572 3186 per
583 3118 726 3171 unitatem
737 3138 783 3178 της
793 3118 886 3178 ireres
897 3118 1087 3184 significatam
1101 3118 1212 3171 vellent
1224 3116 1365 3168 unitatem
1381 3115 1474 3168 solnm
1484 3129 1545 3181 spe·

366 3190 481 3262 eldeum
502 3208 557 3272 Qui
569 3222 637 3262 vero
649 3213 708 3263 tres
722 3209 856 3262 dicebant
868 3209 1046 3276 hypostases,
1064 3207 1236 3276 praeprimis
1251 3207 1395 3259 exclusam
1408 3205 1546 3259 uolebant

366 3297 535 3351 calumniam
546 3297 770 3365 Sabellianismi,
783 3299 808 3351 si
825 3314 886 3352 oum
901 3299 978 3352 hisce
992 3299 1147 3353 haereticis
1160 3297 1247 3352 etiam
1259 3297 1320 3349 solo
1330 3294 1446 3350 nomine
1459 3295 1545 3348 trium

368 3404 551 3457 personarum
568 3392 598 3442 et
616 3389 702 3442 unius
715 3389 905 3456 hypostaseos
925 3390 1122 3443 convenirent.
1137 3387 1206 3441 (lum
1226 3402 1299 3440 nunc
1318 3401 1353 3438 ex
1374 3385 1477 3439 multis
1489 3386 1544 3437 ianr

367 3479 489 3533 suculis
512 3479 545 3532 de
565 3478 774 3545 significatione
801 3480 945 3533 nominum
964 3478 1076 3547 liquido
1106 3481 1238 3545 constet,
1260 3476 1414 3530 discrimen
1435 3477 1467 3529 in
1492 3490 1543 3527 usu

367 3571 502 3640 polemico
521 3571 572 3624 hoc
591 3585 677 3623 unum
697 3565 846 3624 observari
865 3573 969 3637 potest,
992 3573 1034 3636 ut,
1059 3569 1172 3637 quando
1195 3568 1326 3622 doctrina
1341 3567 1484 3620 catholiea
1502 3583 1547 3633 op·

368 3662 484 3730 ponitur
502 3661 615 3714 haeresi
633 3661 869 3728 monarchianae,
895 3661 1004 3730 potins·
1023 3665 1083 3714 tres
1105 3661 1280 3727 hypostases
1301 3661 1348 3712 vel
1375 3659 1464 3713 etiam
1488 3672 1547 3727 per·

368 3766 453 3805 sonas
472 3752 607 3819 physicas
625 3751 751 3804 dicamus
772 3766 856 3819 quam
882 3766 1018 3818 personas
1048 3751 1239 3818 simpliclter;
1267 3750 1342 3803 sieut
1366 3750 1398 3802 in
1418 3747 1547 3802 doctrina

368 3843 580 3898 Incarnationis
599 3842 827 3897 nestorianismo
847 3841 986 3896 directius
1011 3843 1167 3910 opponitur
1190 3841 1312 3896 formula
1330 3839 1546 3895 ecelesiastica:

370 3955 383 3982 a
396 3931 467 3986 dnae
487 3938 606 3987 naturae
627 3933 658 3984 in
681 3948 737 3985 una
757 3933 945 4001 hypostasis
968 3948 1051 4000 qnam
1071 3933 1096 3984 si
1118 3933 1251 3986 dicantur
1271 3930 1371 3984 aduae·
1383 3934 1504 3984 naturae
1516 3928 1545 3979 in

368 4036 426 4077 uua
443 4037 574 4091 persona,
588 4043 601 4070 n
622 4022 756 4089 quonlam
774 4025 834 4074 tum
853 4019 1010 4074 Sabelliani
1032 4025 1092 4074 tres
1108 4037 1246 4089 personas
1260 4020 1345 4073 unius
1359 4018 1547 4087 hypostaseos

368 4111 485 4166 divinae
498 4111 651 4166 secundum
670 4111 814 4178 triplicem
833 4112 953 4165 formam
973 4111 1230 4177 manifestationis,
1249 4114 1309 4163 tum
1328 4109 1498 4163 Nestoriani
1516 4109 1546 4161 iu

369 4202 484 4257 Christo
498 4202 618 4256 duarum
633 4203 827 4270 hypostaseon
847 4217 932 4257 uuam
952 4217 1112 4270 personam,
1128 4203 1262 4257 moralem
1275 4199 1388 4255 seilicet
1407 4204 1440 4254 et
1451 4214 1545 4254 secuu-

367 4291 434 4347 dum
453 4292 640 4359 relationem,
658 4293 735 4347 ultro
751 4291 972 4362 profitebantur.
