3172 4950
538 360 576 376 -
600 330 659 392 145
680 362 718 376 -·

10 454 12 471 ²
73 436 242 509 bimanus
252 436 424 523 dederet,
440 437 577 531 qualem
592 437 689 508 hunc
703 461 811 508 unum
827 438 939 507 Deum
955 436 1101 506 credent
1112 434 1213 507 Chri·

69 546 162 616 admi:
183 568 253 615 nou
275 567 397 616 sumus
419 545 529 633 ethei,
554 546 617 640 qui
639 568 747 615 unum
770 546 967 637 ingenitum
983 550 1019 614 et
1034 550 1214 623 aeteruum

65 660 195 725 boemus
214 655 340 740 Deum,
358 676 381 722 e
403 677 471 748 quo
493 655 610 724 omnio
624 655 720 723 fecto
736 660 820 723 sunt
835 676 897 746 per
913 653 1066 722 Verbum
1086 652 1210 744 ipsius.

10 766 12 775 '
61 761 219 833 bodium
240 761 334 830 enim
356 760 463 830 etism
484 760 617 830 Filium
640 761 718 845 Dei,
734 784 801 829 non
826 760 946 853 quales
962 759 1055 827 filios
1070 759 1212 830 deorum

56 876 158 963 postne
180 869 408 955 febuluntur,
437 867 530 938 need
551 867 669 938 Filius
691 868 757 938 Dei
780 874 835 937 eet
856 868 1010 938 Verbum
1032 868 1153 938 Petris
1174 868 1213 938 in

57 978 121 1048 ideo
133 983 173 1049 et
185 977 323 1047 virtute
344 970 447 1066 (loyce
462 998 573 1068 πατρος
591 977 619 1042 ὀι
638 971 704 1060 ider
717 1000 769 1041 και
787 971 918 1069 ἑνεργειᾳ
940 975 976 1047 h.
989 999 1020 1046 e.
1036 976 1214 1068 expressio

55 1085 242 1157 intellectus
263 1083 403 1177 paterni
425 1089 462 1154 et
483 1090 664 1154 aeternum
687 1085 882 1176 exemplar,
909 1085 1097 1154 secundum
1121 1085 1213 1177 quod

55 1194 154 1264 unis
175 1199 296 1264 creste
317 1197 428 1279 suut);
453 1193 498 1262 eb
520 1211 559 1261 eo
581 1193 674 1262 enim
697 1190 837 1281 (Filio)
861 1198 898 1262 et
924 1215 986 1283 per
1013 1214 1091 1261 eum
1115 1194 1213 1262 fecte

55 1302 280 1386 contemnis,
306 1322 385 1371 oum
407 1301 514 1371 Peter
535 1305 572 1370 et
593 1300 712 1370 Filius
743 1323 853 1369 unum
876 1300 960 1369 sint.
986 1300 1073 1370 Gom
1095 1305 1212 1370 eutem

54 1408 154 1480 Filius
186 1409 237 1479 sit
258 1408 298 1477 in
319 1409 425 1477 Patre
446 1414 485 1477 et
504 1408 610 1477 Peter
638 1408 676 1477 in
709 1407 803 1477 Filio
840 1407 977 1477 unitate
1000 1414 1037 1477 et
1059 1407 1214 1477 essentis

55 1516 188 1607 spiritns
211 1507 350 1605 (treme
373 1536 424 1578 και
450 1508 572 1600 duraturi
598 1535 762 1601 πνευματος
786 1515 836 1603 (l)
860 1514 896 1582 h.
915 1537 945 1584 e.
967 1515 1073 1585 Pater
1096 1520 1151 1585 est
1174 1515 1212 1584 in

55 1623 156 1709 Filio,
178 1629 217 1693 et
237 1622 356 1692 Filius
377 1622 416 1691 in
437 1622 562 1709 Putre,
603 1623 686 1714 quie
707 1623 812 1692 Peter
836 1629 873 1692 et
893 1621 1011 1692 Filius
1034 1627 1119 1693 suut
1141 1644 1212 1692 une

54 1732 262 1803 numatius
285 1732 410 1801 virtus-
424 1731 650 1822 spiritualis).
668 1731 785 1800 Filius
800 1732 867 1801 Dei
885 1737 941 1802 est
955 1754 1052 1802 mens
1070 1737 1108 1800 et
1124 1731 1212 1801 Ver·
1240 1808 1246 1821 ‚

56 1839 124 1909 bum
140 1835 219 1926 (root
231 1862 284 1903 και
301 1835 397 1928 λψς)
417 1839 536 1911 Putris
549 1867 581 1908 r.
599 1840 743 1910 Praeter
759 1839 899 1909 Patrem
915 1845 952 1909 et
964 1838 1098 1908 Filium
1110 1837 1210 1908 Chri·

55 1946 148 2016 stieni
168 1947 318 2016 credunt
339 1945 446 2015 etiem
461 1944 635 2036 Spiritum
652 1945 819 2015 Sanctum
833 1945 1072 2037 procedentem
1087 1967 1109 2013 o
1124 1946 1209 2031 Deo,

56 2052 133 2124 dent
153 2053 312 2146 procedit
332 2054 454 2124 rudius
476 2076 498 2122 o
520 2053 592 2124 sole
615 2055 709 2123 sieut
730 2054 893 2145 splendor
907 2055 952 2122 ab
967 2055 1060 2143 igne.
1091 2053 1214 2137 «Quis

57 2160 155 2252 igitur
175 2184 245 2231 non
267 2161 429 2247 miretur,
448 2184 525 2232 cum
548 2161 669 2232 otheos
692 2161 813 2232 vocari
837 2160 949 2245 eudit,
967 2161 1029 2252 qui
1050 2167 1214 2231 usserunt

56 2268 150 2340 Deum
170 2270 314 2340 Patrem
336 2275 373 2339 et
392 2269 527 2339 Filium
554 2270 666 2339 Deum
688 2275 725 2339 et
748 2269 923 2360 Spiritum
946 2269 1131 2355 Sanctum,
1158 2291 1212 2338 eo·

56 2398 184 2472 rumque
206 2378 395 2448 ostendunt
417 2384 454 2448 et
476 2376 663 2447 essentiam
685 2376 723 2446 in
746 2377 884 2447 unitate
899 2382 935 2446 ct
949 2375 1210 2447 distinctionem

57 2483 87 2554 in
104 2486 254 2556 ordiner
280 2486 331 2573 (2)
353 2485 441 2555 ibid.
455 2508 492 2555 ιι.
507 2485 562 2557 10.
582 2485 635 2554 12.
652 2485 708 2554 24.

108 2593 268 2665 licetieni
281 2594 390 2686 (opud
399 2593 634 2686 Hippolytum
650 2599 761 2664 contr.
772 2594 875 2664 Noet.
885 2599 922 2662 et
932 2591 1209 2683 epudEpipbou.

57 2697 173 2773 hocce.
192 2703 252 2790 57)
274 2701 398 2771 multis
414 2699 627 2770 testimoniis
644 2701 850 2791 Scripturee
865 2700 1016 2791 probent
1030 2699 1115 2767 haec
1128 2696 1209 2783 duo,

58 2830 163 2879 rerum
182 2810 295 2881 Deum
316 2831 392 2880 esse
419 2831 539 2894 unum,
564 2815 600 2880 et
622 2808 801 2879 Christum
824 2831 899 2879 esse
925 2829 1047 2878 verum
1074 2806 1210 2892 Deum3

58 2916 132 2988 undo
151 2918 323 3003 inferunt,
347 2916 545 2987 nominibus
567 2916 686 3002 Peter,
711 2916 851 3000 Filius,
878 2915 1035 3007 Spiritus
1058 2913 1211 2983 Sanctus

58 3043 112 3095 non
129 3026 237 3096 olium
259 3024 430 3095 stolium
451 3022 510 3094 sed
543 3022 689 3093 eundem
712 3021 930 3121 significari,
954 3021 1108 3112 adeoque
1132 3042 1210 3088 eum

59 3132 105 3222 qui
121 3139 174 3204 est
194 3134 313 3218 Peter,
339 3134 405 3203 sub
425 3131 563 3201 nomine
584 3129 673 3200 Filii
686 3152 760 3201 esre
775 3129 996 3199 incarnatum
1013 3135 1050 3198 et
1065 3149 1205 3218 possum

60 3237 133 3323 (ideo
152 3239 242 3311 dicti
264 3238 547 3330 Petripossiuni).
571 3239 647 3308 Iem
671 3258 754 3307 vero
787 3235 963 3305 Catholici
986 3231 1214 3325 (Presbyteri

61 3343 270 3439 Snymeuses
290 3353 328 3418 et
348 3346 593 3439 Hippolytus)
625 3345 886 3417 consentiebant
921 3365 999 3413 cum
1028 3342 1213 3413 Noctiunis

62 3450 90 3520 ii
106 3460 247 3549 tuoque
269 3453 503 3539 antecedente,
520 3476 589 3522 non
604 3452 677 3522 nisi
700 3475 807 3522 unum
829 3452 941 3521 Deum
953 3473 1040 3536 esse,
1058 3455 1095 3520 et
1110 3447 1212 3518 Chri·

64 3566 136 3634 ttcm
154 3585 229 3636 esse
251 3585 375 3634 verum
396 3562 520 3650 Denm;
533 3566 573 3629 at
586 3559 691 3645 simul
706 3560 885 3645 docebunt,
901 3581 970 3629 non
983 3558 1095 3627 solum
1110 3556 1210 3626 Chri·

66 3669 137 3741 stun
154 3670 299 3757 Filium,
317 3669 378 3740 sed
393 3669 545 3771 Patrem,
570 3667 715 3754 Filium,
742 3665 916 3759 Spiritum
948 3665 1116 3735 Sanctum
1139 3669 1214 3734 tres

120 3893 156 3971 (1)
166 3900 248 3958 uti
263 3900 286 3955 l.
300 3897 376 3969 spuo
394 3896 571 3966 Athenegor.
585 3897 616 3950 et
634 3895 711 3965 apud
731 3895 941 3964 Hippolytum,
962 3908 1044 3962 quem
1065 3907 1129 3947 mox
1148 3892 1217 3948 ulte·

69 3981 156 4058 lius
173 4005 275 4047 nonen
294 3993 469 4058 ‘iucundo
472 4007 549 4060 ιιςαμ
527 3987 728 4057 moerentium
742 3984 955 4055 perlectionem,
973 3984 1154 4049 callistem,
1168 3997 1215 4039 ve·

71 4074 158 4136 fileto!
179 4083 268 4137 etism
288 4080 363 4137 eliu
382 4095 440 4134 ιιοιι
456 4079 544 4134 semel
565 4078 713 4146 significet
723 4078 756 4130 ln
770 4077 952 4147 opppsltlonc
972 4075 1008 4130 ed
1025 4074 1055 4130 id
1063 4075 1158 4144 ‚quod
1171 4077 1216 4129 eit

72 4165 139 4224 blm
152 4187 294 4242 eppueus
313 4174 343 4226 et
359 4186 417 4226 non
434 4167 628 4225 verumvide
650 4168 747 4224 scholi·
748 4171 831 4222 ono
849 4167 886 4222 ed
908 4167 952 4221 th.
967 4167 1046 4222 XIV.
1061 4167 1157 4224 Trect.
1180 4163 1216 4221 de
