<?xml version="1.0" encoding="UTF-8"?>
<!DOCTYPE html PUBLIC "-//W3C//DTD XHTML 1.0 Transitional//EN"
    "http://www.w3.org/TR/xhtml1/DTD/xhtml1-transitional.dtd">
<html xmlns="http://www.w3.org/1999/xhtml" xml:lang="en" lang="en">
 <head>
  <title>
</title>
<meta http-equiv="Content-Type" content="text/html;charset=utf-8" />
  <meta name='ocr-system' content='tesseract 3.04.00' />
  <meta name='ocr-capabilities' content='ocr_page ocr_carea ocr_par ocr_line ocrx_word'/>
</head>
<body>
  <div class='ocr_page' id='page_1' title='image "./tractatusdedeot00frangoog/tractatusdedeot00frangoog_0583.png"; bbox 0 0 3180 4944; ppageno 0'>
   <div class='ocr_carea' id='block_1_1' title="bbox 376 326 1546 1058">
    <p class='ocr_par' dir='ltr' id='par_1_1' title="bbox 376 326 1546 1058">
     <span class='ocr_line' id='line_1_1' title="bbox 872 326 1052 387; baseline 0 -15"><span class='ocrx_word' id='word_1_1' title='bbox 872 358 911 372; x_wconf 88' lang='lat'><em>-</em></span> <span class='ocrx_word' id='word_1_2' title='bbox 932 326 994 387; x_wconf 76' lang='lat'><strong>572</strong></span> <span class='ocrx_word' id='word_1_3' title='bbox 1014 359 1052 372; x_wconf 90' lang='lat'><em>-</em></span> 
     </span>
     <span class='ocr_line' id='line_1_2' title="bbox 376 429 1545 524; baseline -0.009 -21"><span class='ocrx_word' id='word_1_4' title='bbox 376 435 536 524; x_wconf 80' lang='lat' dir='ltr'><strong>ligatur,</strong></span> <span class='ocrx_word' id='word_1_5' title='bbox 565 431 814 502; x_wconf 86' lang='lat' dir='ltr'><strong>attendendum</strong></span> <span class='ocrx_word' id='word_1_6' title='bbox 838 437 903 516; x_wconf 82' lang='lat' dir='ltr'><strong>est,</strong></span> <span class='ocrx_word' id='word_1_7' title='bbox 933 455 1008 501; x_wconf 86' lang='lat' dir='ltr'><strong>esse</strong></span> <span class='ocrx_word' id='word_1_8' title='bbox 1033 431 1128 501; x_wconf 85' lang='lat' dir='ltr'><strong>huno</strong></span> <span class='ocrx_word' id='word_1_9' title='bbox 1152 455 1298 498; x_wconf 86' lang='lat' dir='ltr'><strong>amorem</strong></span> <span class='ocrx_word' id='word_1_10' title='bbox 1315 444 1456 496; x_wconf 79' lang='lat' dir='ltr'><strong>mutuae</strong></span> <span class='ocrx_word' id='word_1_11' title='bbox 1469 429 1545 494; x_wconf 84' lang='lat' dir='ltr'><strong>ami·</strong></span> 
     </span>
     <span class='ocr_line' id='line_1_3' title="bbox 377 535 1545 631; baseline -0.007 -22"><span class='ocrx_word' id='word_1_12' title='bbox 377 544 482 610; x_wconf 84' lang='lat' dir='ltr'><strong>aitiae</strong></span> <span class='ocrx_word' id='word_1_13' title='bbox 492 541 780 630; x_wconf 71' lang='lat' dir='ltr'><em>perfectissimae,</em></span> <span class='ocrx_word' id='word_1_14' title='bbox 797 560 866 631; x_wconf 87' lang='lat' dir='ltr'><strong>quo</strong></span> <span class='ocrx_word' id='word_1_15' title='bbox 875 540 1044 608; x_wconf 82' lang='lat' dir='ltr'><strong>Dominus</strong></span> <span class='ocrx_word' id='word_1_16' title='bbox 1055 539 1161 623; x_wconf 86' lang='lat' dir='ltr'><strong>Deus,</strong></span> <span class='ocrx_word' id='word_1_17' title='bbox 1173 543 1216 607; x_wconf 87' lang='lat' dir='ltr'><strong>ut</strong></span> <span class='ocrx_word' id='word_1_18' title='bbox 1225 537 1388 630; x_wconf 86' lang='lat' dir='ltr'><strong>loquitur</strong></span> <span class='ocrx_word' id='word_1_19' title='bbox 1401 535 1439 605; x_wconf 88' lang='lat' dir='ltr'><strong>S.</strong></span> <span class='ocrx_word' id='word_1_20' title='bbox 1451 535 1545 624; x_wconf 78' lang='lat' dir='ltr'><strong>Igna·</strong></span> 
     </span>
     <span class='ocr_line' id='line_1_4' title="bbox 376 643 1545 737; baseline -0.006 -21"><span class='ocrx_word' id='word_1_21' title='bbox 376 646 451 716; x_wconf 87' lang='lat' dir='ltr'><strong>tius</strong></span> <span class='ocrx_word' id='word_1_22' title='bbox 475 645 731 737; x_wconf 81' lang='lat' dir='ltr'><strong>(Contemplat.</strong></span> <span class='ocrx_word' id='word_1_23' title='bbox 747 646 789 714; x_wconf 89' lang='lat' dir='ltr'><strong>ad</strong></span> <span class='ocrx_word' id='word_1_24' title='bbox 803 668 911 715; x_wconf 91' lang='lat' dir='ltr'><strong>amor.</strong></span> <span class='ocrx_word' id='word_1_25' title='bbox 927 645 1137 735; x_wconf 79' lang='lat' dir='ltr'><strong>spiritual),</strong></span> <span class='ocrx_word' id='word_1_26' title='bbox 1158 668 1258 714; x_wconf 80' lang='lat' dir='ltr'><strong>anon</strong></span> <span class='ocrx_word' id='word_1_27' title='bbox 1284 644 1401 713; x_wconf 91' lang='lat' dir='ltr'><strong>solum</strong></span> <span class='ocrx_word' id='word_1_28' title='bbox 1425 643 1487 712; x_wconf 89' lang='lat' dir='ltr'><strong>dat</strong></span> <span class='ocrx_word' id='word_1_29' title='bbox 1509 663 1545 710; x_wconf 82' lang='lat' dir='ltr'><strong>ex</strong></span> 
     </span>
     <span class='ocr_line' id='line_1_5' title="bbox 377 748 1546 845; baseline -0.006 -23"><span class='ocrx_word' id='word_1_30' title='bbox 377 754 424 822; x_wconf 87' lang='lat' dir='ltr'><strong>iis</strong></span> <span class='ocrx_word' id='word_1_31' title='bbox 451 775 539 845; x_wconf 89' lang='lat' dir='ltr'><strong>quae</strong></span> <span class='ocrx_word' id='word_1_32' title='bbox 565 753 673 823; x_wconf 88' lang='lat' dir='ltr'><strong>habet</strong></span> <span class='ocrx_word' id='word_1_33' title='bbox 695 754 755 823; x_wconf 86' lang='lat' dir='ltr'><strong>ssd</strong></span> <span class='ocrx_word' id='word_1_34' title='bbox 778 752 884 822; x_wconf 89' lang='lat' dir='ltr'><strong>stiam</strong></span> <span class='ocrx_word' id='word_1_35' title='bbox 907 752 1084 844; x_wconf 87' lang='lat' dir='ltr'><strong>seipsum,</strong></span> <span class='ocrx_word' id='word_1_36' title='bbox 1115 758 1284 844; x_wconf 88' lang='lat' dir='ltr'><strong>quantum</strong></span> <span class='ocrx_word' id='word_1_37' title='bbox 1308 756 1441 842; x_wconf 84' lang='lat' dir='ltr'><strong>potest,</strong></span> <span class='ocrx_word' id='word_1_38' title='bbox 1455 748 1546 816; x_wconf 84' lang='lat' dir='ltr'><strong>iuxta</strong></span> 
     </span>
     <span class='ocr_line' id='line_1_6' title="bbox 378 857 1545 951; baseline -0.007 -19"><span class='ocrx_word' id='word_1_39' title='bbox 378 862 534 932; x_wconf 87' lang='lat' dir='ltr'><strong>divinam</strong></span> <span class='ocrx_word' id='word_1_40' title='bbox 557 886 656 932; x_wconf 88' lang='lat' dir='ltr'><strong>suam</strong></span> <span class='ocrx_word' id='word_1_41' title='bbox 676 861 978 948; x_wconf 65' lang='lat' dir='ltr'><strong>ordinationem»</strong></span> <span class='ocrx_word' id='word_1_42' title='bbox 1005 864 1170 931; x_wconf 87' lang='lat' dir='ltr'><strong>ereatura</strong></span> <span class='ocrx_word' id='word_1_43' title='bbox 1200 882 1282 931; x_wconf 90' lang='lat' dir='ltr'><strong>vero</strong></span> <span class='ocrx_word' id='word_1_44' title='bbox 1310 882 1374 951; x_wconf 89' lang='lat' dir='ltr'><strong>per</strong></span> <span class='ocrx_word' id='word_1_45' title='bbox 1402 857 1545 928; x_wconf 86' lang='lat' dir='ltr'><strong>eharita-</strong></span> 
     </span>
     <span class='ocr_line' id='line_1_7' title="bbox 376 964 1545 1058; baseline -0.005 -20"><span class='ocrx_word' id='word_1_46' title='bbox 376 976 447 1039; x_wconf 90' lang='lat' dir='ltr'><strong>tsm</strong></span> <span class='ocrx_word' id='word_1_47' title='bbox 470 970 539 1039; x_wconf 87' lang='lat' dir='ltr'><strong>sibi</strong></span> <span class='ocrx_word' id='word_1_48' title='bbox 561 969 678 1039; x_wconf 92' lang='lat' dir='ltr'><strong>datam</strong></span> <span class='ocrx_word' id='word_1_49' title='bbox 701 968 852 1058; x_wconf 84' lang='lat' dir='ltr'><strong>attingit</strong></span> <span class='ocrx_word' id='word_1_50' title='bbox 877 969 989 1037; x_wconf 91' lang='lat' dir='ltr'><strong>Deum</strong></span> <span class='ocrx_word' id='word_1_51' title='bbox 1014 989 1130 1036; x_wconf 89' lang='lat' dir='ltr'><strong>amore</strong></span> <span class='ocrx_word' id='word_1_52' title='bbox 1155 967 1200 1036; x_wconf 89' lang='lat' dir='ltr'><strong>ad</strong></span> <span class='ocrx_word' id='word_1_53' title='bbox 1226 967 1431 1036; x_wconf 88' lang='lat' dir='ltr'><strong>fruendum.</strong></span> <span class='ocrx_word' id='word_1_54' title='bbox 1456 964 1545 1034; x_wconf 89' lang='lat' dir='ltr'><strong>Unde</strong></span> 
     </span>
    </p>
   </div>
   <div class='ocr_carea' id='block_1_2' title="bbox 288 1075 1544 1148">
    <p class='ocr_par' dir='ltr' id='par_1_2' title="bbox 288 1075 1544 1148">
     <span class='ocr_line' id='line_1_8' title="bbox 288 1075 1544 1148; baseline -0.002 -5"><span class='ocrx_word' id='word_1_55' title='bbox 288 1122 297 1143; x_wconf 57' lang='lat'><em>2</em></span> <span class='ocrx_word' id='word_1_56' title='bbox 376 1077 435 1147; x_wconf 87' lang='lat' dir='ltr'><strong>hio</strong></span> <span class='ocrx_word' id='word_1_57' title='bbox 462 1099 558 1146; x_wconf 91' lang='lat' dir='ltr'><strong>amor</strong></span> <span class='ocrx_word' id='word_1_58' title='bbox 580 1077 757 1148; x_wconf 78' lang='lat' dir='ltr'><strong>amicitiae</strong></span> <span class='ocrx_word' id='word_1_59' title='bbox 779 1099 847 1145; x_wconf 91' lang='lat' dir='ltr'><strong>non</strong></span> <span class='ocrx_word' id='word_1_60' title='bbox 871 1076 983 1145; x_wconf 89' lang='lat' dir='ltr'><strong>solum</strong></span> <span class='ocrx_word' id='word_1_61' title='bbox 999 1082 1053 1146; x_wconf 87' lang='lat' dir='ltr'><strong>est</strong></span> <span class='ocrx_word' id='word_1_62' title='bbox 1076 1075 1159 1145; x_wconf 89' lang='lat' dir='ltr'><strong>unio</strong></span> <span class='ocrx_word' id='word_1_63' title='bbox 1183 1075 1376 1146; x_wconf 87' lang='lat' dir='ltr'><strong>seeundum</strong></span> <span class='ocrx_word' id='word_1_64' title='bbox 1391 1075 1544 1142; x_wconf 82' lang='lat' dir='ltr'><strong>effoetum</strong></span> 
     </span>
    </p>
   </div>
   <div class='ocr_carea' id='block_1_3' title="bbox 291 1181 1561 3964">
    <p class='ocr_par' dir='ltr' id='par_1_3' title="bbox 291 1181 1561 3964">
     <span class='ocr_line' id='line_1_9' title="bbox 376 1181 1545 1275; baseline -0.005 -22"><span class='ocrx_word' id='word_1_65' title='bbox 376 1185 438 1253; x_wconf 89' lang='lat' dir='ltr'><strong>sed</strong></span> <span class='ocrx_word' id='word_1_66' title='bbox 466 1208 510 1254; x_wconf 85' lang='lat' dir='ltr'><strong>ex</strong></span> <span class='ocrx_word' id='word_1_67' title='bbox 525 1207 600 1254; x_wconf 89' lang='lat' dir='ltr'><strong>sese</strong></span> <span class='ocrx_word' id='word_1_68' title='bbox 623 1185 781 1275; x_wconf 90' lang='lat' dir='ltr'><strong>postulat</strong></span> <span class='ocrx_word' id='word_1_69' title='bbox 803 1184 910 1253; x_wconf 89' lang='lat' dir='ltr'><strong>etiam</strong></span> <span class='ocrx_word' id='word_1_70' title='bbox 933 1206 975 1254; x_wconf 89' lang='lat' dir='ltr'><strong>ao</strong></span> <span class='ocrx_word' id='word_1_71' title='bbox 994 1184 1132 1275; x_wconf 90' lang='lat' dir='ltr'><strong>appetit</strong></span> <span class='ocrx_word' id='word_1_72' title='bbox 1158 1185 1323 1253; x_wconf 89' lang='lat' dir='ltr'><strong>unionem</strong></span> <span class='ocrx_word' id='word_1_73' title='bbox 1345 1181 1487 1266; x_wconf 85' lang='lat' dir='ltr'><strong>realem,</strong></span> <span class='ocrx_word' id='word_1_74' title='bbox 1510 1185 1545 1248; x_wconf 91' lang='lat' dir='ltr'><strong>ut</strong></span> 
     </span>
     <span class='ocr_line' id='line_1_10' title="bbox 376 1289 1543 1384; baseline -0.004 -23"><span class='ocrx_word' id='word_1_75' title='bbox 376 1292 532 1383; x_wconf 84' lang='lat' dir='ltr'><strong>explieat</strong></span> <span class='ocrx_word' id='word_1_76' title='bbox 550 1293 587 1362; x_wconf 88' lang='lat' dir='ltr'><strong>S.</strong></span> <span class='ocrx_word' id='word_1_77' title='bbox 606 1293 757 1362; x_wconf 80' lang='lat' dir='ltr'>Thomas</span> <span class='ocrx_word' id='word_1_78' title='bbox 780 1292 813 1361; x_wconf 92' lang='grc'><strong>1.</strong></span> <span class='ocrx_word' id='word_1_79' title='bbox 828 1293 861 1360; x_wconf 83' lang='grc'><strong>2.</strong></span> <span class='ocrx_word' id='word_1_80' title='bbox 877 1317 911 1384; x_wconf 92' lang='lat' dir='ltr'><strong>q.</strong></span> <span class='ocrx_word' id='word_1_81' title='bbox 927 1291 983 1361; x_wconf 78' lang='lat'><strong>28.</strong></span> <span class='ocrx_word' id='word_1_82' title='bbox 999 1314 1032 1361; x_wconf 89' lang='lat' dir='ltr'><strong>a.</strong></span> <span class='ocrx_word' id='word_1_83' title='bbox 1052 1291 1085 1359; x_wconf 86' lang='lat'><strong>1:</strong></span> <span class='ocrx_word' id='word_1_84' title='bbox 1107 1322 1124 1357; x_wconf 81' lang='lat' dir='ltr'><strong>a</strong></span> <span class='ocrx_word' id='word_1_85' title='bbox 1138 1292 1307 1384; x_wconf 87' lang='lat' dir='ltr'><strong>quaedam</strong></span> <span class='ocrx_word' id='word_1_86' title='bbox 1331 1290 1419 1359; x_wconf 91' lang='lat' dir='ltr'><strong>nnio</strong></span> <span class='ocrx_word' id='word_1_87' title='bbox 1434 1295 1488 1359; x_wconf 90' lang='lat' dir='ltr'><strong>est</strong></span> <span class='ocrx_word' id='word_1_88' title='bbox 1500 1289 1543 1357; x_wconf 82' lang='lat' dir='ltr'><strong>ei·</strong></span> 
     </span>
     <span class='ocr_line' id='line_1_11' title="bbox 376 1399 1543 1492; baseline -0.004 -23"><span class='ocrx_word' id='word_1_89' title='bbox 376 1400 489 1470; x_wconf 81' lang='lat' dir='ltr'><strong>leatus</strong></span> <span class='ocrx_word' id='word_1_90' title='bbox 515 1400 655 1486; x_wconf 87' lang='lat' dir='ltr'><strong>amoris,</strong></span> <span class='ocrx_word' id='word_1_91' title='bbox 683 1405 720 1469; x_wconf 90' lang='lat' dir='ltr'><strong>et</strong></span> <span class='ocrx_word' id='word_1_92' title='bbox 745 1401 831 1470; x_wconf 88' lang='lat' dir='ltr'><strong>haee</strong></span> <span class='ocrx_word' id='word_1_93' title='bbox 857 1407 911 1470; x_wconf 89' lang='lat' dir='ltr'><strong>est</strong></span> <span class='ocrx_word' id='word_1_94' title='bbox 932 1400 1015 1471; x_wconf 87' lang='lat' dir='ltr'><strong>unio</strong></span> <span class='ocrx_word' id='word_1_95' title='bbox 1038 1399 1158 1486; x_wconf 87' lang='lat' dir='ltr'><strong>realis,</strong></span> <span class='ocrx_word' id='word_1_96' title='bbox 1181 1421 1285 1492; x_wconf 90' lang='lat' dir='ltr'><strong>quam</strong></span> <span class='ocrx_word' id='word_1_97' title='bbox 1309 1420 1434 1467; x_wconf 87' lang='lat' dir='ltr'><strong>amans</strong></span> <span class='ocrx_word' id='word_1_98' title='bbox 1452 1417 1543 1488; x_wconf 86' lang='lat' dir='ltr'><strong>quae·</strong></span> 
     </span>
     <span class='ocr_line' id='line_1_12' title="bbox 373 1486 1561 1597; baseline -0.005 -21"><span class='ocrx_word' id='word_1_99' title='bbox 373 1507 426 1597; x_wconf 84' lang='lat' dir='ltr'><strong>rit</strong></span> <span class='ocrx_word' id='word_1_100' title='bbox 450 1507 491 1576; x_wconf 88' lang='lat' dir='ltr'><strong>de</strong></span> <span class='ocrx_word' id='word_1_101' title='bbox 517 1530 556 1576; x_wconf 90' lang='lat' dir='ltr'><strong>re</strong></span> <span class='ocrx_word' id='word_1_102' title='bbox 584 1514 713 1577; x_wconf 83' lang='lat' dir='ltr'><strong>amata.</strong></span> <span class='ocrx_word' id='word_1_103' title='bbox 734 1535 751 1570; x_wconf 84' lang='lat' dir='ltr'><strong>n</strong></span> <span class='ocrx_word' id='word_1_104' title='bbox 770 1507 855 1577; x_wconf 86' lang='lat' dir='ltr'><strong>Cum</strong></span> <span class='ocrx_word' id='word_1_105' title='bbox 883 1509 953 1577; x_wconf 91' lang='lat' dir='ltr'><strong>iam</strong></span> <span class='ocrx_word' id='word_1_106' title='bbox 985 1508 1142 1577; x_wconf 81' lang='lat' dir='ltr'><strong>charitas</strong></span> <span class='ocrx_word' id='word_1_107' title='bbox 1162 1531 1204 1577; x_wconf 82' lang='lat' dir='ltr'><strong>ex</strong></span> <span class='ocrx_word' id='word_1_108' title='bbox 1224 1512 1327 1597; x_wconf 88' lang='lat' dir='ltr'><strong>parte</strong></span> <span class='ocrx_word' id='word_1_109' title='bbox 1349 1506 1419 1574; x_wconf 91' lang='lat' dir='ltr'><strong>Dei</strong></span> <span class='ocrx_word' id='word_1_110' title='bbox 1442 1486 1561 1573; x_wconf 69' lang='lat' dir='ltr'><strong>omni·⁸</strong></span> 
     </span>
     <span class='ocr_line' id='line_1_13' title="bbox 375 1612 1541 1706; baseline -0.004 -24"><span class='ocrx_word' id='word_1_111' title='bbox 375 1619 498 1703; x_wconf 87' lang='lat' dir='ltr'><strong>potens</strong></span> <span class='ocrx_word' id='word_1_112' title='bbox 519 1613 580 1699; x_wconf 84' lang='lat' dir='ltr'><strong>id,</strong></span> <span class='ocrx_word' id='word_1_113' title='bbox 611 1614 702 1706; x_wconf 88' lang='lat' dir='ltr'><strong>quod</strong></span> <span class='ocrx_word' id='word_1_114' title='bbox 728 1614 882 1704; x_wconf 84' lang='lat' dir='ltr'><strong>appetit,</strong></span> <span class='ocrx_word' id='word_1_115' title='bbox 908 1614 1013 1683; x_wconf 90' lang='lat' dir='ltr'><strong>etiam</strong></span> <span class='ocrx_word' id='word_1_116' title='bbox 1045 1613 1178 1701; x_wconf 83' lang='lat' dir='ltr'><strong>faeiat;</strong></span> <span class='ocrx_word' id='word_1_117' title='bbox 1204 1618 1300 1682; x_wconf 88' lang='lat' dir='ltr'><strong>reete</strong></span> <span class='ocrx_word' id='word_1_118' title='bbox 1326 1612 1402 1682; x_wconf 83' lang='lat' dir='ltr'><strong>diei</strong></span> <span class='ocrx_word' id='word_1_119' title='bbox 1424 1615 1541 1702; x_wconf 85' lang='lat' dir='ltr'><strong>potest,</strong></span> 
     </span>
     <span class='ocr_line' id='line_1_14' title="bbox 376 1713 1544 1812; baseline -0.007 -24"><span class='ocrx_word' id='word_1_120' title='bbox 376 1720 529 1809; x_wconf 83' lang='lat' dir='ltr'><strong>gratiam</strong></span> <span class='ocrx_word' id='word_1_121' title='bbox 558 1719 857 1805; x_wconf 76' lang='lat' dir='ltr'><strong>sanctificantem,</strong></span> <span class='ocrx_word' id='word_1_122' title='bbox 885 1741 973 1812; x_wconf 89' lang='lat' dir='ltr'><strong>quae</strong></span> <span class='ocrx_word' id='word_1_123' title='bbox 1001 1719 1058 1789; x_wconf 89' lang='lat' dir='ltr'><strong>vel</strong></span> <span class='ocrx_word' id='word_1_124' title='bbox 1081 1719 1235 1789; x_wconf 83' lang='lat' dir='ltr'><strong>includit</strong></span> <span class='ocrx_word' id='word_1_125' title='bbox 1257 1717 1470 1788; x_wconf 79' lang='lat' dir='ltr'><strong>charitatem</strong></span> <span class='ocrx_word' id='word_1_126' title='bbox 1494 1713 1544 1783; x_wconf 81' lang='lat' dir='ltr'><strong>vel</strong></span> 
     </span>
     <span class='ocr_line' id='line_1_15' title="bbox 375 1824 1543 1921; baseline -0.004 -25"><span class='ocrx_word' id='word_1_127' title='bbox 375 1835 430 1897; x_wconf 90' lang='lat' dir='ltr'><strong>est</strong></span> <span class='ocrx_word' id='word_1_128' title='bbox 455 1829 533 1918; x_wconf 86' lang='lat' dir='ltr'><strong>ipsa</strong></span> <span class='ocrx_word' id='word_1_129' title='bbox 559 1828 716 1897; x_wconf 79' lang='lat' dir='ltr'><strong>charitas</strong></span> <span class='ocrx_word' id='word_1_130' title='bbox 741 1829 872 1921; x_wconf 83' lang='lat' dir='ltr'><strong>aquasi</strong></span> <span class='ocrx_word' id='word_1_131' title='bbox 891 1828 1060 1899; x_wconf 80' lang='lat' dir='ltr'><strong>iunctura</strong></span> <span class='ocrx_word' id='word_1_132' title='bbox 1084 1826 1250 1919; x_wconf 88' lang='lat' dir='ltr'><strong>quaedam</strong></span> <span class='ocrx_word' id='word_1_133' title='bbox 1275 1826 1345 1895; x_wconf 89' lang='lat' dir='ltr'><strong>duo</strong></span> <span class='ocrx_word' id='word_1_134' title='bbox 1361 1824 1484 1914; x_wconf 88' lang='lat' dir='ltr'><strong>aliqua</strong></span> <span class='ocrx_word' id='word_1_135' title='bbox 1497 1845 1543 1891; x_wconf 80' lang='lat' dir='ltr'><strong>eo</strong></span> 
     </span>
     <span class='ocr_line' id='line_1_16' title="bbox 376 1930 1541 2027; baseline -0.007 -24"><span class='ocrx_word' id='word_1_136' title='bbox 376 1934 504 2024; x_wconf 91' lang='lat' dir='ltr'><strong>pulans</strong></span> <span class='ocrx_word' id='word_1_137' title='bbox 529 1943 594 2004; x_wconf 88' lang='lat' dir='ltr'><strong>ant</strong></span> <span class='ocrx_word' id='word_1_138' title='bbox 627 1935 791 2026; x_wconf 86' lang='lat' dir='ltr'><strong>aepulare</strong></span> <span class='ocrx_word' id='word_1_139' title='bbox 822 1943 1020 2027; x_wconf 70' lang='lat' dir='ltr'><strong>appetens»</strong></span> <span class='ocrx_word' id='word_1_140' title='bbox 1046 1935 1155 2024; x_wconf 83' lang='lat' dir='ltr'><strong>(Aug.</strong></span> <span class='ocrx_word' id='word_1_141' title='bbox 1179 1933 1279 2002; x_wconf 80' lang='lat' dir='ltr'><strong>Trin.</strong></span> <span class='ocrx_word' id='word_1_142' title='bbox 1299 1932 1407 2002; x_wconf 85' lang='lat' dir='ltr'><strong>VIII.</strong></span> <span class='ocrx_word' id='word_1_143' title='bbox 1437 1955 1467 2000; x_wconf 90' lang='grc' dir='ltr'><strong>ο.</strong></span> <span class='ocrx_word' id='word_1_144' title='bbox 1492 1930 1541 1997; x_wconf 88' lang='grc'><strong>10.</strong></span> 
     </span>
     <span class='ocr_line' id='line_1_17' title="bbox 378 2036 1542 2134; baseline -0.005 -24"><span class='ocrx_word' id='word_1_145' title='bbox 378 2041 414 2110; x_wconf 88' lang='lat' dir='ltr'><strong>S.</strong></span> <span class='ocrx_word' id='word_1_146' title='bbox 435 2041 502 2110; x_wconf 81' lang='lat' dir='ltr'><strong>Th.</strong></span> <span class='ocrx_word' id='word_1_147' title='bbox 517 2041 543 2110; x_wconf 90' lang='lat' dir='ltr'><strong>l.</strong></span> <span class='ocrx_word' id='word_1_148' title='bbox 559 2045 619 2129; x_wconf 81' lang='lat' dir='ltr'><strong>a),</strong></span> <span class='ocrx_word' id='word_1_149' title='bbox 639 2064 714 2112; x_wconf 89' lang='lat' dir='ltr'><strong>esse</strong></span> <span class='ocrx_word' id='word_1_150' title='bbox 743 2048 920 2134; x_wconf 84' lang='lat' dir='ltr'><strong>tamquam</strong></span> <span class='ocrx_word' id='word_1_151' title='bbox 946 2064 1076 2112; x_wconf 89' lang='lat' dir='ltr'><strong>novum</strong></span> <span class='ocrx_word' id='word_1_152' title='bbox 1108 2039 1278 2124; x_wconf 89' lang='lat' dir='ltr'><strong>titulum,</strong></span> <span class='ocrx_word' id='word_1_153' title='bbox 1308 2039 1371 2131; x_wconf 88' lang='lat' dir='ltr'><strong>qui</strong></span> <span class='ocrx_word' id='word_1_154' title='bbox 1400 2036 1542 2130; x_wconf 75' lang='lat' dir='ltr'><strong>postulet</strong></span> 
     </span>
     <span class='ocr_line' id='line_1_18' title="bbox 376 2146 1541 2233; baseline -0.003 -17"><span class='ocrx_word' id='word_1_155' title='bbox 376 2148 443 2216; x_wconf 87' lang='lat' dir='ltr'><strong>Dei</strong></span> <span class='ocrx_word' id='word_1_156' title='bbox 467 2148 743 2218; x_wconf 83' lang='lat' dir='ltr'><strong>coniunctionem</strong></span> <span class='ocrx_word' id='word_1_157' title='bbox 766 2173 844 2219; x_wconf 89' lang='lat' dir='ltr'><strong>eum</strong></span> <span class='ocrx_word' id='word_1_158' title='bbox 867 2148 983 2218; x_wconf 90' lang='lat' dir='ltr'><strong>anima</strong></span> <span class='ocrx_word' id='word_1_159' title='bbox 1010 2148 1230 2219; x_wconf 76' lang='lat' dir='ltr'><strong>sanctificata</strong></span> <span class='ocrx_word' id='word_1_160' title='bbox 1250 2148 1314 2233; x_wconf 77' lang='lat' dir='ltr'><strong>ita,</strong></span> <span class='ocrx_word' id='word_1_161' title='bbox 1344 2153 1387 2216; x_wconf 90' lang='lat' dir='ltr'><strong>ut</strong></span> <span class='ocrx_word' id='word_1_162' title='bbox 1409 2146 1440 2215; x_wconf 89' lang='lat' dir='ltr'><strong>si</strong></span> <span class='ocrx_word' id='word_1_163' title='bbox 1457 2147 1541 2215; x_wconf 86' lang='lat' dir='ltr'><strong>Deos</strong></span> 
     </span>
     <span class='ocr_line' id='line_1_19' title="bbox 376 2255 1541 2350; baseline -0.002 -25"><span class='ocrx_word' id='word_1_164' title='bbox 376 2256 513 2326; x_wconf 83' lang='lat' dir='ltr'><strong>ratione</strong></span> <span class='ocrx_word' id='word_1_165' title='bbox 537 2257 784 2327; x_wconf 77' lang='lat' dir='ltr'><strong>immensitatis</strong></span> <span class='ocrx_word' id='word_1_166' title='bbox 800 2281 869 2327; x_wconf 90' lang='lat' dir='ltr'><strong>non</strong></span> <span class='ocrx_word' id='word_1_167' title='bbox 885 2259 1013 2350; x_wconf 90' lang='lat' dir='ltr'><strong>ubique</strong></span> <span class='ocrx_word' id='word_1_168' title='bbox 1035 2278 1200 2348; x_wconf 79' lang='lat' dir='ltr'><strong>praesens</strong></span> <span class='ocrx_word' id='word_1_169' title='bbox 1219 2261 1322 2341; x_wconf 89' lang='lat' dir='ltr'><strong>esset,</strong></span> <span class='ocrx_word' id='word_1_170' title='bbox 1337 2255 1443 2346; x_wconf 76' lang='lat' dir='ltr'><strong>fieret</strong></span> <span class='ocrx_word' id='word_1_171' title='bbox 1456 2276 1541 2345; x_wconf 88' lang='lat' dir='ltr'><strong>prae·</strong></span> 
     </span>
     <span class='ocr_line' id='line_1_20' title="bbox 376 2363 1541 2455; baseline -0.002 -22"><span class='ocrx_word' id='word_1_172' title='bbox 376 2387 456 2434; x_wconf 90' lang='lat' dir='ltr'><strong>sens</strong></span> <span class='ocrx_word' id='word_1_173' title='bbox 479 2366 668 2435; x_wconf 87' lang='lat' dir='ltr'><strong>seeundum</strong></span> <span class='ocrx_word' id='word_1_174' title='bbox 688 2367 874 2435; x_wconf 81' lang='lat' dir='ltr'><strong>essentiam</strong></span> <span class='ocrx_word' id='word_1_175' title='bbox 897 2373 933 2436; x_wconf 87' lang='lat' dir='ltr'><strong>et</strong></span> <span class='ocrx_word' id='word_1_176' title='bbox 953 2367 1224 2455; x_wconf 80' lang='lat' dir='ltr'><strong>coniungeretnr</strong></span> <span class='ocrx_word' id='word_1_177' title='bbox 1251 2387 1330 2434; x_wconf 86' lang='lat' dir='ltr'><strong>eum</strong></span> <span class='ocrx_word' id='word_1_178' title='bbox 1356 2363 1541 2432; x_wconf 77' lang='lat' dir='ltr'><strong>sanctita·</strong></span> 
     </span>
     <span class='ocr_line' id='line_1_21' title="bbox 375 2470 1540 2561; baseline -0.005 -20"><span class='ocrx_word' id='word_1_179' title='bbox 375 2470 425 2541; x_wconf 90' lang='lat' dir='ltr'><strong>tis</strong></span> <span class='ocrx_word' id='word_1_180' title='bbox 452 2472 598 2560; x_wconf 87' lang='lat' dir='ltr'><strong>(Suarez</strong></span> <span class='ocrx_word' id='word_1_181' title='bbox 630 2473 656 2541; x_wconf 90' lang='lat'><strong>1.</strong></span> <span class='ocrx_word' id='word_1_182' title='bbox 679 2497 709 2543; x_wconf 91' lang='grc' dir='ltr'><strong>ο.</strong></span> <span class='ocrx_word' id='word_1_183' title='bbox 736 2497 771 2541; x_wconf 93' lang='lat' dir='ltr'><strong>n.</strong></span> <span class='ocrx_word' id='word_1_184' title='bbox 796 2474 850 2542; x_wconf 80' lang='lat'><strong>12.</strong></span> <span class='ocrx_word' id='word_1_185' title='bbox 866 2473 951 2560; x_wconf 77' lang='lat' dir='ltr'><strong>la).</strong></span> <span class='ocrx_word' id='word_1_186' title='bbox 976 2474 1050 2543; x_wconf 91' lang='grc' dir='ltr'><strong>Ηοο</strong></span> <span class='ocrx_word' id='word_1_187' title='bbox 1073 2495 1156 2542; x_wconf 87' lang='lat' dir='ltr'><strong>vero</strong></span> <span class='ocrx_word' id='word_1_188' title='bbox 1179 2471 1296 2561; x_wconf 90' lang='lat' dir='ltr'><strong>ipsum</strong></span> <span class='ocrx_word' id='word_1_189' title='bbox 1318 2470 1429 2540; x_wconf 89' lang='lat' dir='ltr'><strong>habet</strong></span> <span class='ocrx_word' id='word_1_190' title='bbox 1451 2492 1540 2538; x_wconf 87' lang='lat' dir='ltr'><strong>suun</strong></span> 
     </span>
     <span class='ocr_line' id='line_1_22' title="bbox 375 2579 1539 2674; baseline -0.002 -25"><span class='ocrx_word' id='word_1_191' title='bbox 375 2581 641 2651; x_wconf 87' lang='lat' dir='ltr'><strong>fundamentum</strong></span> <span class='ocrx_word' id='word_1_192' title='bbox 668 2582 707 2650; x_wconf 90' lang='lat' dir='ltr'><strong>in</strong></span> <span class='ocrx_word' id='word_1_193' title='bbox 737 2604 796 2667; x_wconf 90' lang='lat' dir='ltr'><strong>eo,</strong></span> <span class='ocrx_word' id='word_1_194' title='bbox 824 2582 915 2674; x_wconf 90' lang='lat' dir='ltr'><strong>quod</strong></span> <span class='ocrx_word' id='word_1_195' title='bbox 941 2604 1037 2651; x_wconf 92' lang='lat' dir='ltr'><strong>amor</strong></span> <span class='ocrx_word' id='word_1_196' title='bbox 1065 2581 1248 2650; x_wconf 88' lang='lat' dir='ltr'><strong>ordinatus</strong></span> <span class='ocrx_word' id='word_1_197' title='bbox 1276 2585 1331 2649; x_wconf 90' lang='lat' dir='ltr'><strong>est</strong></span> <span class='ocrx_word' id='word_1_198' title='bbox 1359 2579 1405 2648; x_wconf 89' lang='lat' dir='ltr'><strong>ad</strong></span> <span class='ocrx_word' id='word_1_199' title='bbox 1434 2579 1539 2648; x_wconf 87' lang='lat' dir='ltr'><strong>fruen-</strong></span> 
     </span>
     <span class='ocr_line' id='line_1_23' title="bbox 375 2686 1539 2778; baseline -0.002 -23"><span class='ocrx_word' id='word_1_200' title='bbox 375 2686 458 2755; x_wconf 91' lang='lat' dir='ltr'><strong>dum</strong></span> <span class='ocrx_word' id='word_1_201' title='bbox 478 2688 562 2757; x_wconf 93' lang='lat' dir='ltr'><strong>Deo.</strong></span> <span class='ocrx_word' id='word_1_202' title='bbox 605 2688 646 2756; x_wconf 88' lang='lat' dir='ltr'><strong>Si</strong></span> <span class='ocrx_word' id='word_1_203' title='bbox 677 2688 792 2778; x_wconf 84' lang='lat' dir='ltr'><strong>igitur</strong></span> <span class='ocrx_word' id='word_1_204' title='bbox 817 2689 902 2759; x_wconf 90' lang='lat' dir='ltr'><strong>haee</strong></span> <span class='ocrx_word' id='word_1_205' title='bbox 927 2689 1011 2757; x_wconf 90' lang='lat' dir='ltr'><strong>unio</strong></span> <span class='ocrx_word' id='word_1_206' title='bbox 1041 2693 1261 2778; x_wconf 81' lang='lat' dir='ltr'><strong>comparetur</strong></span> <span class='ocrx_word' id='word_1_207' title='bbox 1290 2709 1370 2757; x_wconf 86' lang='lat' dir='ltr'><strong>eum</strong></span> <span class='ocrx_word' id='word_1_208' title='bbox 1392 2687 1459 2755; x_wconf 92' lang='lat' dir='ltr'><strong>Dei</strong></span> <span class='ocrx_word' id='word_1_209' title='bbox 1479 2686 1539 2755; x_wconf 84' lang='lat' dir='ltr'><strong>exi·</strong></span> 
     </span>
     <span class='ocr_line' id='line_1_24' title="bbox 376 2795 1538 2884; baseline -0.003 -23"><span class='ocrx_word' id='word_1_210' title='bbox 376 2795 505 2864; x_wconf 84' lang='lat' dir='ltr'><strong>stantia</strong></span> <span class='ocrx_word' id='word_1_211' title='bbox 529 2796 567 2864; x_wconf 89' lang='lat' dir='ltr'><strong>in</strong></span> <span class='ocrx_word' id='word_1_212' title='bbox 597 2796 755 2865; x_wconf 87' lang='lat' dir='ltr'><strong>omnibus</strong></span> <span class='ocrx_word' id='word_1_213' title='bbox 783 2797 955 2866; x_wconf 80' lang='lat' dir='ltr'><strong>creaturis</strong></span> <span class='ocrx_word' id='word_1_214' title='bbox 979 2796 1167 2866; x_wconf 89' lang='lat' dir='ltr'><strong>seeundum</strong></span> <span class='ocrx_word' id='word_1_215' title='bbox 1200 2796 1407 2875; x_wconf 81' lang='lat' dir='ltr'><strong>essentiam,</strong></span> <span class='ocrx_word' id='word_1_216' title='bbox 1431 2808 1538 2884; x_wconf 84' lang='lat' dir='ltr'><strong>poten·</strong></span> 
     </span>
     <span class='ocr_line' id='line_1_25' title="bbox 291 2903 1538 2996; baseline 0 -28"><span class='ocrx_word' id='word_1_217' title='bbox 291 2972 294 2977; x_wconf 62' lang='grc'><strong>,</strong></span> <span class='ocrx_word' id='word_1_218' title='bbox 378 2905 464 2969; x_wconf 84' lang='lat' dir='ltr'><strong>tiam</strong></span> <span class='ocrx_word' id='word_1_219' title='bbox 494 2910 532 2973; x_wconf 86' lang='lat' dir='ltr'><strong>st</strong></span> <span class='ocrx_word' id='word_1_220' title='bbox 556 2909 816 2996; x_wconf 62' lang='lat' dir='ltr'><strong>praesentiam</strong></span> <span class='ocrx_word' id='word_1_221' title='bbox 843 2905 925 2974; x_wconf 91' lang='lat' dir='ltr'><strong>unio</strong></span> <span class='ocrx_word' id='word_1_222' title='bbox 950 2913 986 2974; x_wconf 89' lang='lat' dir='ltr'><strong>et</strong></span> <span class='ocrx_word' id='word_1_223' title='bbox 1009 2904 1245 2989; x_wconf 88' lang='lat' dir='ltr'><strong>inhabitatio,</strong></span> <span class='ocrx_word' id='word_1_224' title='bbox 1272 2908 1314 2972; x_wconf 87' lang='lat' dir='ltr'><strong>ut</strong></span> <span class='ocrx_word' id='word_1_225' title='bbox 1344 2903 1415 2971; x_wconf 86' lang='lat' dir='ltr'><strong>iam</strong></span> <span class='ocrx_word' id='word_1_226' title='bbox 1445 2921 1538 2991; x_wconf 80' lang='lat' dir='ltr'><strong>supro</strong></span> 
     </span>
     <span class='ocr_line' id='line_1_26' title="bbox 375 3006 1536 3100; baseline -0.003 -23"><span class='ocrx_word' id='word_1_227' title='bbox 375 3031 417 3077; x_wconf 88' lang='lat' dir='ltr'><strong>ex</strong></span> <span class='ocrx_word' id='word_1_228' title='bbox 443 3009 640 3100; x_wconf 72' lang='lat' dir='ltr'><strong>seripturis</strong></span> <span class='ocrx_word' id='word_1_229' title='bbox 667 3012 885 3098; x_wconf 81' lang='lat' dir='ltr'><strong>deduximus,</strong></span> <span class='ocrx_word' id='word_1_230' title='bbox 904 3019 958 3081; x_wconf 93' lang='lat' dir='ltr'><strong>est</strong></span> <span class='ocrx_word' id='word_1_231' title='bbox 980 3035 1023 3080; x_wconf 87' lang='lat' dir='ltr'><strong>ex</strong></span> <span class='ocrx_word' id='word_1_232' title='bbox 1038 3033 1128 3080; x_wconf 85' lang='lat' dir='ltr'><strong>novo</strong></span> <span class='ocrx_word' id='word_1_233' title='bbox 1153 3010 1262 3080; x_wconf 89' lang='lat' dir='ltr'><strong>titulo</strong></span> <span class='ocrx_word' id='word_1_234' title='bbox 1278 3015 1314 3079; x_wconf 89' lang='lat' dir='ltr'><strong>et</strong></span> <span class='ocrx_word' id='word_1_235' title='bbox 1339 3009 1465 3078; x_wconf 86' lang='lat' dir='ltr'><strong>morali</strong></span> <span class='ocrx_word' id='word_1_236' title='bbox 1479 3006 1536 3076; x_wconf 84' lang='lat' dir='ltr'><strong>exi·</strong></span> 
     </span>
     <span class='ocr_line' id='line_1_27' title="bbox 376 3116 1535 3209; baseline -0.002 -27"><span class='ocrx_word' id='word_1_237' title='bbox 376 3116 497 3204; x_wconf 83' lang='lat' dir='ltr'><strong>gentia</strong></span> <span class='ocrx_word' id='word_1_238' title='bbox 515 3117 716 3206; x_wconf 87' lang='lat' dir='ltr'><strong>postulante</strong></span> <span class='ocrx_word' id='word_1_239' title='bbox 745 3119 976 3209; x_wconf 81' lang='lat' dir='ltr'><strong>praesentiam</strong></span> <span class='ocrx_word' id='word_1_240' title='bbox 993 3118 1058 3186; x_wconf 90' lang='lat' dir='ltr'><strong>Dei</strong></span> <span class='ocrx_word' id='word_1_241' title='bbox 1075 3116 1265 3187; x_wconf 86' lang='lat' dir='ltr'><strong>seeundum</strong></span> <span class='ocrx_word' id='word_1_242' title='bbox 1286 3119 1468 3183; x_wconf 81' lang='lat' dir='ltr'><strong>essentiam</strong></span> <span class='ocrx_word' id='word_1_243' title='bbox 1483 3136 1535 3181; x_wconf 85' lang='lat' dir='ltr'><strong>non</strong></span> 
     </span>
     <span class='ocr_line' id='line_1_28' title="bbox 376 3220 1534 3309; baseline -0.003 -21"><span class='ocrx_word' id='word_1_244' title='bbox 376 3227 418 3288; x_wconf 88' lang='lat' dir='ltr'><strong>ut</strong></span> <span class='ocrx_word' id='word_1_245' title='bbox 440 3220 599 3292; x_wconf 89' lang='lat' dir='ltr'><strong>immensi</strong></span> <span class='ocrx_word' id='word_1_246' title='bbox 626 3225 685 3294; x_wconf 89' lang='lat' dir='ltr'><strong>sed</strong></span> <span class='ocrx_word' id='word_1_247' title='bbox 713 3232 754 3294; x_wconf 90' lang='lat' dir='ltr'><strong>ut</strong></span> <span class='ocrx_word' id='word_1_248' title='bbox 783 3227 934 3295; x_wconf 86' lang='lat' dir='ltr'><strong>amantis</strong></span> <span class='ocrx_word' id='word_1_249' title='bbox 967 3233 1003 3295; x_wconf 90' lang='lat' dir='ltr'><strong>et</strong></span> <span class='ocrx_word' id='word_1_250' title='bbox 1033 3224 1164 3309; x_wconf 88' lang='lat' dir='ltr'><strong>amati,</strong></span> <span class='ocrx_word' id='word_1_251' title='bbox 1196 3223 1486 3293; x_wconf 81' lang='lat' dir='ltr'><strong>communicantis</strong></span> <span class='ocrx_word' id='word_1_252' title='bbox 1511 3241 1534 3288; x_wconf 86' lang='lat' dir='ltr'><strong>se</strong></span> 
     </span>
     <span class='ocr_line' id='line_1_29' title="bbox 375 3330 1532 3420; baseline -0.001 -25"><span class='ocrx_word' id='word_1_253' title='bbox 375 3334 491 3397; x_wconf 87' lang='lat' dir='ltr'><strong>amato</strong></span> <span class='ocrx_word' id='word_1_254' title='bbox 514 3330 559 3399; x_wconf 90' lang='lat' dir='ltr'><strong>ad</strong></span> <span class='ocrx_word' id='word_1_255' title='bbox 577 3331 775 3420; x_wconf 81' lang='lat' dir='ltr'><strong>fruendum3</strong></span> <span class='ocrx_word' id='word_1_256' title='bbox 801 3340 855 3403; x_wconf 87' lang='lat' dir='ltr'><strong>est</strong></span> <span class='ocrx_word' id='word_1_257' title='bbox 878 3334 1001 3403; x_wconf 86' lang='lat' dir='ltr'><strong>deinde</strong></span> <span class='ocrx_word' id='word_1_258' title='bbox 1018 3356 1131 3403; x_wconf 86' lang='lat' dir='ltr'><strong>novus</strong></span> <span class='ocrx_word' id='word_1_259' title='bbox 1154 3332 1276 3400; x_wconf 87' lang='lat' dir='ltr'><strong>modus</strong></span> <span class='ocrx_word' id='word_1_260' title='bbox 1299 3330 1532 3399; x_wconf 82' lang='lat' dir='ltr'><strong>inexistentia</strong></span> 
     </span>
     <span class='ocr_line' id='line_1_30' title="bbox 375 3436 1532 3533; baseline -0.001 -29"><span class='ocrx_word' id='word_1_261' title='bbox 375 3436 565 3505; x_wconf 88' lang='lat' dir='ltr'><strong>seeundum</strong></span> <span class='ocrx_word' id='word_1_262' title='bbox 578 3443 771 3527; x_wconf 85' lang='lat' dir='ltr'><strong>potentiam</strong></span> <span class='ocrx_word' id='word_1_263' title='bbox 783 3448 820 3510; x_wconf 91' lang='lat' dir='ltr'><strong>et</strong></span> <span class='ocrx_word' id='word_1_264' title='bbox 835 3443 1068 3533; x_wconf 84' lang='lat' dir='ltr'><strong>operationem</strong></span> <span class='ocrx_word' id='word_1_265' title='bbox 1085 3442 1272 3510; x_wconf 79' lang='lat' dir='ltr'><strong>effectuum</strong></span> <span class='ocrx_word' id='word_1_266' title='bbox 1300 3445 1532 3530; x_wconf 85' lang='lat' dir='ltr'><strong>supernatura·</strong></span> 
     </span>
     <span class='ocr_line' id='line_1_31' title="bbox 376 3543 1530 3639; baseline -0.004 -25"><span class='ocrx_word' id='word_1_267' title='bbox 376 3543 476 3630; x_wconf 87' lang='lat' dir='ltr'><strong>lium,</strong></span> <span class='ocrx_word' id='word_1_268' title='bbox 499 3551 535 3614; x_wconf 90' lang='lat' dir='ltr'><strong>et</strong></span> <span class='ocrx_word' id='word_1_269' title='bbox 561 3569 674 3617; x_wconf 88' lang='lat' dir='ltr'><strong>novus</strong></span> <span class='ocrx_word' id='word_1_270' title='bbox 696 3551 818 3619; x_wconf 89' lang='lat' dir='ltr'><strong>modus</strong></span> <span class='ocrx_word' id='word_1_271' title='bbox 844 3551 1032 3620; x_wconf 87' lang='lat' dir='ltr'><strong>seeundum</strong></span> <span class='ocrx_word' id='word_1_272' title='bbox 1054 3551 1290 3639; x_wconf 78' lang='lat' dir='ltr'><strong>praesentiam</strong></span> <span class='ocrx_word' id='word_1_273' title='bbox 1310 3571 1375 3637; x_wconf 89' lang='lat' dir='ltr'><strong>per</strong></span> <span class='ocrx_word' id='word_1_274' title='bbox 1402 3546 1530 3616; x_wconf 87' lang='lat' dir='ltr'><strong>tutelan</strong></span> 
     </span>
     <span class='ocr_line' id='line_1_32' title="bbox 374 3653 1529 3747; baseline 0 -27"><span class='ocrx_word' id='word_1_275' title='bbox 374 3657 411 3721; x_wconf 90' lang='lat' dir='ltr'><strong>et</strong></span> <span class='ocrx_word' id='word_1_276' title='bbox 444 3655 744 3743; x_wconf 88' lang='lat' dir='ltr'><strong>supernaturalem</strong></span> <span class='ocrx_word' id='word_1_277' title='bbox 777 3657 1034 3746; x_wconf 83' lang='lat' dir='ltr'><strong>providentiam</strong></span> <span class='ocrx_word' id='word_1_278' title='bbox 1061 3656 1174 3747; x_wconf 90' lang='lat' dir='ltr'><strong>patris</strong></span> <span class='ocrx_word' id='word_1_279' title='bbox 1198 3677 1284 3744; x_wconf 85' lang='lat' dir='ltr'><strong>erga</strong></span> <span class='ocrx_word' id='word_1_280' title='bbox 1310 3655 1425 3723; x_wconf 89' lang='lat' dir='ltr'><strong>filium</strong></span> <span class='ocrx_word' id='word_1_281' title='bbox 1447 3653 1529 3738; x_wconf 75' lang='lat' dir='ltr'><strong>adep</strong></span> 
     </span>
     <span class='ocr_line' id='line_1_33' title="bbox 373 3760 1527 3856; baseline -0.002 -29"><span class='ocrx_word' id='word_1_282' title='bbox 373 3760 501 3829; x_wconf 88' lang='lat' dir='ltr'><strong>tivum.</strong></span> <span class='ocrx_word' id='word_1_283' title='bbox 523 3790 540 3824; x_wconf 77' lang='lat' dir='ltr'><strong>a</strong></span> <span class='ocrx_word' id='word_1_284' title='bbox 553 3762 610 3830; x_wconf 88' lang='lat' dir='ltr'><strong>Ad</strong></span> <span class='ocrx_word' id='word_1_285' title='bbox 625 3763 811 3832; x_wconf 85' lang='lat' dir='ltr'><strong>fruendum</strong></span> <span class='ocrx_word' id='word_1_286' title='bbox 824 3788 863 3833; x_wconf 91' lang='lat' dir='ltr'><strong>eo</strong></span> <span class='ocrx_word' id='word_1_287' title='bbox 879 3787 946 3856; x_wconf 89' lang='lat' dir='ltr'><strong>quo</strong></span> <span class='ocrx_word' id='word_1_288' title='bbox 959 3764 1146 3833; x_wconf 85' lang='lat' dir='ltr'><strong>fruendum</strong></span> <span class='ocrx_word' id='word_1_289' title='bbox 1161 3768 1227 3847; x_wconf 88' lang='lat' dir='ltr'><strong>est,</strong></span> <span class='ocrx_word' id='word_1_290' title='bbox 1241 3763 1440 3854; x_wconf 88' lang='lat' dir='ltr'><strong>requiritur</strong></span> <span class='ocrx_word' id='word_1_291' title='bbox 1453 3777 1527 3850; x_wconf 85' lang='lat' dir='ltr'><strong>pree·</strong></span> 
     </span>
     <span class='ocr_line' id='line_1_34' title="bbox 375 3868 1526 3964; baseline -0.001 -29"><span class='ocrx_word' id='word_1_292' title='bbox 375 3868 488 3936; x_wconf 79' lang='lat' dir='ltr'><strong>sentia</strong></span> <span class='ocrx_word' id='word_1_293' title='bbox 508 3870 666 3940; x_wconf 86' lang='lat' dir='ltr'><strong>fruibilis</strong></span> <span class='ocrx_word' id='word_1_294' title='bbox 683 3879 720 3941; x_wconf 88' lang='lat' dir='ltr'><strong>et</strong></span> <span class='ocrx_word' id='word_1_295' title='bbox 742 3873 848 3941; x_wconf 87' lang='lat' dir='ltr'><strong>etiam</strong></span> <span class='ocrx_word' id='word_1_296' title='bbox 871 3873 1054 3964; x_wconf 89' lang='lat' dir='ltr'><strong>dispositio</strong></span> <span class='ocrx_word' id='word_1_297' title='bbox 1075 3872 1193 3942; x_wconf 89' lang='lat' dir='ltr'><strong>debita</strong></span> <span class='ocrx_word' id='word_1_298' title='bbox 1209 3871 1376 3959; x_wconf 64' lang='lat' dir='ltr'><strong>fruentia</strong></span> <span class='ocrx_word' id='word_1_299' title='bbox 1392 3870 1478 3940; x_wconf 90' lang='lat' dir='ltr'><strong>unde</strong></span> <span class='ocrx_word' id='word_1_300' title='bbox 1491 3886 1526 3934; x_wconf 87' lang='lat' dir='ltr'><strong>re·</strong></span> 
     </span>
    </p>
   </div>
   <div class='ocr_carea' id='block_1_4' title="bbox 373 3972 1525 4499">
    <p class='ocr_par' dir='ltr' id='par_1_4' title="bbox 373 3972 1525 4499">
     <span class='ocr_line' id='line_1_35' title="bbox 375 3972 1525 4070; baseline 0 -30"><span class='ocrx_word' id='word_1_301' title='bbox 375 3973 529 4064; x_wconf 88' lang='lat' dir='ltr'><strong>quiritur</strong></span> <span class='ocrx_word' id='word_1_302' title='bbox 551 3979 750 4065; x_wconf 88' lang='lat' dir='ltr'><strong>praesentia</strong></span> <span class='ocrx_word' id='word_1_303' title='bbox 774 3978 929 4070; x_wconf 85' lang='lat' dir='ltr'><strong>Spiritus</strong></span> <span class='ocrx_word' id='word_1_304' title='bbox 954 3978 1075 4048; x_wconf 89' lang='lat' dir='ltr'><strong>Sanoti</strong></span> <span class='ocrx_word' id='word_1_305' title='bbox 1103 3983 1139 4047; x_wconf 90' lang='lat' dir='ltr'><strong>et</strong></span> <span class='ocrx_word' id='word_1_306' title='bbox 1164 3979 1239 4045; x_wconf 92' lang='lat' dir='ltr'><strong>eius</strong></span> <span class='ocrx_word' id='word_1_307' title='bbox 1259 3979 1399 4062; x_wconf 84' lang='lat' dir='ltr'><strong>donum,</strong></span> <span class='ocrx_word' id='word_1_308' title='bbox 1417 3972 1525 4045; x_wconf 78' lang='lat' dir='ltr'><strong>scilieet</strong></span> 
     </span>
     <span class='ocr_line' id='line_1_36' title="bbox 375 4074 1522 4172; baseline 0.002 -26"><span class='ocrx_word' id='word_1_309' title='bbox 375 4099 470 4148; x_wconf 90' lang='lat' dir='ltr'><strong>amor</strong></span> <span class='ocrx_word' id='word_1_310' title='bbox 491 4104 558 4172; x_wconf 91' lang='lat' dir='ltr'><strong>quo</strong></span> <span class='ocrx_word' id='word_1_311' title='bbox 581 4083 806 4154; x_wconf 89' lang='lat' dir='ltr'><strong>inhaereatur</strong></span> <span class='ocrx_word' id='word_1_312' title='bbox 822 4085 866 4154; x_wconf 90' lang='lat' dir='ltr'><strong>ei.</strong></span> <span class='ocrx_word' id='word_1_313' title='bbox 882 4085 1121 4154; x_wconf 86' lang='lat' dir='ltr'><strong>Veruntamen</strong></span> <span class='ocrx_word' id='word_1_314' title='bbox 1144 4106 1222 4152; x_wconf 89' lang='lat' dir='ltr'><strong>eum</strong></span> <span class='ocrx_word' id='word_1_315' title='bbox 1238 4083 1346 4153; x_wconf 87' lang='lat' dir='ltr'><strong>datur</strong></span> <span class='ocrx_word' id='word_1_316' title='bbox 1361 4083 1456 4152; x_wconf 93' lang='lat' dir='ltr'><strong>nobis</strong></span> <span class='ocrx_word' id='word_1_317' title='bbox 1468 4074 1522 4167; x_wconf 85' lang='lat' dir='ltr'><strong>spi·</strong></span> 
     </span>
     <span class='ocr_line' id='line_1_37' title="bbox 373 4181 1522 4282; baseline -0.002 -28"><span class='ocrx_word' id='word_1_318' title='bbox 373 4187 467 4255; x_wconf 89' lang='lat' dir='ltr'><strong>ritus</strong></span> <span class='ocrx_word' id='word_1_319' title='bbox 491 4189 641 4259; x_wconf 84' lang='lat' dir='ltr'><strong>Sanetus</strong></span> <span class='ocrx_word' id='word_1_320' title='bbox 663 4214 731 4260; x_wconf 90' lang='lat' dir='ltr'><strong>non</strong></span> <span class='ocrx_word' id='word_1_321' title='bbox 747 4192 875 4282; x_wconf 83' lang='lat' dir='ltr'><strong>incipit</strong></span> <span class='ocrx_word' id='word_1_322' title='bbox 893 4214 967 4261; x_wconf 89' lang='lat' dir='ltr'><strong>esse</strong></span> <span class='ocrx_word' id='word_1_323' title='bbox 987 4191 1026 4259; x_wconf 89' lang='lat' dir='ltr'><strong>in</strong></span> <span class='ocrx_word' id='word_1_324' title='bbox 1048 4213 1139 4260; x_wconf 85' lang='lat' dir='ltr'><strong>novo</strong></span> <span class='ocrx_word' id='word_1_325' title='bbox 1163 4190 1249 4276; x_wconf 86' lang='lat' dir='ltr'><strong>loeo,</strong></span> <span class='ocrx_word' id='word_1_326' title='bbox 1269 4190 1329 4259; x_wconf 89' lang='lat' dir='ltr'><strong>sed</strong></span> <span class='ocrx_word' id='word_1_327' title='bbox 1347 4214 1433 4260; x_wconf 90' lang='lat' dir='ltr'><strong>novo</strong></span> <span class='ocrx_word' id='word_1_328' title='bbox 1449 4181 1522 4256; x_wconf 83' lang='lat' dir='ltr'><strong>nodo</strong></span> 
     </span>
     <span class='ocr_line' id='line_1_38' title="bbox 374 4296 1519 4389; baseline -0.003 -25"><span class='ocrx_word' id='word_1_329' title='bbox 374 4318 436 4385; x_wconf 89' lang='lat' dir='ltr'><strong>per</strong></span> <span class='ocrx_word' id='word_1_330' title='bbox 462 4296 723 4386; x_wconf 79' lang='lat' dir='ltr'><strong>productionem</strong></span> <span class='ocrx_word' id='word_1_331' title='bbox 739 4300 822 4369; x_wconf 86' lang='lat' dir='ltr'><strong>navi</strong></span> <span class='ocrx_word' id='word_1_332' title='bbox 845 4301 993 4369; x_wconf 88' lang='lat' dir='ltr'><strong>effeetus</strong></span> <span class='ocrx_word' id='word_1_333' title='bbox 1009 4305 1045 4368; x_wconf 88' lang='lat' dir='ltr'><strong>et</strong></span> <span class='ocrx_word' id='word_1_334' title='bbox 1059 4298 1142 4368; x_wconf 88' lang='lat' dir='ltr'><strong>novi</strong></span> <span class='ocrx_word' id='word_1_335' title='bbox 1165 4304 1359 4389; x_wconf 79' lang='lat' dir='ltr'><strong>respectus,</strong></span> <span class='ocrx_word' id='word_1_336' title='bbox 1376 4310 1519 4389; x_wconf 75' lang='lat' dir='ltr'><strong>quaeres·</strong></span> 
     </span>
     <span class='ocr_line' id='line_1_39' title="bbox 373 4403 1516 4499; baseline 0.005 -28"><span class='ocrx_word' id='word_1_337' title='bbox 373 4408 457 4472; x_wconf 88' lang='lat' dir='ltr'><strong>tura</strong></span> <span class='ocrx_word' id='word_1_338' title='bbox 476 4426 513 4473; x_wconf 90' lang='lat' dir='ltr'><strong>se</strong></span> <span class='ocrx_word' id='word_1_339' title='bbox 544 4405 649 4475; x_wconf 89' lang='lat' dir='ltr'><strong>aliter</strong></span> <span class='ocrx_word' id='word_1_340' title='bbox 678 4407 784 4476; x_wconf 88' lang='lat' dir='ltr'><strong>habet</strong></span> <span class='ocrx_word' id='word_1_341' title='bbox 814 4408 859 4476; x_wconf 88' lang='lat' dir='ltr'><strong>ad</strong></span> <span class='ocrx_word' id='word_1_342' title='bbox 894 4407 1066 4499; x_wconf 88' lang='lat' dir='ltr'><strong>Spiritum</strong></span> <span class='ocrx_word' id='word_1_343' title='bbox 1096 4406 1263 4477; x_wconf 85' lang='lat' dir='ltr'><strong>Senatum</strong></span> <span class='ocrx_word' id='word_1_344' title='bbox 1292 4427 1394 4498; x_wconf 87' lang='lat' dir='ltr'><strong>quam</strong></span> <span class='ocrx_word' id='word_1_345' title='bbox 1419 4403 1516 4494; x_wconf 65' lang='lat' dir='ltr'><strong>pria,</strong></span> 
     </span>
    </p>
   </div>
   <div class='ocr_carea' id='block_1_5' title="bbox 0 0 1594 4944">
    <p class='ocr_par' dir='ltr' id='par_1_5' title="bbox 0 0 1594 4944">
     <span class='ocr_line' id='line_1_40' title="bbox 0 0 1594 4944; baseline 0 1"><span class='ocrx_word' id='word_1_346' title='bbox 0 0 1594 4944; x_wconf 95' lang='lat' dir='ltr'><strong> </strong></span> 
     </span>
    </p>
   </div>
  </div>
 </body>
</html>
