3172 4950
610 381 648 395 -
669 350 730 412 379
751 383 789 397 -

188 454 224 522 S.
247 453 325 521 Iam
349 474 433 522 vero
454 453 596 543 negatio
619 454 656 522 in
680 455 814 524 divinis
837 460 1043 546 nonpotest
1058 478 1132 525 esee
1149 456 1291 545 negatio

188 561 340 632 lectionis
364 560 425 629 sed
448 560 557 629 solum
580 567 635 629 est
657 561 787 653 aliquis
802 570 920 632 noster
936 564 1057 634 modus
1073 564 1292 654 concipiendi

201 668 290 761 quod
318 668 357 736 in
383 668 455 736 Deo
478 668 669 758 positivum
693 677 805 738 estet
828 671 1008 759 perfectio.
1036 670 1154 740 Aliter
1176 679 1292 739 tamen

188 800 219 847 re
241 777 349 845 aliter
371 800 408 846 ee
431 777 537 844 habet
559 777 702 866 negatio
725 778 763 846 in
787 778 907 847 ordine
938 780 1176 848 absolutorum
1198 786 1234 848 et
1256 779 1291 846 in

188 884 235 952 ine
257 883 469 953 relationum
492 883 722 952 internarum.

188 989 224 1057 [n
245 989 419 1057 absolutis
441 990 583 1079 negatio
606 990 749 1059 exhibet
765 991 1011 1081 perfectionem
1025 993 1219 1062 absolutam
1235 1017 1292 1061 ex·

188 1096 284 1166 leudo
307 1098 602 1188 imperfectionem
635 1119 715 1183 seu,
743 1098 833 1189 quod
857 1100 973 1183 eodem
997 1102 1109 1185 redit,
1134 1101 1293 1191 negando

188 1206 360 1275 lectionem
385 1206 524 1275 defectu
548 1206 728 1275 ulterioris
752 1208 978 1296 perfectiouis
1001 1207 1210 1294 limitatam,
1236 1232 1292 1280 cu·

188 1314 265 1383 nodi
287 1325 342 1383 est
365 1313 535 1405 perfectio
551 1323 682 1402 oreata;
702 1317 854 1408 adeoque
871 1324 925 1387 est
939 1318 1080 1408 negatio
1095 1319 1294 1407 negationis

188 1422 324 1512 proinde
347 1422 531 1491 affirmatio
554 1424 780 1513 perfectionis
813 1425 1012 1511 absolutae,
1037 1448 1125 1517 quae
1155 1426 1293 1495 inadae·

188 1536 221 1599 te
243 1536 279 1599 et
303 1532 446 1599 confuse
468 1552 490 1597 a
512 1532 611 1599 nobis
628 1532 824 1622 concipitur
840 1556 900 1623 per
914 1534 1201 1623 comparationem
1217 1558 1293 1603 oum

188 1637 388 1707 lectionibus
411 1637 589 1726 limitatis;
609 1640 803 1709 cuiusmodi
819 1641 994 1709 attributa
1009 1649 1092 1710 sunt
1105 1644 1292 1732 infinitam,

188 1761 304 1813 aarum
328 1768 390 1815 seu
421 1749 615 1836 inperitam
647 1748 683 1816 in
715 1748 975 1837 significatione
998 1750 1159 1817 absoluta
1183 1749 1294 1840 primo

188 1877 237 1922 ra
259 1854 359 1923 nobis
382 1854 556 1941 indicata,
576 1859 785 1939 aeternitas,
803 1860 1013 1924 immensitas
1035 1864 1103 1926 etc.
1126 1857 1229 1946 (Vide
1253 1856 1293 1926 de

188 1961 300 2031 ibatis
316 1962 367 2031 sic
383 1962 489 2031 dictis
502 1965 675 2053 nepotiota
689 1964 807 2033 Traot.
825 1965 866 2033 de
878 1966 976 2049 Deo).
993 1964 1166 2032 Absoluta
1178 1972 1293 2033 autem

188 2092 219 2139 ee
241 2070 391 2139 invicem
414 2069 527 2161 quoad
549 2095 621 2139 rem
645 2072 753 2161 ipsam
779 2073 902 2161 negari
927 2094 994 2139 non
1019 2078 1185 2161 possunt,
1211 2066 1294 2163 quia

188 2176 260 2247 liter
281 2178 375 2247 inter
398 2199 434 2246 se
457 2201 525 2246 non
549 2178 830 2269 distinguuntur.
847 2180 946 2247 Unde
967 2178 1097 2247 falsum
1112 2186 1177 2263 est,
1197 2179 1227 2246 ai
1242 2178 1294 2247 ‹li-

188 2306 232 2353 ur:
255 2285 294 2355 in
315 2284 389 2352 Deo
411 2284 552 2353 iustitia
574 2308 643 2353 non
666 2292 719 2354 est
743 2285 992 2374 misericordia;
1019 2286 1179 2379 quamvis
1202 2284 1294 2352 alius

192 2400 373 2483 conceptus
389 2393 549 2463 iustitiae
564 2400 600 2461 et
616 2393 709 2461 alius
726 2393 996 2477 misericordiae,
1012 2401 1117 2485 atque
1133 2393 1210 2460 ideo
1223 2391 1293 2460 dici

188 2502 230 2571 sit
250 2523 291 2571 ac
311 2500 446 2570 debeat:
464 2508 650 2592 conceptus
666 2501 828 2570 institiae
844 2501 986 2571 divinae
1000 2515 1069 2569 aon
1087 2506 1141 2571 est
1156 2522 1295 2589 concep

202 2608 458 2678 misericordiae
482 2608 636 2677 divinae.

191 2716 236 2785 At
256 2716 410 2786 relativa
425 2717 489 2784 snb
513 2716 654 2785 formali
676 2716 813 2785 ratione
836 2716 1066 2786 relativorum
1082 2716 1226 2786 realiter
1242 2717 1294 2784 in·

199 2846 232 2893 se
253 2824 537 2914 distinguuntur,
555 2825 700 2894 realiter
722 2825 815 2894 enim
838 2825 930 2894 alius
953 2832 1008 2893 est
1022 2825 1128 2894 Pater
1151 2834 1187 2894 et
1201 2824 1294 2894 alius

188 2928 234 2999 ius
255 2932 349 3000 alius
373 2932 529 3022 Spiritus
553 2932 722 3019 Sanctus3
744 2933 834 3001 unde
858 2933 899 3001 de
923 2956 959 3001 ae
986 2934 1137 3001 invicem
1166 2954 1294 3023 negan-

189 3038 313 3108 .Pater
336 3061 405 3107 non
428 3045 482 3108 est
503 3038 620 3107 Filius
643 3045 679 3108 et
701 3063 768 3108 non
793 3039 949 3129 Spiritus
974 3040 1149 3126 Sanctus,
1176 3040 1294 3130 sicque

188 3144 233 3215 ius
255 3170 324 3215 non
348 3156 402 3216 est
423 3148 528 3215 Peter
551 3153 588 3215 et
610 3170 678 3214 non
703 3146 859 3237 Spiritus
883 3147 1034 3217 Sanctus
1056 3155 1124 3217 etc.
1144 3146 1211 3216 Sed
1237 3169 1295 3215 ne·
1389 3172 1393 3179 ·

188 3252 219 3321 ¹io
238 3255 290 3322 ita
313 3260 477 3343 concepta
499 3277 566 3321 non
590 3253 697 3321 aliem
716 3253 857 3323 exhibet
872 3255 1048 3324 notionem
1063 3261 1099 3324 et
1115 3253 1295 3324 formalem

188 3362 286 3431 iorem
302 3384 482 3453 personae,
496 3383 599 3453 quam
611 3362 807 3447 affirmatio,
827 3363 916 3454 quod
934 3370 988 3431 est
1003 3386 1095 3431 unus
1112 3365 1216 3433 Pater
1231 3364 1291 3432 i.e.

204 3492 290 3539 unus
312 3472 377 3539 sub
400 3471 541 3539 formali
565 3470 700 3539 ratione
723 3471 842 3539 Patris
872 3470 1007 3539 relatus
1035 3471 1080 3540 ad
1103 3470 1235 3539 Filium
1259 3479 1296 3538 et

188 3576 307 3648 tinctus
330 3600 352 3645 a
374 3578 480 3662 Filio,
498 3584 534 3647 et
556 3579 619 3646 sub
643 3578 783 3646 formali
807 3579 943 3647 ratione
967 3579 1136 3669 spirantis
1160 3578 1295 3645 inclusa

189 3687 392 3775 paternitate
414 3686 550 3755 relatus
572 3693 609 3755 et
631 3686 821 3755 distinctus
844 3708 866 3753 a
889 3685 1028 3776 Spiritu
1044 3685 1184 3771 Sancto,
1203 3686 1294 3774 pari·

188 3814 240 3882 que
262 3780 448 3863 dicendum
470 3793 511 3862 de
534 3792 623 3862 Filii
651 3792 821 3861 relatione
851 3793 896 3861 ad
919 3794 1059 3862 Patrem
1082 3800 1118 3862 et
1141 3792 1181 3861 de
1207 3792 1295 3860 rela-

188 3920 217 3968 na
237 3900 393 3992 Spiritus
416 3900 537 3970 Sancti
561 3901 605 3969 ad
628 3901 769 3969 Patrem
786 3907 821 3969 et
836 3900 979 3969 Filium.
991 3900 1038 3971 In
1056 3900 1150 3968 Filio
1168 3905 1204 3967 et
1220 3898 1298 3989 Spi·
1356 3898 1359 3903 ’

188 4006 334 4079 uSancto
355 4015 495 4099 praeter
506 4008 578 4099 ,has
590 3990 662 4098 alia
675 4009 774 4076 nulla
789 4010 965 4100 reperitur
976 4009 1074 4077 notio
1095 4008 1229 4076 ratione
1245 4006 1296 4074 di·

188 4124 263 4203 ncta,
280 4139 350 4209 qua
362 4124 509 4209 uterque
521 4116 678 4207 personis
690 4115 774 4184 aliis
782 4142 846 4205 per
857 4120 1073 4206 repertorem
1085 4123 1293 4205 opponatur,

188 4216 257 4292 lilio
271 4248 392 4315 nempe
404 4224 531 4294 filiatio
543 4224 579 4291 h.
592 4247 622 4292 e.
634 4247 708 4293 esse
719 4224 875 4313 genitum
890 4231 995 4315 atque
1008 4224 1044 4290 in
1057 4223 1228 4291 filiatione
1245 4221 1296 4289 in·

188 4350 223 4399 aa
236 4333 424 4403 communis
439 4355 517 4402 cum
528 4333 633 4402 Patre
650 4332 798 4423 spiratio
814 4332 944 4415 activa,
960 4330 997 4397 in
1015 4329 1153 4420 Spiritu
1168 4328 1295 4396 Sancto

188 4442 292 4511 renio
315 4463 474 4511 seuerae
507 4441 679 4532 spiratum
709 4448 793 4509 sunt
824 4440 917 4509 solae
949 4437 1113 4507 formales
1143 4436 1297 4506 rationes
