3172 4950
651 365 690 383 -
711 332 771 398 453
793 365 831 383 -

228 440 395 513 Similiter
418 438 456 509 S.
479 439 638 510 Basilius
654 439 679 507 l.
697 439 743 508 V.
764 447 885 510 contra
908 439 1056 509 Eunom.
1082 437 1213 509 statuit
1235 436 1325 528 imno

188 550 442 641 impositionem:
470 535 493 612 α’
505 548 595 640 quod
618 547 712 618 sicut
735 547 853 617 Filius
869 547 913 617 ad
931 549 1081 630 Patrem,
1100 547 1152 614 ite
1169 545 1326 636 Spiritus

188 655 319 728 chaum
340 657 385 726 erl
409 655 553 725 Filium.
574 683 589 717 n
609 656 651 724 Iu
675 655 909 726 declaratione
932 654 970 723 S.
984 655 1115 731 vDoctor
1132 676 1200 723 non
1216 653 1328 721 solum

188 764 405 854 processionem
428 762 586 854 Spiritus
609 762 730 832 Sancti
748 762 877 830 aFiiio
894 761 1076 831 sedetiam
1100 759 1236 830 modum
1253 780 1329 848 pro·

188 870 322 939 cessionis
345 869 515 953 eundem,
542 870 602 961 qui
625 877 679 938 est
702 868 790 937 Filii
821 893 842 937 a
866 869 994 952 Putre,
1020 868 1192 937 nfflrmare
1216 865 1330 936 rideri

188 985 294 1065 posset,
320 978 380 1048 sed
404 976 639 1047 attendendus
662 984 717 1046 est
740 975 816 1045 cius
840 998 985 1066 scopus,
1011 977 1072 1069 qui
1095 983 1173 1044 erat
1196 973 1331 1044 demon·

189 1091 273 1157 strare
296 1085 545 1177 processionem
570 1085 727 1176 Spiritus
751 1084 872 1153 Sancti
899 1106 920 1152 s
943 1083 1048 1168 Filio,
1067 1092 1104 1153 et
1127 1082 1190 1152 hoc
1213 1082 1288 1173 ipso
1311 1101 1333 1149 e.

188 1192 238 1266 Deo
254 1195 278 1263 i.
292 1216 359 1264 ee
381 1195 488 1263 Patre
513 1201 549 1263 et
572 1193 689 1277 Fiiio,
716 1201 757 1263 ut
780 1217 886 1262 unum
912 1201 1018 1280 scrut,
1044 1215 1112 1262 non
1136 1199 1252 1261 sutem
1275 1213 1333 1258 ns·

189 1323 254 1374 usse
275 1301 402 1373 hebuit
424 1302 652 1372 intrinsecam
676 1302 759 1371 dare
784 1287 965 1384 rationem,
992 1323 1054 1370 cur
1082 1299 1167 1367 irsec
1198 1319 1331 1391 proces·

190 1407 226 1477 tio
241 1433 299 1480 non
323 1412 372 1481 sit
395 1412 587 1501 generatio,
613 1418 718 1503 etque
747 1411 799 1480 ita
823 1433 886 1479 cur
910 1409 1068 1500 Spiritus
1091 1407 1241 1477 Sanctus
1265 1428 1334 1476 nou

190 1513 224 1584 sit
239 1515 345 1588 Filius
367 1517 467 1588 Filii.
492 1519 550 1587 Ad
574 1517 663 1587 hunc
688 1516 898 1608 propositam
922 1516 1176 1608 quaestionem,
1205 1513 1242 1582 in
1265 1534 1335 1604 qus

190 1622 338 1695 evidenter
363 1633 403 1694 ut
426 1625 619 1696 doctrinam
647 1623 855 1694 catholicam
889 1622 1054 1713 supponit
1082 1619 1333 1713 processionem

192 1725 316 1820 Spiritus
339 1733 461 1803 Sancti
484 1756 506 1802 e
534 1733 628 1802 Filio
657 1755 718 1823 per
734 1730 1077 1801 communicationem
1101 1738 1260 1810 naturae,
1280 1748 1332 1793 so·

191 1829 242 1905 inu
261 1839 324 1909 duo
347 1840 544 1930 respondet:
571 1842 604 1909 1'
627 1840 663 1910 in
682 1840 877 1929 Scripturis
900 1862 968 1908 non
992 1838 1062 1906 dici
1085 1836 1215 1906 Filium
1234 1836 1332 1919 Filii,

191 1950 320 2033 quemvis
343 1948 502 2041 Spiritus
526 1949 677 2019 Sanctus
701 1948 750 2017 sit
772 1971 813 2017 ex
839 1947 1038 2019 substuutie
1060 1945 1171 2031 Filii,
1210 1944 1245 2014 2³
1269 1968 1336 2013 rron

192 2044 241 2121 dici
264 2053 392 2124 Filium
424 2056 483 2126 sed
515 2055 713 2147 Spiritum,
740 2062 781 2125 ut
804 2055 1039 2146 processiones
1071 2053 1108 2121 in
1144 2052 1337 2121 intrinseco

192 2155 247 2228 riu
270 2162 333 2233 Dei
363 2162 616 2253 intelligentur
650 2161 831 2231 conclusae
862 2185 923 2253 per
953 2160 1200 2253 processionem
1226 2158 1337 2248 Spiri-

191 2265 250 2349 itts,
271 2293 310 2342 ne
334 2271 364 2339 si
391 2269 580 2360 procedens
612 2292 633 2338 s.
655 2269 749 2338 Filio
781 2277 873 2340 esset
895 2267 1035 2353 Filius,
1068 2267 1172 2336 etiem
1198 2265 1256 2333 hic
1287 2288 1337 2334 se·

191 2373 298 2447 turdus
323 2378 442 2448 Filius
465 2378 596 2448 Filium
620 2378 788 2462 tertium,
815 2378 924 2446 etsie
951 2377 988 2444 in
1016 2374 1192 2444 infinitum
1220 2384 1338 2463 postu·

189 2471 245 2553 lite
266 2485 452 2556 rideretur.
478 2486 595 2555 Verba
618 2485 745 2554 Basilii
771 2494 876 2553 sunt:
898 2519 913 2548 a
933 2481 1022 2576 quod
1047 2486 1134 2551 sicut
1157 2483 1274 2552 Fiiine
1293 2480 1339 2548 od

188 2580 328 2676 Putrem,
355 2598 408 2660 ita
431 2595 586 2684 Spiritus
625 2618 659 2662 se
695 2594 793 2660 iobet
818 2591 864 2659 od
887 2593 1031 2660 Filiam.
1058 2591 1247 2681 Propterea
1275 2589 1339 2656 liei

188 2686 312 2788 listas)
327 2701 463 2796 quidem
491 2703 631 2770 Ventum
655 2704 771 2771 Filius
795 2717 856 2771 est.
884 2703 1024 2769 Verbum
1047 2715 1158 2766 aretem
1182 2699 1275 2768 Filii
1291 2711 1340 2766 est

188 2792 361 2885 Spiritui...
378 2809 427 2880 Et
449 2832 527 2881 cum
550 2810 704 2880 Verbum
729 2809 778 2879 sit
799 2810 900 2896 Filii,
928 2809 1072 2901 proinde
1088 2808 1151 2879 Dei
1168 2816 1233 2878 esi.
1253 2804 1340 2875 Ver·

188 2989 210 3049 i·
230 3008 313 3065 Verso
326 3012 435 3075 Patriae
455 3013 502 3066 rel
526 3011 655 3066 vicissim
679 3011 709 3065 id
731 3012 901 3080 profitentur
922 3011 956 3066 do
974 3013 1063 3065 Verte
1077 3011 1179 3074 Petris,
1202 3024 1270 3077 erro
1290 3023 1342 3065 nso
1413 3055 1415 3059 .

188 3098 286 3155 '⁰⁸suut
308 3102 367 3155 uisi
390 3102 511 3156 absorde
534 3117 638 3168 negare
659 3101 692 3155 cie
711 3103 820 3168 Spiritu
835 3103 919 3155 Filii.
940 3103 1041 3170 itaque
1053 3118 1086 3155 ex
1100 3101 1277 3170 processione
1291 3100 1341 3153 im·

188 3177 298 3245 tenente
318 3191 447 3259 Spiritus
468 3192 583 3258 esitio,
605 3208 677 3260 quae
697 3194 877 3259 significetur
890 3194 1002 3247 nomine
1019 3193 1141 3262 Spiritus
1156 3192 1239 3255 Filii,
1253 3190 1342 3245 Atha·

189 3280 268 3334 ssim
286 3281 465 3335 demonstrat
484 3283 835 3348 consubstantialitatem,
863 3298 919 3336 non
944 3289 1037 3337 autem
1056 3281 1343 3336 consubstantialita-

188 3367 229 3419 ’ἢ
245 3371 315 3426 citra
334 3371 541 3439 processionem
562 3373 614 3425 hoe
628 3373 738 3424 nomino
753 3372 919 3437 significari,
933 3387 1064 3440 umquam
1080 3373 1106 3425 ci
1119 3372 1149 3425 in
1162 3374 1282 3425 mentem
1296 3384 1343 3423 re·

188 3442 231 3510 lt,
248 3460 272 3512 i·
290 3461 406 3527 tinguit:
426 3463 452 3514 si
472 3461 599 3529 Spiritus
619 3461 691 3514 Filii
711 3468 755 3515 est
769 3467 909 3527 creatura,
924 3461 1083 3515 necessario
1094 3461 1190 3514 Filius
1203 3460 1285 3514 cuins
1298 3461 1344 3512 est

188 3543 305 3617 ciuem,
324 3551 410 3604 etiam
429 3551 493 3618 ipse
511 3558 557 3604 est
576 3557 718 3605 creatura.
739 3551 778 3605 At
798 3553 867 3606 haec
888 3554 984 3605 iiistio
1002 3556 1078 3605 esset
1099 3551 1231 3615 ridicule,
1250 3550 1277 3623 si
1300 3564 1342 3601 so·

188 3641 230 3691 ἢ
254 3640 416 3694 missionem
438 3640 474 3693 ad
494 3645 576 3694 extra
596 3656 653 3696 non
672 3656 739 3694 vero
762 3644 967 3709 processionem
990 3655 1128 3709 personae
1151 3639 1185 3692 ad
1205 3640 1285 3692 intra
1305 3638 1343 3691 si·

188 3723 299 3783 steens
318 3736 449 3798 pumssct
468 3733 580 3784 nomine
602 3733 724 3799 Spiritus
737 3733 821 3795 stetu
842 3733 981 3801 numquid
1001 3732 1074 3783 enim
1095 3744 1128 3783 ex
1150 3745 1181 3782 eo
1201 3727 1273 3796 quoti
1296 3727 1343 3781 st·

188 3818 232 3870 Rs
253 3820 345 3873 mittit
369 3827 529 3892 ereaturam
552 3826 582 3874 et
601 3829 735 3889 orreretur
756 3838 805 3890 per
824 3830 983 3876 creatumm
1005 3823 1226 3884 ministrantem,
1248 3833 1344 3872 conso·

188 3905 259 3961 nsue
278 3916 332 3974 est,
353 3909 460 3962 Filium
480 3910 573 3978 ipsum
596 3927 656 3963 esse
671 3914 844 3966 creatorem?
864 3914 970 3966 Contra
986 3928 1052 3965 reru
1074 3909 1232 3963 rectissime
1258 3909 1346 3963 inier-

188 3997 231 4062 ΙΙ,
246 3998 352 4052 Filium
371 4001 531 4053 necessario
550 4016 611 4053 esse
631 4007 800 4068 creaturam,
818 4004 843 4055 si
858 4018 901 4055 ex
922 4003 983 4055 eius
1009 4002 1174 4054 substantia
1191 3997 1344 4068 procedens

188 4072 217 4134 lt
231 4095 369 4143 ereatura.
388 4089 415 4142 3·
429 4091 556 4157 Denique
577 4092 652 4143 sicut
665 4093 717 4144 alii
729 4094 830 4145 Patres
842 4094 885 4145 ita
896 4097 926 4145 ct
936 4093 1114 4145 Athanasius
1125 4091 1256 4155 assumit,
1270 4087 1345 4157 quod

193 4180 416 4233 uenmstomachi
436 4181 556 4233 maxime
579 4181 799 4248 contendebant,
814 4183 921 4235 Filium
944 4197 1005 4234 esse
1029 4180 1202 4248 principium
1218 4179 1345 4247 Spiritus

188 4268 278 4334 knrti5
295 4267 346 4321 sed
365 4268 431 4322 dum
453 4269 500 4322 ilii
520 4269 726 4322 contenderent
740 4287 802 4324 esse
816 4270 991 4338 principium
1005 4285 1055 4337 per
1068 4269 1249 4332 creationem,
1260 4265 1346 4318 Atha·

191 4356 354 4412 uiut'cum
382 4359 486 4412 ceteris
509 4358 625 4412 insistit
646 4357 792 4426 dogmati,
815 4359 956 4426 Spiritum
978 4358 1112 4413 Sanctum
1136 4355 1285 4426 procedere
1310 4367 1345 4408 cx

188 4443 336 4502 tutantia
354 4446 428 4502 Filii
447 4449 523 4504 sicut
543 4447 640 4503 Filius
659 4455 705 4504 est
725 4465 760 4504 ea
780 4449 946 4504 substantia
965 4448 1074 4504 Patris.
