3172 4950
718 109 757 123 -
778 77 838 138 271
861 109 899 124 -

194 189 263 259 bus
279 183 458 276 legitime
473 182 661 269 inferatur,
673 183 784 255 Deum
800 205 875 255 esse
890 206 999 253 unum
1013 187 1050 254 et
1064 181 1209 252 trinum.
1226 181 1271 251 Iu
1284 181 1400 254 altera

192 292 408 387 hypothesi
422 292 619 364 necessario
634 293 711 384 ipsa
726 293 822 363 notio
837 292 1040 378 Trinitatis,
1059 298 1102 361 ut
1116 312 1139 360 a
1152 292 1225 362 Deo
1240 290 1399 361 revelata

193 409 263 488 et,
292 408 548 493 pervertetur,
574 402 659 495 quia
679 402 724 471 ad
749 409 951 493 conceptum
974 422 1213 493 personarum,
1241 421 1329 492 quae
1344 422 1397 469 eo·

193 513 241 585 lis
265 509 523 580 relationibus
544 509 638 579 inter
661 533 697 579 se
721 509 866 579 realiter
891 509 1081 579 distinctae
1097 515 1227 578 etcum
1250 530 1321 577 una
1336 530 1398 576 nu·

192 641 296 693 moro
323 616 488 688 essentia
510 617 673 687 absoluta
695 616 937 687 identificatae
968 617 1067 702 sint,
1093 617 1166 686 solo
1189 616 1321 687 lumine
1344 637 1399 685 ra·

196 725 320 800 tionis
345 723 533 817 perveniri
555 747 624 793 uon
646 731 775 817 potest.
791 725 866 795 Hoc
889 731 1005 795 autem
1028 724 1109 794 inde
1132 730 1199 810 est,
1226 723 1400 817 quianon

200 834 325 908 solum
349 834 393 902 iu
416 832 602 918 omnibns,
628 854 717 926 quae
739 833 924 904 intellectu
946 841 1067 904 nostro
1091 831 1314 924 percipimus,
1333 854 1397 922 pro

200 963 361 1015 numero
386 963 613 1032 personarum
630 962 692 1010 seu
707 942 967 1034 suppositorum
983 941 1268 1034 multiplicantur
1283 963 1397 1011 essen·

203 1052 281 1123 tiae
298 1049 436 1119 saltem
458 1072 601 1120 numero
624 1049 836 1137 distinctae,
862 1051 922 1121 sed
946 1051 1052 1120 etiam
1074 1049 1212 1120 nullum
1234 1055 1290 1120 est
1304 1050 1398 1140 priu-

208 1158 350 1249 cipium
374 1157 577 1243 rationale,
601 1179 645 1226 ex
669 1180 737 1251 quo
760 1157 1088 1249 multiplicationem
1110 1178 1338 1248 personarum
1359 1155 1399 1225 iu

211 1287 287 1337 une
311 1287 462 1335 numero
485 1265 638 1335 essentia
660 1275 703 1335 ut
724 1265 924 1357 possibilem
942 1268 1095 1358 positive
1116 1257 1318 1356 intelligere
1333 1286 1393 1334 va-

215 1374 367 1444 leams.

286 1484 412 1567 Quare
434 1505 498 1569 ea,
524 1503 612 1577 quae
635 1485 879 1577 praetenditur
902 1483 1164 1570 demonstratio,
1183 1484 1241 1554 vel
1263 1505 1332 1553 uon
1347 1486 1402 1554 est

221 1616 316 1664 unere
338 1591 528 1663 rationalis
550 1598 587 1663 et
608 1592 849 1685 philosophica
864 1593 924 1663 sed
940 1591 1189 1662 demonstratio
1203 1591 1401 1681 theologica

224 1721 270 1769 ex
291 1699 481 1793 principiis
502 1700 695 1785 reveletis,
720 1700 763 1771 de
786 1722 855 1793 qua
885 1700 1036 1771 inferius
1063 1699 1240 1785 dicamus,
1265 1700 1323 1769 vel
1346 1706 1401 1770 est

224 1807 475 1879 demousmtio
497 1807 609 1894 nulla,
628 1808 686 1879 vel
700 1808 844 1900 iusuper
868 1814 924 1898 (ut
946 1832 1079 1900 semper
1095 1808 1290 1879 necessario
1313 1807 1401 1878 acci·

188 1948 190 1953 ¹
225 1914 294 2002 dit,
311 1917 344 1986 si
359 1916 596 2008 praesumitur
620 1916 870 1992 demonstratio
893 1943 980 1986 mere
1002 1918 1206 1999 rationalis,
1222 1915 1259 1986 h.
1277 1939 1308 1986 e.
1325 1925 1401 1987 tum

228 2025 340 2116 quoad
362 2030 568 2116 conceptum
591 2022 679 2117 qnid
702 2027 773 2109 sie,
798 2032 874 2095 tum
905 2027 1017 2118 quoad
1049 2026 1235 2096 veritatem
1259 2051 1305 2093 cn
1328 2027 1401 2114 rie)

188 2160 191 2179 ·
228 2128 341 2222 ipsum
363 2134 490 2225 dogma
506 2133 708 2203 revelatum
730 2134 950 2225 pervertitur
966 2141 1002 2204 et
1025 2134 1062 2204 in
1085 2134 1239 2204 alienum
1263 2156 1402 2203 sensum

188 2298 190 2335 ;
232 2237 469 2335 detorquetur.
484 2242 558 2312 Hoc
582 2249 768 2335 utrumqne
791 2242 913 2312 allatis
928 2243 1065 2337 aliquot
1079 2240 1332 2312 tentaminibus
1349 2264 1401 2312 re·

188 2382 190 2391 ·
235 2350 421 2419 cantiorum
445 2349 533 2441 ipsis
555 2349 667 2420 oculis
698 2350 868 2420 subiicere
892 2349 981 2420 utile
1004 2350 1120 2420 visum
1142 2355 1214 2434 est,
1241 2354 1282 2418 ut
1312 2346 1402 2439 quod

239 2457 424 2528 universim
446 2463 585 2529 constat
608 2481 650 2527 ex
674 2458 836 2529 doctriua
858 2465 894 2529 et
916 2482 958 2528 ex
981 2458 1167 2551 principiis
1181 2456 1397 2543 theoreticis,

243 2565 441 2638 exhibeatur
462 2566 569 2637 etiam
591 2568 820 2660 spectabilius
843 2567 881 2638 iu
904 2567 1011 2638 factis
1040 2567 1127 2638 licet
1148 2566 1258 2637 solum
1282 2566 1402 2658 singu·

244 2670 380 2746 laribus.

296 2783 325 2855 1.
339 2782 480 2855 Vitium
500 2781 622 2876 itaque
643 2783 760 2853 miuus
783 2784 843 2853 sed
866 2806 910 2852 ex
933 2784 986 2856 rei
1008 2789 1139 2854 natura
1169 2781 1404 2873 inseparabile

243 2884 479 2960 iubniusmodi
490 2890 737 2981 experimentis
749 2897 804 2960 est
815 2891 970 2961 inanitas
983 2890 1301 2962 demonstrationis.
1317 2891 1404 2961 Iuda

245 3016 314 3068 vero
335 2998 498 3089 sequitur
520 2997 636 3084 illud,
663 2998 753 3091 quod
776 2999 830 3068 ait
845 2999 882 3071 S.
895 2998 1058 3068 Thomas:
1079 3027 1097 3063 c
1114 2999 1175 3091 qui
1190 2999 1337 3089 probare
1351 2999 1404 3068 ui·

242 3105 319 3177 titur
341 3106 556 3176 Trinitatem
579 3129 804 3198 personarum
834 3108 994 3177 naturali
1017 3109 1164 3193 ratione,
1184 3107 1266 3176 fidei
1289 3107 1404 3198 dupli·

244 3212 319 3283 citer
336 3214 502 3305 derogat.
519 3215 637 3284 Primo
660 3215 799 3308 quidem
815 3223 983 3308 quantum
998 3215 1043 3284 ad
1061 3216 1271 3307 dignitatem
1287 3217 1403 3307 ipsius

245 3318 334 3408 idei,
360 3343 449 3414 quae
471 3326 526 3391 est
548 3321 599 3409 (in
623 3323 805 3417 mysteriis
826 3323 967 3414 proprie
990 3323 1123 3408 dictis),
1150 3330 1191 3393 nt
1214 3323 1264 3391 sit
1286 3323 1327 3392 de
1350 3322 1404 3392 iu·
1460 3380 1463 3386 ,

245 3428 445 3515 visibilibus,
463 3452 553 3522 quae
573 3429 745 3500 rationem
768 3431 954 3501 humanam
977 3432 1166 3502 excedunt:
1192 3430 1284 3501 unde
1305 3431 1398 3522 Apo·

247 3538 344 3610 stolus
366 3539 497 3610 dicit...
513 3538 547 3608 1.
561 3536 639 3608 Cor.
653 3538 704 3608 11.
720 3540 753 3609 7.
771 3539 948 3632 loquimur
963 3540 1028 3608 Dei
1044 3539 1252 3630 sapientiam
1275 3540 1313 3609 in
1328 3564 1403 3630 my·

249 3648 363 3736 aterio,
381 3670 471 3742 quae
485 3647 692 3718 abscondita
707 3654 773 3717 est.
789 3648 947 3717 Secundo
962 3654 1133 3742 quantum
1148 3648 1193 3717 ad
1210 3647 1404 3719 utilitatem

250 3755 396 3826 trahendi
418 3755 510 3825 alios
531 3756 576 3825 ad
599 3755 714 3825 fidem.
731 3755 817 3825 Oeam
840 3759 929 3823 enim
953 3757 1086 3848 aliquis
1117 3754 1163 3823 cd
1191 3755 1407 3846 probandum

249 3858 331 3946 fidem
352 3861 489 3932 inducit
510 3867 662 3932 rationes
685 3887 773 3956 quae
796 3889 862 3930 nen
886 3879 967 3931 sunt
981 3878 1134 3955 copertos
1147 3912 1157 3946 ,
1182 3862 1273 3931 cedit
1296 3867 1334 3932 in
1358 3865 1406 3929 ir·

257 3968 397 4039 νίοίοποω
419 3969 622 4063 infidelium.
640 3997 657 4034 a
684 3971 717 4041 1.
734 3997 767 4064 q.
787 3970 842 4041 32.
858 3993 891 4040 a.
908 3972 941 4041 1.

305 4075 392 4149 Sane
414 4077 542 4148 mirum
562 4083 641 4164 est,
667 4078 835 4171 quomodo
857 4077 1014 4148 homiues
1045 4079 1151 4148 etiam
1180 4078 1314 4149 assueti
1336 4101 1405 4148 me·

260 4176 464 4278 dationibus
487 4186 740 4279 metaphysicis
762 4187 942 4277 potuerint
964 4187 1032 4257 sibi
1047 4188 1256 4279 persuadere
1271 4193 1308 4257 et
1321 4186 1405 4256 eliis
