3172 4950
648 350 687 364 -
709 317 771 379 259
792 349 829 364 -

217 430 321 501 Senon
349 426 468 498 eodem
498 425 536 497 S.
560 425 709 495 Ioannes
741 422 919 494 concludit
949 423 1146 493 doctrinam
1179 422 1221 493 de
1244 424 1318 493 Deo

182 538 271 610 lerbo:
298 537 442 606 «Deum
463 558 562 605 nemo
584 533 679 603 vidit
700 552 864 623 umquam
888 530 935 617 (1.
953 529 1029 599 Cor.
1042 531 1092 599 11.
1105 530 1221 616 9.11):
1239 531 1317 600 nni·

182 647 285 717 cuitus
305 645 425 715 Filius
440 644 502 736 qui
518 642 624 712 estin
641 641 722 711 sinu
736 639 866 725 Patris,
891 639 965 729 ipse
981 640 1193 709 enarravit»
1213 635 1320 715 ἐκεινος

182 756 312 845 tynum
336 754 386 840 (1.
400 752 480 832 Cor.
495 752 545 820 H.
564 751 690 837 10).Io.
701 750 732 818 I.
744 748 800 816 18.
818 747 1072 837 Apertum‘est,
1091 773 1153 839 per
1168 750 1318 821 incisum

183 887 269 931 neno
292 864 404 943 novit,
428 860 499 929 nisi
515 860 572 930 cui
583 859 701 930 Filius
718 858 872 930 voluerit
887 856 1045 927 revelare
1059 886 1090 945 n,
1109 859 1203 929 sicut
1215 882 1318 949 penes
1368 904 1382 926 .

182 971 291 1041 sulam
315 993 380 1061 per
402 968 553 1040 alterum
575 969 797 1061 parallelum:
825 1001 842 1036 u
855 995 949 1038 nemo
967 971 1138 1060 coqnovit,
1155 966 1226 1037 nisi
1242 967 1319 1057 Spi-

182 1088 236 1149 tus
249 1079 338 1149 'Deit
355 1077 456 1147 nobis
470 1084 587 1148 antem
602 1078 777 1149 revelavit
793 1080 888 1148 Deus
903 1101 965 1169 per
982 1077 1154 1169 Spiritum
1169 1099 1270 1145 sunm
1285 1103 1317 1162 n,

182 1210 310 1279 iscopo
334 1184 541 1255 immediato·
559 1176 698 1279 quidem
721 1186 862 1257 excludi
897 1184 1234 1275 cognoscibilitatem
1258 1204 1320 1274 per

182 1296 239 1365 ires
261 1294 415 1365 rationis
438 1295 628 1384 humanae,
662 1301 817 1365 attamen
840 1318 883 1365 ex
909 1292 1119 1362 indicatione
1152 1291 1321 1361 scientiae

182 1403 334 1488 sturalis,
358 1423 448 1494 quae
470 1400 519 1470 sit
541 1401 607 1470 soli
629 1402 702 1491 Deo
724 1401 845 1487 Patri,
870 1401 983 1487 Filio,
1016 1400 1167 1492 Spiritui
1191 1399 1320 1468 Sancto

182 1511 298 1603 ropria,
326 1516 363 1580 ct
385 1532 427 1578 ex
443 1507 714 1579 universalitate
730 1508 931 1600 negationis
946 1531 987 1579 ac
1003 1506 1233 1600 oppositionis
1244 1528 1320 1599 per·

182 1641 307 1689 narum
320 1618 786 1688 divinarumodcreaturam
799 1618 999 1688 universam
1008 1613 1320 1687 manifestoexclu-

182 1728 244 1799 itur
265 1726 424 1818 cognitio
446 1726 621 1796 naturalis
644 1726 803 1796 cuiusvis
826 1725 1029 1795 intellectus
1045 1726 1167 1796 creati.
1184 1725 1228 1793 In
1243 1746 1321 1815 par·

182 1835 256 1906 bula
281 1864 300 1899 u
313 1858 409 1902 nemo
424 1835 498 1899 uici
514 1834 621 1901 Pater
635 1860 667 1919 n,
695 1858 818 1902 onemo
836 1836 909 1902 cici
923 1835 1041 1902 Filius
1054 1860 1087 1916 n,
1115 1856 1236 1900 anemo
1251 1834 1323 1899 nisi

182 1947 301 2034 piritu·
324 1943 426 2011 Dei»
452 1941 579 2033 opponi
607 1942 719 2011 Deum
749 1942 923 2012 creaturis
953 1966 1021 2012 non
1045 1964 1127 2013 vero
1158 1961 1323 2031 personae

182 2052 215 2123 ibi
235 2053 401 2137 invicem,
427 2074 489 2143 per
511 2075 548 2122 ee
569 2057 669 2142 patet
689 2075 732 2122 ex
756 2054 894 2122 unitate
917 2052 1089 2122 essentias
1120 2050 1262 2122 divinae
1285 2049 1324 2118 in

182 2160 316 2230 uronis.
346 2188 364 2225 n
385 2158 424 2227 Si
446 2158 654 2251 simpliciter
685 2160 833 2229 dixisset
854 2184 970 2242 nemo,
994 2157 1099 2228 multi
1121 2181 1164 2228 ex
1187 2158 1323 2226 audito·

182 2267 244 2339 {bus
266 2268 305 2339 id
330 2268 373 2338 de
395 2273 524 2337 natura
545 2273 684 2337 tantum
707 2273 829 2337 nostra
859 2267 992 2337 dictum
1024 2273 1227 2357 putassent;
1253 2265 1324 2334 iam

182 2398 230 2447 ero
253 2399 332 2447 cum
355 2382 537 2469 postquam
561 2375 654 2446 dixit
676 2400 783 2457 acmo,
808 2376 916 2446 addat
931 2378 1003 2442 nini
1017 2375 1148 2457 Filios,
1166 2375 1232 2444 hac
1246 2373 1323 2442 uni·

182 2485 260 2556 niti
281 2483 477 2555 adiectione
502 2507 634 2553 omnam
662 2491 859 2555 creaturam
882 2484 1092 2554 exclusit...
1111 2482 1208 2552 Illud
1230 2507 1323 2550 nemo

182 2616 281 2686 mper
304 2593 350 2662 ad
373 2599 614 2662 creaturarum
637 2594 877 2663 tantummodo
908 2592 1134 2663 secretionem
1164 2591 1321 2682 ponitur;

182 2724 210 2772 sc
232 2702 265 2772 si
287 2702 332 2773 de
354 2702 459 2772 Patre
480 2702 634 2788 dicatur,
658 2702 795 2773 Filium
818 2709 986 2787 removet,
1011 2724 1074 2771 nec
1098 2700 1128 2769 si
1152 2701 1194 2769 de
1214 2698 1321 2781 Filio,

182 2809 321 2901 piritum
345 2808 512 2880 Sanctum
527 2810 687 2881 excludit
698 2839 715 2874 n
734 2817 800 2880 eto.
812 2809 997 2901 chrysost.
1010 2809 1101 2877 hom.
1119 2806 1164 2878 V.
1178 2830 1213 2875 n.
1233 2805 1266 2875 1.
1282 2805 1325 2876 de

182 2916 429 3009 rcomprehens.
445 2918 487 2986 Τ.
501 2918 532 2986 1.
547 2941 582 3008 p.
601 2916 681 2986 481.

213 3026 265 3096 Π.
287 3024 503 3094 «Profunda
524 3024 621 3095 Dein
647 3024 901 3117 veritatemque
924 3022 1116 3094 revelatam
1140 3019 1325 3119 distincta·

182 3160 226 3205 nn
249 3156 477 3227 personarum
500 3156 589 3227 quae
611 3141 695 3205 sunt
717 3157 809 3204 unus
831 3136 939 3219 Deus,
965 3156 1039 3203 esse
1056 3153 1163 3222 supra
1178 3137 1326 3201 natura·

182 3268 216 3313 on
227 3243 435 3314 facultatem
448 3241 606 3313 cuiusvis
620 3241 821 3313 intellectus
837 3243 947 3313 creati
960 3248 996 3312 et
1007 3241 1211 3310 nominatim
1220 3259 1326 3329 snpra

182 3350 347 3422 rtnralem
376 3349 548 3420 rationem
579 3349 784 3436 humanam,
811 3350 875 3420 SS.
894 3351 1019 3418 Patres
1050 3349 1178 3442 quavis
1210 3353 1326 3417 aetate

182 3465 410 3553 rpposnerunt
421 3459 479 3527 vel
491 3458 620 3528 diserte
630 3460 859 3529 vindicarunt
876 3458 976 3527 velut
991 3458 1237 3528 certissimum.
1252 3455 1327 3525 Imo

182 3569 319 3641 corotici
342 3568 412 3659 ipsi
435 3590 550 3637 omnes
572 3569 846 3653 consentiebant,
873 3568 1067 3638 doctrinam
1090 3566 1131 3636 de
1148 3564 1327 3633 Trinitats

182 3676 389 3749 tcatholioa
410 3677 571 3747 Ecclesia
592 3698 667 3746 cam
691 3677 865 3767 proponit,
890 3676 1043 3746 humana
1065 3675 1202 3743 ratione
1222 3670 1325 3740 intel·

183 3770 444 3876 ginon'posse.
470 3783 572 3855 Siout
594 3807 677 3854 voro
699 3786 825 3855 Patres
857 3783 1071 3854 insistebant
1100 3778 1323 3864 revelationi,

182 3900 256 3987 tque
277 3916 300 3962 a
320 3894 394 3964 Deo
416 3893 490 3962 solo
513 3893 555 3963 de
578 3894 713 3984 seipso
736 3892 898 3982 loquente
933 3891 1135 3961 discendnm
1157 3910 1232 3958 esse
1258 3885 1327 3956 aie-

182 4008 250 4088 aut,
265 4002 386 4073 aclide
400 4002 607 4072 credendum
623 4001 843 4092 mysterium,
859 4000 950 4093 qnod
962 4006 1017 4069 est
1032 4020 1139 4089 snpra
1154 3996 1325 4068 rationem

182 4116 317 4200 nonam
343 4110 396 4181 ita
420 4109 577 4180 vicissim
600 4110 782 4195 haeretici,
810 4110 900 4203 qnod
923 4108 1061 4178 ratione
1084 4105 1242 4196 intelligi
1258 4127 1327 4173 non

182 4226 280 4306 necet,
304 4219 539 4289 traducebant
561 4217 662 4289 velut
684 4219 899 4288 contrarium
923 4214 1075 4302 rationi,
1094 4222 1131 4285 et
1146 4222 1330 4304 propterea

182 4346 292 4398 uncum
303 4327 533 4400 revelationis
541 4328 808 4410 accomodabant
819 4327 864 4396 ad
876 4316 1030 4395 normam
1046 4323 1226 4395 notionum
1238 4341 1330 4389 mere

182 4435 392 4509 rationalium.
411 4437 535 4509 Patres
550 4435 760 4507 revelationi
774 4436 988 4506 anctoritate
1004 4433 1238 4517 confirmatae,
1256 4433 1329 4498 tra·

1205 4555 1222 4594 Ι
