3172 4950
724 348 762 361 -
785 317 825 376 47
846 347 883 360 -

204 424 244 491 in
267 403 508 493 decretalibus
531 423 675 492 insertis
699 421 836 511 corpori
858 421 953 489 Iuris
977 425 1167 511 usurpatus
1183 421 1226 489 ad
1243 421 1388 510 proban·

205 533 252 601 da
266 531 435 622 dogmata
451 532 514 619 (l);
532 538 685 620 ternpore
701 528 957 619 compilationis
974 528 1143 597 falsarum
1160 528 1396 597 decretalium.

207 647 330 727 (saec.
348 640 432 725 IX)
455 639 557 709 velut
579 660 661 728 pars
683 637 866 705 notissima
900 660 929 705 s.
957 635 1163 726 Scripturas
1193 635 1326 705 citatus
1349 637 1385 704 iu

207 747 370 838 epistolis
393 746 587 838 suppositis
609 745 805 834 Higino-et
827 745 951 813 Ioanni
974 744 1030 831 115
1069 728 1326 813 commendatus
1349 749 1387 814 et

207 857 286 926 eius
308 856 450 925 omissio
472 854 666 946 periculoso
688 855 800 923 errori
823 854 1003 943 adscripta
1026 854 1063 920 in
1086 852 1235 940 Prologo
1258 852 1302 920 ad
1316 853 1385 943 api·

209 964 319 1033 stolas
341 963 546 1047 catholicas,
572 964 633 1054 qui
656 964 720 1031 sub
743 962 880 1031 nomine
903 960 940 1029 S.
955 960 1164 1047 Hieronymi
1175 959 1255 1028 inde
1268 961 1311 1027 ab
1327 981 1386 1028 an·

208 1071 419 1162 tiquissimis
440 1071 655 1161 temporibus
678 1070 935 1162 praefigebatur
957 1070 994 1137 in
1018 1068 1124 1138 Codd.
1142 1069 1337 1136 Bibliorum
1350 1075 1388 1138 et

209 1179 338 1270 passim
368 1181 407 1248 in
439 1179 695 1249 vetustioribus
724 1179 938 1248 editionibus
962 1179 1030 1264 (2),
1057 1181 1323 1246 commentatum
1348 1177 1385 1244 in

210 1287 355 1355 eundem
369 1285 484 1354 locum
500 1286 629 1377 absque
645 1284 798 1375 vestigio
813 1285 911 1353 dubii
926 1285 968 1353 de
985 1284 1205 1374 genuinitate
1219 1285 1263 1351 sb
1279 1283 1385 1352 inter·

211 1394 382 1484 pratibus,
391 1392 598 1461 nominatim
609 1393 649 1460 in
664 1393 782 1482 glossa
798 1392 977 1461 ordinaria
988 1390 1183 1462 Walafridi
1196 1388 1384 1459 Fuldensis

212 1509 247 1570 et
269 1500 490 1571 interlineari
512 1500 671 1570 Anselmi
693 1500 948 1585 Laudunensis,
971 1520 1119 1591 quarum
1141 1521 1246 1590 penes
1269 1521 1384 1567 omnes

211 1611 375 1693 Doctores
398 1608 591 1678 auctoritas
621 1613 699 1677 erat
732 1608 950 1697 magistralia
974 1612 1039 1702 (ut
1061 1607 1159 1698 loqui
1182 1606 1340 1675 solebant
1356 1611 1382 1693 );

215 1723 255 1786 ut
276 1717 417 1787 verbnm
439 1716 506 1785 Dei
529 1716 698 1807 scriptum
721 1717 838 1786 eadem
863 1716 1073 1808 confidentia
1104 1720 1313 1804 usurpatum
1335 1719 1384 1782 te-

215 1824 411 1894 stimouium
445 1830 482 1893 et
504 1846 546 1892 ex
569 1847 608 1894 eo
630 1825 713 1895 fidei
751 1824 910 1915 probatio
945 1823 1109 1894 derivata
1144 1823 1187 1891 ab
1225 1816 1385 1895 bmnibus

216 1931 384 2022 theologis
406 1932 444 2000 in
467 1931 626 2000 omnibus
650 1932 799 2016 scholia,
826 1953 847 1998 a
870 1931 1075 2000 Pastoribus
1098 1932 1136 1999 in
1162 1929 1386 1999 institutione

218 2039 332 2129 populi
354 2038 542 2108 christiani
564 2045 630 2109 etc.
662 2038 763 2108 Nihil
788 2061 874 2128 opus
897 2045 952 2108 est
974 2039 1152 2107 nominare
1175 2038 1381 2126 Rupertum‚

222 2147 256 2216 S.
287 2148 521 2232 Bernardum,
558 2148 741 2237 Hugonem
775 2147 1020 2231 Victorinum,
1054 2145 1265 2235 Magistrum
1301 2144 1384 2214 Sen-

223 2255 410 2340 tentiarum,
435 2254 472 2323 S.
488 2255 666 2341 Thomam,
694 2256 730 2325 S.
749 2257 1032 2325 Bonaventaram
1047 2260 1114 2324 etc.
1134 2254 1294 2323 Profecto
1316 2253 1384 2343 igi·

224 2367 276 2429 tur
293 2362 434 2431 evidens
457 2368 530 2447 est,
554 2362 670 2432 locum
694 2363 735 2432 de
758 2384 825 2455 quo
841 2362 1045 2455 quaeritur,
1071 2367 1236 2451 aseptem
1260 2361 1384 2430 saltem

226 2469 357 2537 saeculis
380 2492 491 2562 usque
514 2469 559 2538 ad
582 2468 775 2539 Concilium
798 2469 1044 2539 Tridentinum
1061 2467 1285 2537 constituisse
1304 2489 1383 2558 par·

181 2652 183 2655 ¹
227 2581 284 2642 tem
303 2575 469 2666 epistolae
491 2574 694 2660 canonicae,
726 2590 833 2665 prout
857 2579 895 2641 ia
918 2576 1079 2644 Ecclesia
1110 2575 1281 2643 catholico
1312 2575 1384 2664 lepi

227 2686 377 2752 consevit
400 2699 433 2750 et
456 2686 494 2751 in
518 2686 624 2751 veteri
647 2685 796 2772 eulpato
820 2685 941 2750 latinu
965 2680 1115 2749 editione
1138 2682 1335 2749 habebatur.
1453 2734 1461 2752 .

280 2790 383 2860 Porro
395 2792 431 2860 2⁰
446 2796 582 2861 textum
605 2791 742 2862 versari
764 2791 801 2860 in
817 2792 920 2859 rebus
935 2790 1017 2859 fidei
1032 2812 1094 2880 per
1108 2813 1144 2859 se
1156 2790 1332 2858 revelatae
1347 2794 1385 2859 et

229 2898 374 2967 eminenti
396 2899 532 2969 ratione
555 2899 789 2988 dogmaticum
812 2920 909 2982 esse,
942 2898 1041 2966 nulla
1064 2903 1144 2987 eget
1165 2897 1380 2987 probatione.

229 3004 311 3086 Quod
328 3005 441 3099 aliqui
452 3007 673 3097 respondent,
689 3007 814 3096 dogma
826 3007 868 3075 de
883 3005 946 3075 SS.
960 3005 1136 3075 Trinitate
1151 3006 1189 3073 in
1201 3005 1287 3075 locis
1301 3004 1383 3072 aliis
1428 3062 1431 3069 .

229 3110 410 3204 Scripturas
433 3135 632 3205 expressum
656 3136 742 3201 esse;
764 3113 855 3182 unde
875 3113 1052 3205 inquiunt,
1064 3119 1194 3203 uegeta
1205 3113 1312 3183 etiam
1325 3137 1382 3204 ge·

229 3222 381 3293 punitate
403 3222 598 3293 testimonii
620 3223 658 3290 in
685 3223 750 3291 hoc
773 3227 939 3292 contextu
963 3223 1046 3290 lIo.
1062 3222 1107 3298 V..
1123 3223 1156 3307 7,
1175 3245 1243 3291 non
1266 3229 1383 3293 tamen

229 3339 368 3419 regatur,
384 3355 458 3401 rem
481 3339 517 3403 et
539 3333 747 3401 sententiam
767 3333 909 3402 eandem
929 3331 1100 3401 contineri
1117 3333 1154 3400 in
1171 3331 1379 3424 Scripturis3

229 3434 296 3507 haec
316 3441 454 3532 inquam
477 3441 656 3530 responsio
678 3440 808 3508 nemini
832 3440 920 3510 satis
944 3441 1065 3510 fuerit.
1092 3440 1175 3510 Sine
1188 3441 1292 3511 dubio
1305 3467 1382 3512 oon·

229 3548 358 3616 servatio
380 3553 416 3617 et
439 3547 614 3618 sufficiens
635 3547 826 3638 propositio
842 3547 1070 3618 revelationis
1083 3549 1270 3617 secundum
1285 3549 1381 3640 prin·

284 3726 320 3801 (1)
329 3733 368 3785 De
383 3747 492 3786 summa
506 3724 588 3785 triu.
603 3748 664 3800 cap.
678 3734 851 3785 Damaamae
860 3731 894 3804 (l.
904 3733 928 3785 Ι.
940 3731 989 3785 tlt.
1002 3733 1027 3785 1.
1040 3747 1064 3786 c.
1081 3726 1118 3801 1);
1140 3730 1174 3783 de
1185 3730 1287 3783 celebr.
1299 3729 1380 3783 liius.

230 3829 276 3882 etp.
286 3822 319 3872 Iu
330 3822 451 3888 quadam
469 3820 503 3894 (l.
515 3823 570 3875 111.
583 3821 631 3875 tlt.
642 3822 688 3874 41.
698 3838 721 3875 e.
733 3819 773 3892 8).

282 3906 318 3981 (t)
335 3913 380 3966 Ita
397 3913 531 3979 loquitur
548 3915 646 3966 auctor
665 3914 780 3979 Prologl
807 3910 865 3984 (de
885 3914 965 3967 cuius
983 3916 1078 3967 aetate
1098 3912 1164 3967 vide
1184 3911 1332 3964 Muranum
1350 3909 1381 3962 ln

230 4011 300 4061 opere:
311 4002 457 4058 Divinitas
470 4004 505 4056 D.
516 4003 552 4056 N.
564 4004 588 4055 Ι.
600 4002 651 4056 (th.
667 4003 786 4057 detensa
806 4005 827 4057 l.
840 4005 864 4057 1.
874 4020 897 4057 c.
912 4000 968 4076 19):
983 4023 995 4051 u
1008 4005 1061 4058 illo
1072 4002 1224 4071 praecipuo
1244 4003 1315 4066 loeo,
1332 3995 1383 4054 ubl

230 4082 255 4137 de
268 4089 409 4146 rmiutie
428 4093 544 4148 unitate
564 4095 595 4147 in
615 4094 640 4146 1.
653 4095 694 4147 Io.
706 4095 840 4162 Epistola
858 4095 985 4161 positum
1003 4094 1144 4161 legimus,
1169 4094 1199 4145 in
1219 4110 1275 4161 qua
1296 4093 1382 4145 etlam

228 4174 256 4226 ab
271 4177 423 4237 infidelibus
443 4183 670 4237 translatoribus
690 4185 811 4237 multum
832 4187 958 4236 erratum
981 4199 1043 4237 esse
1063 4183 1159 4237 afldei
1173 4184 1299 4237 veritate
1314 4196 1384 4236 com·

228 4267 471 4328 reduce...1>etris
491 4274 685 4340 Verbiquaec
706 4272 836 4341 Spiritus
854 4274 1050 4327 testimonium
1071 4274 1246 4339 omittentes,
1269 4274 1300 4326 in
1324 4289 1379 4340 quo

229 4357 324 4413 marine
342 4364 370 4414 et
387 4362 456 4416 fidos
476 4362 618 4417 catholiea
629 4362 788 4429 roboratur,
806 4367 835 4416 et
847 4365 941 4431 Pater,
954 4363 1049 4417 Filius
1069 4366 1099 4416 at
1112 4363 1242 4431 Spiritus
1259 4363 1380 4417 Sanctus

230 4455 273 4495 ω
288 4462 342 4503 eun
362 4449 531 4506 divinitatis
550 4450 715 4505 substantia
738 4452 938 4521 comprobatur
950 4471 976 4504 n.
