3172 4950
707 342 746 358 ..
768 311 829 373 400
849 341 887 358 ..

207 418 368 489 fications
392 417 594 488 immediata
624 415 810 507 designare
841 414 1039 485 missionem
1063 420 1102 487 et
1131 416 1334 507 procusiores

208 525 253 593 ad
276 534 389 607 extra,
415 523 505 592 nihil
529 531 645 592 temen
668 523 898 613 proficerent,
925 521 1010 591 liaeo
1031 521 1125 591 enim
1150 520 1337 612 processiosl

209 641 311 703 extra
334 639 374 700 ut
397 632 661 700 fundumentum
685 629 837 700 includit
863 630 1116 720 processionem
1131 630 1177 699 sel
1192 630 1339 715 intrasti

209 740 339 831 potius,
357 738 388 806 si
403 736 597 827 theologice
613 738 807 831 loquamur,
834 737 953 805 missio
969 747 1024 807 est
1040 738 1190 829 ipsamet
1210 736 1342 828 processio
1376 814 1378 821 ,

210 848 255 916 ad
277 846 373 915 intra
397 870 475 915 cum
498 845 802 936 adsignificatioue
817 846 1024 915 efficientiae
1039 844 1306 937 supernaturalis
1315 844 1344 915 si

210 962 313 1025 extra
329 954 424 1042 (vide
440 954 645 1043 Hieronymi.
671 954 846 1023 Donatum
870 953 895 1022 l.
915 954 979 1023 lv.
998 977 1030 1023 c.
1046 955 1082 1023 4.
1108 954 1203 1044 upusl
1219 950 1347 1023 Eiultl

211 1060 274 1132 SS.
300 1086 361 1131 vv.
388 1084 480 1130 nora
506 1061 649 1130 Collect.
669 1061 711 1129 Τ.
728 1062 811 1130 Vll.
830 1063 870 1129 P.
891 1062 940 1130 II.
967 1086 1001 1152 p.
1029 1063 1095 1131 125
1118 1067 1224 1155 sqq.).
1251 1060 1347 1131 Emer

212 1171 285 1239 fere
300 1169 400 1237 modo
422 1170 583 1258 superius
607 1170 760 1239 uidimus
776 1174 825 1261 (p.
837 1170 1013 1254 lto-179),
1031 1170 1159 1239 Patres
1174 1170 1348 1263 aliquosu-

211 1285 326 1346 tustos
349 1300 537 1347 sermonem
564 1277 690 1348 habere
710 1279 753 1347 dc
776 1280 1000 1369 generatione
1027 1279 1117 1347 Filii
1146 1278 1185 1346 in
1211 1277 1349 1347 creatione

212 1385 380 1468 universi,
399 1386 435 1454 h.
446 1408 476 1454 e.
493 1387 534 1455 de
550 1388 831 1455 manifestatione
851 1386 938 1456 Filii
961 1388 1005 1455 ab
1020 1394 1163 1456 aeterno
1179 1386 1294 1476 geniti.
1311 1384 1350 1455 Cr

213 1498 329 1561 terum
353 1494 474 1562 Patres
497 1493 604 1563 etiam
628 1494 748 1583 graeci
779 1494 900 1562 miultis
923 1494 961 1561 in
983 1494 1071 1561 locis
1094 1492 1149 1560 ita
1172 1492 1348 1584 loquuntur,

214 1611 256 1670 ut
278 1600 385 1670 verba
407 1600 474 1670 illa
497 1603 693 1671 necessario
716 1601 948 1691 intelligenda
972 1602 1045 1669 sint
1060 1623 1168 1671 sensu
1190 1597 1351 1669 immediato

214 1707 257 1777 dc
279 1715 422 1778 aeterua
443 1716 481 1778 et
494 1708 704 1779 immanente
727 1710 944 1799 processione
967 1708 1126 1799 Spiritus
1150 1706 1268 1777 Sancti
1284 1704 1352 1775 iii·

213 1813 276 1887 lio.
300 1814 434 1884 Doceat
459 1814 550 1882 enim
570 1815 821 1905 processionem
846 1815 1003 1906 Spiritus
1019 1813 1144 1883 Sancti
1167 1813 1231 1897 ita,
1249 1812 1350 1901 utpip·

215 1923 294 2003 sice,
320 1924 569 2006 essentialiter,
595 1922 772 1990 secundem
795 1939 958 1990 rictorem
979 1921 1173 2013 effulgeat,
1197 1928 1349 2013 appareat,

216 2028 401 2113 scaturiat,
426 2031 629 2121 procedata
648 2031 743 2100 Filio
767 2032 824 2102 rel
845 2056 905 2123 per
930 2030 1078 2114 Filium,
1103 2029 1164 2098 uel
1188 2058 1230 2101 es·
1244 2030 1351 2099 eunti

217 2138 310 2209 Filii
336 2137 490 2229 (φυσικως.
512 2133 671 2213 cursorios,
685 2160 784 2230 paces,
799 2162 879 2203 κατα
891 2161 990 2231 φυσιν,
1009 2136 1043 2205 ἐκ
1058 2160 1112 2211 τις
1128 2138 1230 2215 suessa
1241 2162 1287 2205 τευ
1300 2134 1349 2219 iero)

216 2244 392 2337 Epiphan.
418 2247 563 2316 Haercs.
582 2248 637 2316 62.
656 2271 692 2314 n.
709 2248 750 2333 4;
775 2248 905 2316 Ancon.
924 2272 959 2315 n.
978 2249 1019 2333 73
1044 2247 1176 2338 Cyrill.
1193 2249 1235 2318 de
1249 2247 1348 2316 adorsi.

217 2353 243 2422 l.
262 2353 293 2423 Ι.
311 2379 346 2446 p.
365 2355 398 2439 93
418 2355 589 2427 Thesaur.
607 2380 642 2446 p.
659 2356 738 2424 345.
757 2356 836 2425 354.
854 2356 940 2441 3583
958 2356 994 2424 in
1011 2357 1062 2424 Io.
1081 2382 1114 2449 p.
1135 2358 1213 2427 126.
1231 2368 1291 2428 ete.
1303 2350 1349 2423 llt·

219 2462 303 2531 xim.
316 2488 349 2554 q.
365 2463 420 2531 63.
436 2463 472 2532 in
487 2464 662 2554 Scriptur.
673 2464 759 2555 Opp.
775 2463 817 2531 Τ.
832 2464 861 2531 Ι.
875 2487 909 2554 p.
924 2463 1003 2532 23³⁸.
1020 2464 1100 2533 239.
1115 2487 1179 2535 seu
1190 2465 1232 2535 tle
1243 2456 1346 2533 cantu

217 2568 324 2639 Zuch.
350 2579 391 2639 ut
414 2570 546 2640 citatur
577 2593 599 2638 a
621 2571 729 2641 Becco
752 2573 860 2655 (inter
883 2573 1010 2663 Opuse.
1040 2595 1150 2643 aurea
1173 2598 1207 2664 p.
1225 2572 1346 2657 litteo

219 2673 287 2746 Sed
302 2675 344 2747 <le
360 2677 428 2746 PP.
448 2678 598 2748 iuferius
613 2678 750 2748 dicendi
765 2679 864 2751 locus
880 2679 962 2750 erit.

651 2862 795 2925 THESlS
816 2863 964 2924 XXXIV.

366 2985 556 3065 Explicctr'o
580 2987 743 3065 dopmetis
768 2988 975 3065 affirmantis,
991 2988 1078 3067 quod
1100 2986 1245 3067 Spiritus

651 3106 672 3148 e
687 3087 789 3149 Putre
806 3089 964 3164 procedit.

258 3263 271 3288 ι
281 3240 322 3293 Ex
334 3240 530 3308 superioribus
540 3240 735 3307 consequitur,
744 3239 775 3293 in
786 3242 882 3294 verbis
890 3240 999 3295 Christi
1010 3241 1218 3296 sffirmsutibus
1231 3228 1355 3295 lomi

222 3350 234 3375 o
250 3331 372 3396 Spiritus
385 3331 510 3382 seritotis
523 3332 572 3396 qui
586 3346 602 3381 n
616 3330 701 3382 Putre
711 3331 847 3395 proselit,
864 3347 919 3384 non
939 3332 1030 3384 solutu
1052 3347 1108 3385 uon
1133 3330 1247 3386 excludi
1263 3327 1305 3384 sel
1320 3320 1359 3379 etl·

222 3440 234 3467 r
249 3420 310 3473 lats
327 3418 386 3473 Scri
391 3425 538 3488 ,iturorum
558 3421 672 3485 integra
695 3420 826 3474 doctrina
847 3421 1082 3475 manifestissime
1100 3421 1212 3476 includi
1233 3421 1324 3475 iiiios
1338 3412 1362 3465 ti

222 3529 235 3555 r
251 3522 337 3562 uuum
356 3524 417 3563 cum
431 3510 516 3562 Patre
528 3510 699 3576 principium
711 3510 837 3577 Spiritus
848 3510 956 3575 Sancti,
970 3510 1044 3579 quod
1063 3512 1307 3579 insnpsrhocipso
1319 3506 1362 3559 lot·

222 3619 235 3643 e
250 3601 414 3668 expressius
425 3599 580 3665 indicatur,
593 3599 659 3653 dum
673 3601 846 3654 Parsclitum
857 3601 965 3655 elicitur
978 3602 1189 3654 mittereFitius
1201 3620 1218 3654 u
1229 3601 1333 3653 Putre·

285 3751 316 3818 Ι.
342 3752 382 3821 Si
405 3753 478 3821 sola
502 3776 563 3842 per
585 3774 622 3821 se
645 3751 884 3821 consideretur
899 3751 1041 3834 locutio,
1060 3756 1124 3843 qui
1148 3778 1172 3820 c
1188 3752 1290 3821 Putre
1305 3768 1368 3838 pro·

221 3858 332 3940 cedit,
357 3882 398 3929 ea
421 3863 606 3949 affirmans
628 3867 684 3928 est
706 3867 743 3928 et
765 3860 930 3929 enuntiat
953 3861 1205 3949 processionem
1237 3856 1371 3948 Spiritu!

220 3965 343 4034 Sancti
367 3990 389 4034 a
411 3969 527 4051 Patre,
553 3990 656 4059 quam
680 3969 801 4059 utique
825 3990 941 4036 omnes
963 3967 1137 4037 Catholici
1167 3967 1326 4036 credimus
1341 3958 1374 4027 ei

221 4076 442 4159 confitemur;
467 4099 533 4144 non
559 4084 675 4143 autem
697 4083 752 4144 est
775 4075 906 4144 locutio
934 4074 1115 4143 excludens
1144 4074 1373 4166 processionem

220 4182 325 4251 etiam
349 4206 370 4251 a
392 4183 498 4251 Filio.
524 4184 725 4252 Distinctus
749 4183 813 4251 hoc
837 4183 952 4272 ipsum
975 4184 1045 4252 dici
1070 4192 1205 4273 potest:
1235 4182 1264 4250 si
1285 4174 1374 4247 reri*

220 4288 296 4356 sola
318 4313 378 4379 per
402 4313 438 4358 se
462 4299 675 4380 spectentur,
696 4290 820 4359 docent
842 4291 983 4359 Patrem
999 4313 1073 4358 esse
1090 4288 1294 4379 principium
1308 4274 1369 4371 spi·

222 4395 314 4465 ritus
338 4397 472 4483 Sancti,
489 4422 558 4467 non
573 4408 689 4468 tamen
711 4399 847 4482 docent,
867 4398 933 4468 sub
947 4420 1017 4490 qua
1039 4397 1182 4467 formali
1196 4397 1318 4467 ratione
1329 4382 1367 4453 sii
