3172 4950
699 348 737 362 -
761 317 818 377 167
840 349 878 361 -·

201 439 312 487 eausa
332 419 430 488 Deus
452 425 525 508 est;
552 419 642 488 nihil
666 443 749 510 ergo
774 422 850 491 odio
875 423 1023 490 habetur
1046 442 1067 487 a
1090 422 1174 505 Deo,
1194 421 1253 491 sed
1269 444 1379 512 neque

205 546 229 592 a
247 525 378 610 Verbo,
402 527 504 594 ambo
526 527 616 596 enim
639 551 747 597 unum
771 535 865 614 sunt,
890 552 1010 619 nempe
1032 529 1127 598 Deus
1153 525 1195 616 (ἑν
1208 551 1266 620 γαρ
1280 532 1378 621 rippa,

208 632 308 719 &reeb
332 635 428 704 dixit
449 635 553 704 enim:
579 635 617 704 in
640 636 813 726 principio
842 643 920 706 erat
950 638 1125 721 Verbum,
1159 642 1194 704 et
1227 636 1379 705 Verbum

212 743 345 813 eratin
368 745 441 813 Deo
469 739 513 829 (ἐν
530 767 571 830 τῳ
582 740 656 831 Sep)
684 751 720 814 et
741 746 837 815 Deus
867 754 946 815 erat
976 747 1186 816 Verbum...
1221 746 1315 814 Deus
1338 751 1374 814 et

215 848 319 917 bonus
333 855 370 918 et
384 848 501 917 iustus
516 853 626 918 est...
641 849 756 918 Unum
772 857 888 920 autem
904 857 959 920 est
973 852 1079 936 Deus,
1090 856 1126 919 et
1141 873 1247 941 supra
1259 872 1378 934 unum,

218 961 252 1023 et
270 977 374 1046 supra
397 955 508 1046 ipsam
532 950 721 1027 monadem.
745 957 936 1048 Propterea
958 958 1135 1049 particula
1161 959 1210 1026 Tu
1234 958 1285 1046 (in
1303 981 1380 1028 ver-

221 1063 287 1131 tis:
316 1065 372 1133 Τῑι
398 1064 506 1134 Pater
534 1066 572 1134 in
599 1089 652 1136 me
669 1073 705 1137 et
719 1067 796 1156 Ego
812 1067 849 1135 in
868 1068 932 1153 Te)
960 1067 1150 1158 emphasim
1178 1066 1307 1135 habens
1324 1066 1380 1135 de-

224 1173 476 1243 monstrativam
499 1173 662 1265 designat
684 1176 806 1262 Deum,
832 1176 893 1268 qui
916 1176 1012 1245 solus
1034 1174 1270 1244 essentialiter
1303 1180 1377 1257 est,

226 1285 301 1366 eret,
324 1286 363 1348 et
384 1281 456 1349 erit
479 1281 571 1368 (vid.
587 1283 707 1352 'lract
725 1283 926 1370 deDeo)....
948 1283 1018 1366 Qui
1041 1284 1132 1352 enim
1156 1282 1218 1350 hos
1242 1281 1379 1373 quidem

227 1387 382 1457 statuite
406 1387 571 1477 dexteris,
590 1390 672 1459 illos
697 1413 779 1460 vero
803 1414 824 1459 a
848 1391 1005 1461 sinistris
1030 1392 1153 1478 (bonus
1175 1398 1211 1459 et
1233 1390 1376 1477 iustus),

230 1502 381 1588 quatenus
404 1500 510 1570 Pater
534 1500 730 1591 coneipitur
753 1502 861 1569 bonus
891 1500 1069 1584 existens,
1096 1499 1132 1568 id
1156 1498 1266 1567 solum
1291 1497 1381 1590 quod

230 1610 287 1690 ost,
316 1629 437 1698 nempe
461 1609 592 1694 bonus,
618 1608 815 1699 appellatus
839 1615 894 1677 est
917 1607 1059 1694 (Matth.
1074 1606 1173 1675 XIX.
1191 1607 1272 1691 17),
1298 1627 1381 1698 qua-

231 1719 312 1783 tenus
334 1737 418 1784 vero
440 1716 557 1784 Filius
580 1716 733 1786 existens
756 1717 908 1786 Verbum
931 1716 1008 1785 eius
1038 1715 1075 1782 in
1099 1714 1204 1782 Patre
1228 1720 1301 1799 est,
1328 1713 1382 1780 iu·

233 1826 290 1890 stus
308 1823 532 1913 appelletur,
558 1844 601 1894 ex
623 1824 793 1893 relatione
823 1825 868 1893 ad
899 1824 1048 1894 invioem
1073 1850 1103 1891 n.
1134 1822 1258 1915 Itaque
1288 1822 1382 1890 Deus

233 1948 303 1999 mus
323 1938 379 2000 est
400 1938 438 2001 et
460 1953 567 2022 supra
597 1932 790 2017 unitatem,
817 1931 875 2000 oui
906 1930 1042 2000 scilieet
1064 1928 1252 1998 intrinsece
1281 1950 1381 2018 repu-

234 2042 300 2123 gut
313 2037 448 2107 additio
463 2038 612 2108 alterius
635 2039 785 2109 unitatis
809 2039 943 2127 (Traet.
960 2039 1109 2125 deDeo),
1119 2037 1276 2130 idemque
1291 2058 1383 2106 unns

233 2143 306 2216 Deus
327 2153 382 2217 est
403 2148 509 2217 Pater
531 2154 567 2217 et
588 2148 716 2233 Filius,
735 2147 796 2240 qui
812 2146 981 2216 relatione
997 2147 1042 2215 ad
1057 2145 1207 2215 invioem
1229 2168 1299 2212 nou
1322 2165 1382 2211 au·

233 2255 284 2319 ten
304 2253 447 2340 deitate,
461 2260 583 2345 utpote
599 2277 681 2341 una,
699 2255 793 2322 inter
810 2276 845 2322 se
866 2252 1159 2342 distinguuntur,
1185 2251 1276 2320 unde
1300 2250 1381 2320 dum
1474 2265 1481 2275 ·

234 2357 311 2429 Petri
332 2363 483 2449 bonitas,
500 2363 593 2431 Filio
616 2363 726 2432 iudioi
740 2361 882 2431 iustitia
904 2360 1164 2452 appropriatur,
1178 2360 1239 2452 qui
1252 2359 1383 2428 dieitur

234 2466 321 2539 bonus
335 2479 371 2541 et
385 2471 516 2555 iustus,
531 2477 585 2541 est
600 2471 691 2541 idem
707 2494 798 2540 unus
813 2472 919 2540 Deus.
936 2468 1024 2537 Vide
1041 2468 1146 2537 etiam
1163 2466 1382 2556 doxologiam

191 2666 197 2679 Ι
234 2578 579 2648 musneoolesiastioo
591 2576 807 2669 desumptam
819 2579 863 2647 ad
876 2577 978 2646 finem
990 2575 1155 2645 libriIII.
1182 2575 1379 2664 Paedagog.

234 2679 409 2772 Clementis,
437 2686 497 2755 ubi
520 2693 575 2756 est
596 2688 763 2778 precatio:
794 2684 964 2776 «plaeere
986 2683 1107 2752 filiolis
1129 2683 1225 2768 tuis,
1249 2681 1322 2751 Fili
1345 2689 1382 2749 et

234 2786 337 2879 Peter,
362 2795 463 2862 ambo
485 2817 616 2879 unum,
641 2793 798 2861 Domine!
816 2820 832 2855 r
859 2797 895 2862 et
909 2795 1133 2881 exspeotatur
1149 2787 1228 2857 lans
1243 2809 1284 2857 ao
1302 2809 1380 2876 gra-

233 2897 338 2970 tiarum
362 2903 457 2971 aetio
479 2903 517 2971 in
541 2903 635 2973 ooelo
659 2901 845 2972 deferenda
871 2898 971 2968 usoli
994 2899 1093 2967 Patri
1117 2904 1152 2967 et
1163 2896 1268 2982 Filio,
1287 2894 1382 2965 Filio

235 3008 362 3079 etPatri
378 3034 457 3080 oum
474 3016 595 3081 saneto
619 3009 769 3100 Spiritu,
796 3031 857 3100 per
879 3007 996 3076 omnia
1018 3005 1080 3074 uni
1105 2999 1217 3098 (παντα
1234 2998 1301 3096 ἔνι),
1320 3027 1381 3095 per

235 3116 325 3186 onnia
347 3119 454 3203 bono,
480 3117 639 3209 pulchro,
666 3106 837 3208 sa'pienti,¹
855 3117 971 3203 iusto,
999 3117 1056 3188 oui
1085 3116 1200 3206 glorie
1230 3121 1266 3184 et
1289 3135 1381 3182 nuno

236 3225 719 3321 &insaeculaAmemr'
1174 3212 1179 3221 ¹

284 3334 352 3404 llee
375 3334 537 3405 doctrina
560 3335 741 3426 supposita
764 3334 989 3405 manifestum
1012 3339 1088 3417 est,
1115 3333 1152 3402 in
1176 3332 1239 3400 illo
1262 3328 1378 3400 dioto:

240 3456 376 3513 tratura
399 3442 493 3510 Filii
502 3444 802 3533 propinquissimus
820 3445 1046 3532 omoiprotenti
1059 3469 1090 3528 n,
1110 3424 1178 3510 non
1194 3461 1293 3530 posse
1308 3458 1382 3507 esse

238 3549 500 3640 temperationem
523 3550 616 3618 inter
638 3554 800 3618 naturam
823 3548 981 3618 absolute
998 3553 1187 3640 spectatam
1211 3543 1382 3613 Patrisao
1464 3554 1471 3565 ·

186 3744 188 3753 Ι
238 3647 322 3742 Filii,
347 3656 407 3727 sed
431 3655 627 3726 necessario
649 3654 806 3746 intelligi
830 3655 1033 3725 relationem
1056 3674 1222 3746 personae
1238 3650 1282 3720 ad
1306 3672 1381 3741 per·

239 3779 342 3836 anam.
360 3767 479 3850 Quare
504 3771 667 3833 enatura
689 3763 807 3831 Filii»
833 3763 1052 3853 intelligitur
1075 3768 1203 3831 natura
1227 3757 1381 3829 formali·

239 3872 278 3939 ter
294 3880 330 3943 ut
350 3873 569 3944 identifioata
592 3894 670 3942 oum
692 3869 808 3955 Filio,
843 3870 895 3941 ita
927 3878 1043 3940 autem
1078 3874 1240 3939 «natura
1261 3865 1379 3934 Filii„

240 3971 305 4048 iden
325 3979 504 4072 signifieat
526 4000 568 4048 ae
591 3979 707 4047 Filius
731 3978 788 4048 vel
798 4002 948 4068 persona
970 3979 1063 4046 Filii
1087 3976 1175 4063 (vid.
1194 3976 1313 4044 Traot.
1340 3974 1381 4043 de

240 4077 455 4159 tramaeof.
469 4088 592 4156 Petav.
617 4086 717 4154 'l'rim
733 4085 758 4154 l.
774 4085 838 4154 IV.
855 4109 884 4154 e.
897 4087 930 4153 2.
946 4111 980 4154 n.
1000 4084 1032 4154 3.
1048 4086 1097 4172 4).
1131 4085 1206 4152 Heo
1231 4103 1313 4151 vero
1337 4081 1381 4149 si·

240 4192 435 4277 gnifloetione
458 4195 683 4288 hypostatica
702 4200 861 4265 stratura
875 4194 962 4263 Filii
978 4192 1273 4286 propinquissimus
1290 4194 1381 4276 (oon-

241 4294 430 4375 inrussima
453 4288 697 4396 προσεχεστατη)
723 4302 951 4393 omnipotenti
983 4301 1168 4388 (Patrne
1194 4302 1288 4368 reete
1311 4295 1380 4365 diei

242 4413 329 4492 uss
349 4413 485 4507 duplioi
506 4414 654 4484 ratione.
