3172 4950
675 329 715 345 ..
735 296 797 359 527
819 330 857 345 -

191 404 273 472 lium
296 402 512 495 Ephesinum
536 403 744 494 approbasse
766 403 804 471 in
819 426 923 473 sensu
939 404 1110 474 Photiano
1133 406 1351 495 negationem

191 512 430 597 theodoreti,
451 517 623 604 quatenns
657 510 815 601 Spiritus
846 512 995 581 Sanctus
1030 513 1169 582 dicatur
1202 513 1352 584 existen·

190 624 274 692 tiam
307 619 479 710 accepisse
502 641 544 686 ex
567 618 660 688 Filio
683 619 739 689 vel
763 643 823 710 per
844 619 996 706 Filium,
1023 627 1160 691 constat
1181 643 1223 690 ex
1247 622 1352 692 dictis

190 755 220 820 p.
247 729 328 798 518.
356 751 450 820 seqq.
486 727 580 816 Lege
614 727 818 816 opusculum
840 727 967 797 Leonis
989 728 1144 798 Allatii:
1168 729 1353 800 Vindiciaa

190 837 324 927 Synodi
345 835 475 926 Ephes.
489 840 525 902 et
547 833 584 903 S.
599 832 741 923 Cyrilli.

254 946 354 1015 Inter
377 943 563 1033 scriptores
594 941 782 1012 catholicos
806 942 960 1013 vidimus
995 944 1082 1014 duos
1111 945 1350 1015 tantummodo

190 1077 275 1139 esse,
303 1075 411 1122 unum
427 1050 510 1121 VII.
537 1049 688 1119 alterum
711 1050 812 1119 VIII.
832 1050 973 1138 saeculi,
999 1051 1061 1144 qni
1082 1075 1150 1121 non
1174 1060 1216 1122 ut
1237 1075 1278 1120 ex
1302 1052 1353 1121 eis

189 1158 325 1252 aliquid
338 1164 458 1228 contra
468 1179 678 1227 communem
687 1147 879 1227 ceterorum
891 1181 1093 1229 consensum
1105 1161 1282 1250 probetur,
1293 1159 1353 1229 sed

189 1274 230 1337 ut
253 1267 476 1359 explicentur
497 1271 533 1334 et
556 1289 632 1336 cunr
654 1264 802 1357 reliquis
825 1267 862 1334 in
893 1268 1109 1337 concordiam
1131 1268 1351 1357 redigantur,

189 1375 226 1444 in
250 1373 402 1443 medium
429 1370 556 1442 adduci
582 1376 738 1463 possunt.
754 1371 791 1441 S.
806 1372 979 1442 Maximus
994 1374 1139 1458 fatetur,
1157 1395 1199 1441 ex
1212 1373 1275 1442 SS.
1289 1374 1354 1441 Pa·

189 1487 286 1551 trnm
314 1478 473 1548 doctrina
496 1477 729 1558 demonstrari
756 1478 1006 1570 processionem
1033 1502 1075 1547 ex
1106 1480 1211 1548 Patre
1237 1485 1273 1548 et
1293 1478 1354 1547 Fi·

189 1589 251 1673 lio,
270 1586 426 1656 declarat
449 1607 543 1672 vero,
559 1607 629 1654 non
656 1585 733 1655 ideo
757 1586 881 1676 negari
904 1587 1043 1655 Patrem
1064 1588 1174 1655 solum
1190 1609 1264 1654 esse
1279 1587 1354 1655 fon-

189 1702 261 1765 tem
284 1692 541 1785 primordialem
559 1692 774 1778 Trinitatis,
801 1700 906 1785 atque
928 1693 1047 1763 habito
1077 1700 1236 1784 respectu
1264 1693 1354 1763 ordi·

189 1803 245 1871 nis
268 1821 491 1892 personarum
519 1797 715 1885 formulam,
745 1822 815 1891 qua
838 1800 969 1870 dicitur
986 1801 1169 1891 procedere
1194 1800 1353 1892 Spiritus

190 1911 343 1980 Sanctus
366 1930 408 1976 ex
435 1908 539 1976 Patre
562 1910 598 1975 et
623 1907 729 1993 Filio,
748 1908 891 1978 eundem
919 1908 1045 1977 habere
1079 1931 1216 1977 sensum
1238 1931 1280 1979 sc
1306 1883 1356 1977 al

189 2024 314 2101 teram,
345 2036 414 2106 qua
433 2012 567 2082 dicitur
586 2014 769 2104 procedere
797 2037 839 2081 ex
858 2015 963 2082 Patre
990 2035 1052 2105 per
1076 2014 1209 2083 Filium
1235 2020 1356 2105 (supra

190 2148 227 2213 p.
241 2121 321 2189 494.
335 2120 445 2206 495.).
470 2121 604 2189 Unicus
623 2120 716 2191 inter
737 2143 851 2190 omnes
876 2126 930 2189 est
951 2122 1098 2191 Ioannes
1121 2121 1357 2192 Damascenus

190 2227 329 2298 saeculo
338 2226 455 2312 VIII.,
466 2227 528 2318 qui
538 2226 631 2296 hunc
649 2228 784 2308 modum
796 2227 959 2320 loquendi
974 2235 1159 2318 negantem
1178 2228 1353 2314 adhibuit,
1450 2263 1474 2303 κ,

192 2336 366 2428 Spiritum
389 2334 555 2403 Sanctum
572 2357 640 2402 non
663 2336 846 2425 procedere
869 2360 910 2402 cm
933 2336 1052 2418 Filio,
1077 2336 1137 2404 sed
1160 2337 1213 2405 ita
1224 2342 1355 2406 utcon-

191 2449 329 2515 stanter
349 2441 507 2511 docuerit
532 2443 715 2533 procedere
741 2445 915 2512 ex-Patre
933 2467 998 2533 per
1026 2443 1169 2513 Filium.
1195 2443 1248 2512 At
1269 2441 1356 2533 quid

192 2571 322 2643 quaeso
349 2548 573 2617 lucrarentur
595 2548 799 2634 adversari,
827 2549 858 2617 si
881 2549 1095 2634 fateremur,
1121 2548 1158 2617 S.
1172 2548 1354 2616 Damasce-

193 2681 278 2725 nnm
305 2655 405 2723 nulla
438 2653 552 2723 adhuc
586 2655 729 2724 solemni
756 2655 955 2725 definitione
984 2655 1208 2745 praecedente
1234 2654 1357 2724 antei

192 2771 368 2857 comperta
379 2787 442 2834 nec
456 2770 634 2854 perspecto
649 2785 816 2833 consensu
835 2763 986 2831 omnium
1001 2764 1191 2833 Doctorum
1202 2764 1356 2834 occiden-

192 2874 320 2942 talium
342 2873 520 2941 nec·satis
543 2873 636 2940 inter
658 2893 694 2938 se
715 2870 923 2960 comparatis
959 2872 1142 2941 sententiis
1169 2872 1357 2941 Doctorum

193 2977 417 3071 orientalium
439 2978 477 3046 in
493 2979 558 3047 hac
581 2975 782 3069 quaestione
808 2998 965 3060 errasse,
992 2977 1075 3068 quia
1099 2978 1211 3068 magis
1237 2976 1356 3046 adten-

193 3087 247 3157 dit
269 3085 315 3154 ad
344 3087 451 3155 verba
481 3084 711 3154 materialiter
738 3090 917 3174 spectata,
946 3086 1120 3176 quemad
1147 3108 1220 3154 rem
1245 3085 1358 3175 ipsam

196 3214 286 3283 qnae
298 3191 505 3279 enuntiatur
520 3192 563 3258 ab
575 3190 620 3258 iis
635 3189 813 3274 Patribus,
828 3190 889 3282 qui
905 3191 1125 3282 frequentius
1141 3192 1264 3262 dicunt
1279 3192 1357 3283 Spi-

191 3298 303 3367 ritum
319 3291 362 3364 ex
376 3296 482 3364 Patre
494 3318 554 3386 per
570 3295 702 3363 Filium
726 3296 935 3386 procederet
958 3297 1014 3364 Ab
1037 3320 1106 3366 uno
1121 3298 1268 3368 Doctore
1280 3320 1358 3367 con·

191 3411 250 3475 tra
266 3403 460 3473 doctrinam
475 3425 685 3472 communem
700 3408 892 3471 ceterorum
915 3403 1007 3473 velle
1030 3405 1358 3490 demonstrationem

190 3512 367 3602 dogmatis
396 3517 533 3602 petere,
554 3512 744 3580 absurdum
779 3517 855 3598 est,
885 3512 993 3580 eidem
1013 3496 1143 3580 'autem
1177 3513 1358 3601 negationi

189 3618 307 3688 adhuc
322 3624 402 3708 post
413 3618 610 3710 plenissime
633 3618 822 3710 eliquatam
846 3606 1196 3709 quaestionem'velle
1220 3619 1358 3688 insiste·

189 3751 239 3813 re,
266 3726 608 3817 impudentissimum
635 3731 689 3794 est
716 3731 751 3793 et
769 3725 924 3816 impium.
958 3725 1117 3795 Ceterum
1146 3727 1260 3819 quoad
1286 3750 1359 3795 rem

190 3837 303 3927 ipsam
323 3836 626 3906 S.'Damascenum
649 3833 790 3901 eandem
806 3856 884 3903 oum
900 3833 1025 3902 ceteris
1036 3833 1104 3903 PP.
1118 3834 1258 3903 tradere
1281 3836 1358 3905 doc·

189 4034 245 4100 est,
267 4031 381 4084 nnllam
403 4030 493 4083 inisse
513 4027 665 4083 dissidium
686 4030 761 4082 circa
779 4029 872 4097 ipsum
885 4029 984 4095 dogma
1002 4030 1081 4084 inter
1094 4033 1249 4087 Ecclesiam
1268 4034 1359 4087 orlan-

189 4124 277 4197 talem
297 4124 327 4173 at
346 4119 557 4173 occidentalem.
580 4121 614 4171 In
634 4118 778 4172 occidente
803 4121 856 4173 hac
878 4121 1023 4173 occasione
1045 4125 1108 4175 orta
1128 4124 1174 4176 ost
1192 4123 1360 4190 disquisitio

189 4213 265 4264 circa
286 4210 474 4262 insertionem
495 4209 653 4275 particulae
673 4209 807 4275 Filioque
826 4209 857 4261 in
880 4211 943 4276 ipso
962 4211 1090 4277 symbolo
1112 4213 1190 4266 inter
1209 4213 1360 4276 liturgiam

188 4297 341 4363 cantando,
364 4298 398 4352 da
419 4312 476 4365 qus
493 4312 523 4351 re
544 4300 629 4365 paulo
650 4303 716 4365 post
735 4300 834 4366 aliqua
852 4299 988 4354 dicemus.
1009 4302 1050 4354 Da
1070 4301 1164 4354 turbis
1180 4300 1244 4354 illis
1259 4299 1360 4354 Hiero·

188 4387 378 4458 solymitanis
396 4388 458 4453 lege
479 4388 606 4457 Loqnian
625 4388 753 4442 Damaso.
763 4389 788 4442 1.
802 4403 831 4441 n.
844 4387 935 4443 13-18.
