3172 4950
688 343 726 358 -
750 307 808 374 108
829 343 867 359 .-

193 417 353 490 adhiberi
387 440 502 487 vocem
534 421 686 500 creavit,
711 424 753 486 ut
775 417 985 486 excludatur
1018 416 1172 509 suspicio
1195 415 1363 508 passionis

191 533 227 598 et
248 525 523 617 imperfectionis
545 525 582 594 iu
605 526 710 595 Patre
734 526 786 613 (S.
800 525 916 594 Hilar.
931 526 974 595 de
986 525 1119 616 Synod.
1135 525 1315 603 anathem.
1330 528 1360 594 b.

192 637 239 705 cf.
256 634 292 704 S.
309 633 375 703 Th.
391 639 504 704 contr.
520 639 616 723 gent.
631 633 657 702 l.
671 634 736 703 IV.
752 657 782 704 c.
798 635 846 721 8);
874 634 930 703 vel
946 633 1052 703 etiam
1069 634 1294 727 frequentius
1315 657 1363 704 re·

192 743 425 835 spondebant,
457 740 590 810 Filium
613 747 769 811 creatum
792 742 863 812 dici
886 742 1022 811 ratione
1055 742 1293 812 humanitatis
1314 765 1363 810 aa

191 857 360 941 sumptae.
386 849 476 920 Vide
498 850 622 918 Patres
652 849 746 940 apud
780 849 965 919 Patavium
988 849 1014 918 l.
1029 849 1079 919 11.
1098 875 1129 919 c.
1146 851 1179 935 1,
1205 852 1364 943 quamvis

191 961 248 1030 vir
262 956 485 1028 doctissimus
496 957 603 1025 aliam
619 956 742 1026 deiude
754 963 925 1048 proponat
935 958 1047 1026 totius
1058 958 1165 1027 huius
1176 959 1248 1027 loci
1260 958 1364 1027 inter·

190 1067 419 1160 pretationem
442 1087 566 1157 parum
590 1066 797 1135 commodam
813 1072 849 1135 et
864 1089 906 1134 ex
922 1065 1028 1135 dictis
1050 1090 1119 1136 non
1135 1066 1362 1158 probabilem.

257 1177 289 1244 2·
313 1174 459 1258 Quando
482 1174 552 1242 iam
576 1179 713 1242 constat
734 1174 839 1243 Prov.
858 1174 960 1243 VIII.
975 1175 1019 1243 22
1035 1198 1106 1268 seq.
1121 1174 1277 1245 describi
1300 1173 1361 1264 hy-

189 1282 356 1376 postasim
379 1281 584 1350 distinctam
608 1279 808 1371 Sapientiae
840 1281 980 1370 genitae
1004 1304 1066 1351 seu
1088 1281 1222 1366 Verbi,
1247 1281 1364 1351 eadem

190 1390 349 1461 doctrina
372 1389 478 1457 etiam
501 1388 538 1454 in
561 1387 648 1457 locis
670 1388 867 1478 parallellis
891 1389 1225 1482 sap.V11.21seq.
1245 1388 1361 1458 etEc-

190 1498 286 1569 clesi.
301 1496 434 1566 XXIV.
453 1497 474 1564 ὅ
492 1519 562 1588 seq.
588 1497 807 1584 agnoscenda
840 1504 906 1566 est.
930 1497 1145 1569 observetur
1164 1505 1285 1568 autem
1309 1497 1364 1568 hio

191 1606 305 1676 adhrm
335 1604 448 1695 magis
478 1627 581 1697 quam
612 1605 649 1671 in
671 1605 776 1673 Prov.
806 1604 1016 1693 discrimen,
1048 1630 1126 1677 cum
1153 1606 1364 1677 describitur

191 1714 395 1807 hypostasis
419 1712 618 1803 Sapientiae
649 1712 686 1780 in
710 1712 858 1802 seipsa,
884 1719 1021 1784 etcum
1050 1715 1296 1785 consideratur
1317 1714 1365 1782 in·

191 1823 356 1893 habitans
378 1821 417 1890 in
439 1819 567 1911 populo
588 1821 677 1905 Dei,
703 1821 739 1888 in
765 1821 970 1908 Salomone,
996 1823 1034 1892 in
1059 1823 1200 1894 Sanctis
1226 1829 1266 1894 et
1291 1846 1365 1914 pro-

191 1931 308 2024 phetis
330 1951 392 2020 per
424 1927 560 2016 legem,
585 1932 622 1995 et
643 1949 704 2017 per
739 1928 945 2018 sapientiam
969 1951 1010 1999 ac
1033 1931 1247 2000 charismata
1278 1952 1364 2025 quac

191 2037 383 2130 sapientiae
405 2033 649 2125 hypostaticae
665 2041 748 2103 sunt
762 2037 919 2122 effectus,
939 2061 983 2106 ne
1000 2038 1251 2130 descriptiones
1266 2040 1364 2109 effec-

191 2152 292 2217 tuum
315 2143 502 2213 videantur
526 2140 762 2210 contradicere
785 2143 842 2227 iis,
869 2167 956 2236 quae
980 2147 1159 2236 pertinent
1178 2147 1224 2217 ad
1248 2147 1366 2237 hypo-

193 2254 316 2324 stasim
349 2248 549 2340 Sapientiae
572 2248 713 2318 diviuae
735 2249 772 2317 in
797 2272 833 2318 se
856 2250 946 2341 ipsa.
971 2253 1049 2322 Non
1080 2275 1203 2346 parum
1226 2253 1366 2323 iuvabit

192 2358 464 2450 intelligentiam
486 2354 611 2424 horum
633 2356 787 2426 locorum
810 2379 894 2448 prae
909 2361 1020 2430 oeulis
1036 2363 1200 2432 habuisse
1213 2364 1363 2449 modum,

193 2495 260 2565 quo
283 2471 419 2551 Patres,
446 2470 487 2533 ut
509 2463 669 2534 Iustinus
693 2465 824 2558 aliique
850 2469 911 2554 (cf.
927 2468 1046 2539 Tract.
1061 2470 1102 2539 de
1119 2470 1366 2559 De0)aVerbo

191 2577 438 2670 hypostatice,
465 2569 525 2668 qui
548 2578 602 2640 est
624 2571 738 2661 ὀλογος
761 2573 988 2665 simpliciter,
1022 2563 1302 2669 progrediuntur
1323 2579 1366 2649 ad

193 2683 281 2775 λογον
298 2707 499 2778 σπερματικον
516 2683 660 2754 verbum
676 2680 854 2768 seminale,
870 2683 960 2774 quod
972 2690 1026 2754 est
1037 2685 1145 2754 Verbi
1160 2686 1276 2777 ipsius
1287 2707 1365 2778 par·

193 2794 355 2884 ticipatio
370 2794 538 2885 quaedam
553 2799 628 2860 tum
644 2788 819 2857 naturalis
834 2794 910 2858 tum
925 2793 1206 2881 supernaturalis
1222 2793 1261 2863 in
1275 2817 1365 2864 men·

192 2903 289 2972 tibus
305 2901 445 2985 creatis,
464 2900 521 2970 vel
537 2899 643 2968 etiam
659 2896 735 2966 eius
750 2897 897 2967 effeetus
912 2897 949 2966 in
965 2900 1115 2990 sapienti
1138 2901 1367 2993 dispositione
1396 2912 1399 2919 ’

193 3018 230 3081 et
251 3009 513 3101 magnificentia
536 3008 646 3077 totius
669 3005 828 3075 universi
852 3008 974 3077 creati.

260 3118 360 3202 Quod
383 3117 537 3209 pertinet
559 3116 603 3185 ad
628 3112 845 3204 Sapientiam
868 3114 1130 3207 hypostaticam
1155 3119 1192 3188 in
1217 3142 1253 3189 se
1274 3120 1363 3213 ipsa,

193 3251 234 3299 ea
257 3227 467 3298 describitur
490 3224 582 3294 sicut
605 3223 642 3292 in
665 3222 770 3291 Prov.
788 3221 842 3290 ita
864 3223 970 3292 etiam
992 3225 1030 3294 in
1055 3227 1137 3318 Sap.
1156 3234 1192 3296 et
1213 3228 1363 3299 Ecclesi.

193 3337 366 3427 imprimis
388 3340 428 3404 ut
451 3339 604 3416 aeterna,
631 3330 857 3420 omnipotens,
884 3333 1062 3418 omniscia,
1082 3358 1200 3405 rerum
1213 3338 1366 3407 omnium

193 3444 345 3516 creatrix
369 3466 410 3512 ac
432 3440 658 3511 moderatrix.
688 3437 807 3506 «Cum
831 3439 880 3507 sit
896 3463 977 3526 una,
998 3444 1112 3512 omnia
1135 3452 1262 3536 potest,
1281 3447 1366 3516 etin

193 3577 230 3624 se
252 3573 456 3645 permanens
479 3549 594 3617 omnia
617 3548 764 3616 innovat
781 3571 812 3633 a,
842 3549 1029 3641 «attingit
1051 3574 1073 3619 a
1096 3554 1164 3623 fine
1187 3577 1299 3647 usque
1322 3553 1366 3624 ad

56 3662 61 3668 ’
193 3661 295 3730 finem
319 3660 460 3729 fortiter
484 3662 519 3727 et
540 3654 696 3745 disponit
718 3655 832 3722 omnia
855 3657 1014 3728 suaviter
1029 3684 1060 3749 n;
1090 3692 1106 3725 ι
1128 3662 1252 3731 horum
1279 3684 1366 3754 quae

195 3775 291 3852 sunt,
310 3773 364 3836 est
381 3765 512 3835 artifex
539 3768 608 3860 (των
626 3770 713 3834 ὀντων
730 3767 885 3857 raptam
906 3767 1006 3836 uscit
1028 3767 1094 3836 illa
1117 3769 1233 3836 omnia
1255 3776 1293 3838 et
1314 3769 1365 3838 in-

193 3875 330 3966 telligit
345 3900 382 3963 »3
408 3878 526 3947 eadem
549 3878 744 3949 custodivit
766 3883 802 3947 et
824 3876 1038 3967 gubernavit
1069 3899 1184 3945 omnes
1214 3878 1366 3967 patriar·

194 3985 289 4070 chas,
315 3986 440 4069 Adam,
465 3986 550 4072 Noe,
566 3987 758 4072 Abraham,
776 3986 881 4070 Loth,
906 3986 1021 4069 Iacob,
1050 3984 1191 4075 Ioseph,
1205 3985 1363 4077 Moysen;

193 4092 499 4184 eadempopulum
521 4093 633 4162 Israel
657 4093 779 4164 eduxit
800 4117 843 4162 ex
866 4094 1044 4184 Aegypto,
1066 4098 1133 4161 cet
1150 4093 1222 4161 fuit
1237 4093 1313 4162 illis
1328 4094 1365 4161 in

193 4198 387 4268 velamento
410 4200 480 4269 diei
503 4206 539 4269 et
561 4200 598 4269 in
621 4201 698 4271 luce
722 4200 906 4271 stellarum
929 4223 990 4291 per
1013 4193 1159 4286 noctem',
1178 4201 1367 4271 transtulit

193 4305 275 4375 illos
297 4330 359 4399 per
382 4330 476 4377 mare
499 4310 656 4395 rubrum,
682 4309 841 4378 inimicos
856 4313 972 4377 autrm
989 4306 1131 4378 illorum
1147 4309 1314 4379 demersit
1328 4310 1364 4379 in

193 4414 312 4483 marin
339 4413 420 4506 Sap.
435 4415 519 4485 VH.
534 4415 659 4505 al,27;
679 4417 782 4488 VIII.
799 4417 831 4487 l.
847 4419 879 4506 65
894 4417 960 4486 IX.
975 4414 1046 4506 11.;
1064 4417 1110 4488 X.
1130 4416 1222 4489 1·19.
1242 4418 1287 4488 In
1301 4418 1364 4489 hoc
