3172 4950
651 304 831 364 -441-

188 404 406 475 animadvertit
429 404 466 475 S.
486 404 646 495 cyrillus
661 407 764 475 Alex.
786 406 970 495 (Thesaur.
984 409 1025 478 Τ.
1040 408 1086 479 V.
1101 410 1140 479 P.
1152 410 1182 479 Ι.
1197 434 1230 502 p.
1246 412 1324 481 350.

188 514 220 585 cl.
230 514 257 583 iu
268 513 317 583 Io.
330 514 356 582 l.
372 514 437 583 XI.
453 514 495 582 T.
511 514 574 583 IV.
589 540 624 605 p.
639 514 731 601 930).
750 516 821 583 «Ne
833 516 913 607 quis
929 518 1180 607 suspicaretur,
1198 519 1326 589 doctri·

188 644 241 691 uun
254 622 406 714 Spiritus
424 622 547 692 Sancti
561 623 749 716 aliquando
767 647 835 692 non
852 625 925 694 fore
942 626 1128 694 secundum
1145 627 1220 715 eius
1237 651 1327 697 meu·

188 738 251 815 teu,
274 732 427 799 ostendit
448 731 646 816 manifesto,
665 731 850 820 quodcum
874 731 987 821 ipsius
1012 733 1127 819 (Filii)
1151 734 1200 803 sit
1216 734 1326 825 Spiri-

188 844 242 922 tus,
263 839 368 911 etiam
392 840 498 906 verba
520 860 571 907 ex.
586 836 661 928 ipso
685 836 806 923 (Filio)
830 836 1136 907 administrabit...
1156 842 1244 909 acsi
1261 842 1326 912 mel

188 944 213 1013 lo
227 945 393 1039 qualitate
416 945 574 1015 naturali
597 966 686 1037 quae
709 945 777 1012 sibi
806 944 922 1029 inest,
949 945 1064 1015 dicat:
1098 947 1187 1015 nihil
1218 973 1261 1018 ex
1292 974 1327 1019 se

188 1051 238 1141 ipae
256 1053 475 1150 gustantium
498 1053 615 1121 sensui
638 1051 815 1135 immittet,
844 1052 904 1120 sed
928 1074 969 1120 ex
986 1076 1058 1121 meo
1074 1053 1234 1145 accipiet.
1251 1085 1268 1119 n
1376 1084 1379 1089 ·

229 1160 274 1227 At
295 1160 414 1229 verbis
437 1160 541 1229 etiam
565 1160 707 1229 disertis
729 1159 845 1226 Filius
861 1159 1012 1250 seipsum
1030 1161 1187 1231 declarat
1201 1187 1327 1250 esse,e
1381 1244 1388 1251 Ι

188 1288 231 1357 quo
249 1268 349 1337 audit
372 1268 528 1358 Spiritus
552 1268 726 1351 Sanctus,
751 1274 788 1335 et
810 1266 911 1335 audit
933 1269 1145 1357 procedendo
1169 1273 1213 1340 ab
1237 1273 1324 1364 ipso.

188 1374 268 1445 ullle
298 1399 350 1444 me
385 1376 618 1461 clarificabit,
644 1376 727 1467 quia
762 1374 803 1442 de
835 1395 908 1441 meo
939 1375 1122 1465 accipietn
1152 1384 1219 1448 etc.
1260 1381 1325 1449 Hic

188 1476 327 1571 inprimis
350 1483 563 1573 explodenda
585 1490 640 1553 est
661 1479 891 1549 recentiorum
909 1480 1159 1552 Graeculorum
1175 1487 1327 1556 absurda

188 1582 330 1673 detorsio,
357 1591 419 1681 qui
442 1584 475 1653 ἐκ
500 1613 551 1654 τευ
577 1586 646 1676 ipro
669 1588 959 1678 interpretantur:
986 1611 1007 1656 a
1029 1590 1134 1660 Patre
1158 1616 1242 1662 meo.
1261 1595 1327 1664 'Pa-

188 1688 348 1764 lirsensus
371 1698 441 1763 iam
463 1720 524 1787 per
549 1720 585 1766 se
609 1719 676 1764 non
700 1700 817 1789 posset
842 1695 981 1763 subesse
1004 1697 1223 1786 particulae,
1250 1723 1327 1771 cum

188 1820 279 1872 romeu
301 1802 421 1873 Patris
444 1828 511 1873 non
535 1802 786 1895 praecesserit,
812 1807 848 1869 et
864 1802 1044 1876 evidenter
1059 1806 1260 1877 excluditur
1276 1832 1326 1879 se·

188 1911 355 1996 tuentibus.
381 1912 471 1981 Nam
494 1938 600 1979 merem
624 1936 656 1977 rc
683 1906 749 1999 ipo
775 1906 831 1980 vel
856 1931 888 1974 rr
914 1912 984 1997 ἐμου
1007 1915 1180 2004 repetitur
1204 1917 1241 1984 in
1264 1940 1325 1985 uu·
1411 1974 1419 1987 .

188 2034 260 2087 nero
273 2017 405 2111 plurali
431 2045 531 2088 amca
553 2038 633 2089 cunt
656 2019 712 2109 ἑμα
727 2018 817 2095 ἐστι,
844 2025 1029 2108 propterea
1052 2021 1153 2107 dixi,
1182 2025 1263 2116 qnia
1285 2025 1327 2094 de

188 2142 241 2193 nco
257 2128 426 2220 accipiet»
454 2125 487 2193 ἐκ
500 2153 551 2195 rco
569 2125 639 2215 ἐμιυ
668 2128 840 2215 lappa-req
865 2128 924 2196 ubi
948 2126 1128 2197 evidenter
1151 2129 1242 2199 illud
1255 2156 1326 2198 mcc

188 2234 310 2305 osam
324 2260 394 2305 non
409 2237 454 2306 ad
469 2239 608 2307 Patrem
625 2240 793 2322 refertur,
808 2240 868 2308 sed
884 2238 1048 2327 designat
1062 2235 1111 2321 id,
1131 2239 1219 2329 quod
1237 2241 1329 2308 inest

188 2330 255 2410 lilio
262 2345 548 2414 communicatum
563 2368 585 2413 a
595 2345 701 2415 Patre
715 2348 778 2433 (1).
796 2348 943 2436 Insuper
958 2364 1074 2412 omnes
1083 2343 1206 2413 Patres
1223 2346 1329 2415 etiam

188 2452 277 2529 rucei
299 2453 551 2524 intellexeruut
575 2453 772 2544 significari
795 2454 831 2522 iu
857 2475 983 2543 genere
1006 2457 1132 2539 neutro
1155 2453 1210 2538 id,
1237 2456 1327 2546 quod
1412 2464 1440 2479 ·“

188 2544 254 2627 least
272 2560 377 2646 Filio,
403 2584 471 2629 nou
495 2568 612 2630 autem
637 2563 674 2629 in
697 2584 823 2651 genere
847 2559 1038 2629 masculino
1054 2561 1098 2628 ad
1113 2559 1252 2631 Patrem
1275 2584 1328 2632 re·

188 2652 250 2733 ferri
270 2691 380 2758 posse.
403 2668 592 2759 «Spiritus
615 2692 656 2735 ec
671 2670 768 2736 Filio
784 2668 914 2758 accipit
932 2662 978 2753 (ir.
996 2688 1046 2731 τευ
1067 2666 1131 2731 vicu
1148 2665 1326 2755 γαμβανει),

188 2782 303 2867 tumque
327 2777 370 2845 de
393 2800 488 2862 meo,
514 2775 653 2869 inquit,
679 2776 828 2868 accipiet
853 2803 869 2840 c
893 2775 1067 2843 Athanas.
1086 2776 1323 2867 adSerapiou.

188 2882 405 2971 u.1.n.20.;
435 2909 491 2951 uo
514 2908 564 2951 mc
586 2886 740 2975 Spiritus
758 2882 915 2974 procedit
942 2880 1028 2977 (παρ’
1052 2879 1122 2968 ὁμου
1157 2882 1327 2976 ἐρμᾶται);

188 2996 240 3058 lam
259 3000 373 3062 autem
398 2994 474 3062 dico
498 3018 520 3059 a
543 3017 593 3060 mc
606 3042 615 3075 ,
640 2992 746 3063 etiam
769 3014 791 3059 a
814 2994 917 3061 Patre
942 2992 1114 3081 significo,
1139 3015 1214 3062 mea
1237 2993 1328 3062 cuim

190 3106 244 3169 uut
262 3122 302 3169 ee
326 3122 414 3193 quae
436 3099 573 3186 Patris,
599 3100 644 3168 ad
668 3099 760 3168 hunc
783 3122 866 3189 ergo
890 3098 1026 3167 modum
1047 3099 1206 3190 intellige
1222 3099 1325 3168 illud:

188 3194 209 3273 le
226 3231 295 3277 meo
310 3208 460 3298 accipiet
473 3236 489 3271 n
523 3208 766 3298 Apollinarius
783 3208 834 3296 (in
850 3208 980 3276 Cateua
996 3206 1154 3276 Corderii
1167 3232 1201 3297 p.
1216 3207 1325 3293 396.);

198 3314 235 3385 de
255 3340 328 3385 meo
351 3316 512 3406 accipiet,
538 3317 575 3385 id
598 3322 652 3385 est
674 3339 761 3409 quae
784 3339 848 3405 ego
871 3315 960 3399 dixi,
979 3323 1014 3383 et
1029 3314 1091 3383 ille
1107 3316 1329 3385 dicet...caco

188 3439 317 3515 >querar
335 3452 349 3487 s
376 3424 562 3514 Chrysost.
577 3423 614 3490 in
630 3424 680 3492 Io.
696 3423 788 3491 hom.
801 3424 856 3491 78.
870 3423 917 3491 al.
934 3423 990 3490 77.
1005 3446 1039 3491 n.
1055 3423 1104 3509 2.;
1133 3454 1149 3487 a
1167 3424 1328 3515 quoniam

188 3530 344 3623 lpiritus)
360 3530 669 3601 consubstantialis
681 3537 736 3600 est
750 3530 855 3615 Filio,
871 3539 907 3601 et
922 3529 1101 3598 modoDco
1117 3536 1329 3620 congruente

188 3645 353 3733 eriperem
378 3641 535 3730 procedit
563 3637 626 3727 (και
652 3664 766 3732 operior
791 3640 967 3731 &roupertum
992 3632 1028 3699 δι’
1052 3632 1171 3725 ciarev),
1196 3659 1328 3704 omnem

191 3774 233 3819 us
255 3749 546 3839 perfectissimum
569 3748 606 3816 in
631 3747 788 3816 omnibus
812 3746 976 3836 operandi
1000 3744 1072 3815 vim
1091 3751 1195 3834 atque
1218 3744 1327 3813 effiac·

188 3880 246 3925 am
270 3856 424 3940 habens,
450 3855 581 3925 idcirco
604 3855 671 3924 ait:
698 3855 781 3947 quia
805 3855 846 3923 de
862 3876 934 3922 meo
950 3841 1141 3943 accipiet...
1159 3858 1261 3920 extra
1276 3873 1328 3919 re·

188 3964 419 4033 rehensionem
449 3985 531 4052 ergo
555 3968 592 4031 et
614 3961 822 4030 calumniam
859 3960 995 4029 omnino
1018 3966 1099 4044 est,
1126 3958 1156 4027 si
1185 3961 1228 4026 ab
1250 3962 1328 4025 ani-

188 4075 274 4140 mito
299 4071 488 4163 quidquam
513 4073 663 4161 occipere
686 4068 816 4135 dic-itm·
848 4070 1002 4159 Spiritus
1033 4070 1130 4150 eias;
1153 4089 1233 4134 nam
1256 4090 1329 4133 carm

205 4236 342 4311 (1).Vida
355 4239 386 4291 iu
396 4237 547 4305 opusculis
559 4238 655 4290 aureis
664 4236 845 4289 Bessariouis
858 4234 1088 4287 dissertationem
1101 4233 1134 4286 de
1145 4231 1328 4286 Procassioue

188 4332 284 4385 drttua
298 4329 397 4383 Sancti
415 4346 443 4396 p.
456 4329 518 4391 241,
534 4329 584 4380 ubi
597 4326 734 4393 ostendit,
748 4327 834 4380 etiam
847 4326 909 4378 sola
923 4327 1053 4392 spectata
1068 4322 1257 4377 Grammatico
1266 4336 1329 4386 prc-

188 4436 259 4474 uueu
277 4416 306 4474 ἐι
330 4438 374 4471 του
398 4413 462 4487 ipro
483 4433 539 4471 uon
559 4431 639 4484 posse
658 4415 762 4469 reterri
780 4413 817 4469 ad
835 4414 960 4469 Patren.
