3180 4944
364 416 592 490 substantiali
615 415 814 488 dilectionis
836 311 1015 489 Patriizt
1036 417 1137 489 Filii.
1156 418 1274 503 Quare
1295 418 1433 491 entitas
1451 421 1550 493 rela-

364 526 472 599 tionis
493 534 548 596 eat
569 525 647 616 ipsa
669 526 870 595 substantia
893 526 1027 610 divina,
1054 550 1122 595 non
1146 527 1285 620 quidem
1301 536 1345 598 ιιι
1360 527 1449 600 haec
1472 530 1555 601 for,

365 632 505 703 naliter
520 640 575 702 ast
589 631 683 700 absol
690 640 760 715 ute,
779 632 839 701 sed
856 632 1052 702 formaliter
1069 644 1109 702 ut
1123 656 1164 703 ex
1181 634 1376 705 intrinseca
1391 636 1451 706 aui
1467 659 1559 728 per.

367 741 515 811 factione
531 741 685 809 ordinem
702 738 791 809 dicit
805 740 850 808 ad
870 741 1057 810 terminum
1073 742 1314 831 intrinsecum,
1332 766 1396 816 sen
1412 750 1456 815 ιιι
1473 747 1557 825 fot.

365 849 507 918 malitcr
529 858 584 917 est
606 847 769 918 relativa.
1335 916 1344 928 ‚

432 957 464 1025 2·
487 957 694 1046 Respectum
717 979 779 1025 seu
801 955 956 1027 ordinem
972 956 1016 1027 ad
1033 959 1232 1045 terminum,
1251 959 1328 1031 sive
1351 964 1412 1051 (ut
1426 962 1546 1063 aiunt)

367 1088 435 1134 eoos
457 1064 504 1130 od
526 1085 707 1155 possumus
730 1064 869 1157 quidem
892 1065 1067 1135 abstracte
1098 1066 1317 1138 considerare
1340 1090 1405 1159 par
1427 1091 1482 1152 se,
1506 1088 1541 1153 ot

366 1172 570 1243 relationem
594 1172 694 1241 velut
716 1172 955 1258 assistentem,
982 1179 1021 1242 at
1036 1172 1088 1243 sic
1105 1173 1349 1245 consideratus
1364 1184 1534 1267 respectus

366 1302 428 1351 seu
452 1278 597 1350 formale
621 1302 688 1346 aare
710 1277 756 1346 ad
778 1278 870 1348 nihil
893 1280 1056 1348 entitatis
1079 1281 1306 1372 supperaddit
1325 1280 1425 1352 ultra
1439 1287 1530 1356 reali·

364 1382 474 1458 tatem
496 1384 639 1455 termini
662 1391 698 1455 at
720 1386 918 1455 realitatem
940 1386 1124 1455 relationis
1147 1395 1326 1477 spectatae
1353 1388 1529 1460 oeoundum

367 1518 435 1563 erse
457 1496 506 1563 in.
525 1493 605 1563 Non
621 1493 699 1562 dico
715 1493 919 1563 relationem
942 1495 1131 1563 secundnm
1148 1518 1215 1561 esre
1229 1494 1276 1562 od
1290 1518 1360 1565 non
1375 1518 1448 1566 esse
1461 1516 1528 1566 rea-

365 1601 515 1686 litatsm,
530 1601 620 1693 qnod
633 1600 722 1670 lluia
735 1601 894 1692 disp.IX.
906 1612 989 1671 sect.
1001 1602 1034 1671 t.
1046 1626 1081 1672 n.
1094 1602 1149 1671 14.
1159 1602 1247 1673 dicit
1259 1603 1478 1693 periculosum
1488 1604 1547 1672 ab

367 1712 562 1805 proximum
579 1710 703 1795 errori,
718 1711 778 1780 aed
790 1711 867 1780 dico
879 1734 957 1780 oum
973 1711 1012 1781 S.
1024 1711 1174 1797 Thema,
1196 1711 1299 1781 eard.
1323 1711 1561 1783 Pallavioino

366 1819 454 1890 locis
471 1840 549 1887 mox
565 1817 729 1902 citandis,
747 1824 784 1888 at
799 1841 876 1887 cum
895 1817 1000 1888 Card.
1018 1817 1238 1908 Cienfuegos,
1257 1817 1577 1888 ceremonias

365 1926 553 2021 peroddere
566 1926 764 1997 realitatem
779 1926 982 1997 distinctam
998 1926 1168 2012 realitati,
1177 1947 1280 2019 quam
1295 1925 1402 1998 habet
1415 1904 1582 1996 round

368 2035 556 2107 secundum
573 2058 640 2103 esee
658 2037 707 2103 in.
729 2033 955 2125 «Conceptus
966 2034 1149 2104 relationis
1162 2042 1202 2103 ut
1213 2032 1582 2124 superadditam!

367 2143 414 2214 lis
436 2166 510 2214 esse
534 2142 656 2235 nequit
679 2141 738 2214 sed
761 2166 848 2233 pure
871 2142 1020 2212 rationis
1043 2141 1096 2230 (in
1118 2141 1287 2228 divinia),
1313 2142 1481 2235 quamvis,
1501 2108 1582 2211 atq

363 2250 571 2343 formaliter
582 2251 629 2319 cd
644 2273 712 2320 uon
729 2250 947 2342 concipiatur
959 2259 1001 2320 ut
1015 2248 1253 2341 creperadditc,
1267 2249 1316 2319 sir
1332 2272 1396 2341 per
1410 2272 1446 2320 aa
1460 2250 1532 2319 airu·
1554 2256 1582 2285 ‘

367 2359 510 2453 pliciter
533 2358 641 2429 realis
663 2381 725 2429 seu
748 2360 838 2429 idem
863 2358 1059 2429 formaliter
1081 2359 1270 2428 entitativs
1297 2381 1376 2428 cum
1406 2357 1535 2450 praedi·
1572 2370 1582 2385 ⁴

368 2476 447 2539 octo
469 2467 628 2536 absoluto
651 2465 784 2535 divino.
809 2465 876 2536 Est
905 2466 1021 2557 igitur
1051 2465 1158 2536 realis
1192 2467 1224 2535 si
1258 2466 1481 2557 concipiatur
1501 2488 1539 2537 aa
1580 2496 1582 2503 ·

364 2574 572 2666 formaliter
591 2573 638 2641 ad
661 2572 850 2644 secundum
872 2596 909 2643 se
931 2582 969 2644 et
992 2581 1095 2665 prout
1113 2572 1273 2642 existite
1288 2581 1391 2664 parte
1407 2574 1473 2657 rei,
1490 2578 1541 2645 ast

367 2688 482 2754 tamen
502 2681 652 2751 rationis
663 2688 814 2766 tantum,
829 2680 860 2750 ei
877 2682 1096 2772 concipiatur
1113 2687 1154 2750 ut
1168 2704 1355 2748 canescens
1370 2681 1542 2751 absolutis

368 2790 425 2860 vel
441 2790 593 2860 additas
611 2790 822 2879 Cienfuegos
837 2789 999 2879 Aenigm.
1018 2788 1125 2858 theol.
1140 2788 1231 2879 disp.
1246 2789 1290 2858 V.
1311 2794 1397 2858 sect.
1413 2788 1447 2858 d.
1462 2813 1498 2858 n.
1508 2788 1540 2858 9.

367 2896 487 2967 Manet
510 2920 593 2988 ergo
616 2897 746 2966 entitas
761 2897 944 2967 relationis
961 2897 1147 2967 secundum
1164 2920 1231 2963 esse
1248 2898 1300 2976 in,
1317 2895 1474 2989 haecque
1488 2918 1542 2966 eu·

367 3006 455 3076 titas
478 3005 554 3096 ipsa
577 3028 645 3073 non
675 3011 730 3074 est
755 3007 827 3074 alia
851 3028 953 3098 quarn
983 3006 1115 3074 entitas
1147 3005 1318 3075 essentiae
1348 3006 1540 3090 absolutae,

369 3136 456 3205 quae
481 3124 622 3203 propter
645 3136 743 3183 suam
766 3114 989 3183 eminentiam
1017 3115 1121 3182 habet
1144 3114 1179 3180 in
1204 3136 1268 3181 suo
1284 3112 1582 3203 simplicissimo«

368 3220 457 3291 Esse
479 3223 649 3291 rationem
672 3229 743 3291 tarn
767 3222 920 3291 absoluti
951 3243 1054 3315 quam
1080 3219 1237 3289 relativi.
1263 3218 1361 3309 Ergo
1385 3219 1582 3289 infinitate

369 3328 551 3414 essentiae,
562 3329 736 3421 tumqnod
749 3329 833 3401 haec
846 3330 1126 3420 ipsanecessario
1138 3326 1401 3417 comprehendit
1412 3344 1582 3397 omusmc

368 3440 566 3511 realitatem
584 3439 778 3508 absolutam
800 3446 837 3508 at
858 3438 1044 3508 relativam
1057 3438 1282 3508 intrinsecam
1295 3445 1371 3506 tum
1387 3446 1582 3529 speum

368 3547 446 3640 ipsa
467 3545 583 3617 indole
606 3544 827 3631 relationum,
846 3567 908 3635 per
922 3545 1110 3615 relationes
1125 3544 1217 3614 nihil
1232 3544 1413 3615 realitatis
1428 3568 1553 3637 sape·-
1565 3564 1582 3583 ·

371 3653 528 3724 additur.

436 3762 494 3830 Ad
518 3782 685 3831 summam
707 3761 800 3831 aient
822 3761 859 3830 in
883 3761 1012 3831 creatis
1034 3759 1160 3831 relatio
1175 3758 1283 3830 realis
1305 3767 1362 3831 est
1384 3760 1582 3831 accidere-„r

369 3871 555 3941 inhaerens
578 3870 745 3953 subiecto,
771 3871 822 3939 ita
840 3869 877 3938 in
892 3870 964 3938 Deo
990 3867 1165 3961 (quoniam
1181 3869 1276 3937 Deus
1290 3874 1347 3938 est
1360 3868 1450 3938 Esse
1465 3869 1582 3937 airu

369 3976 614 4071 plicissimum)
636 3977 763 4047 relatio
793 3983 847 4047 est
878 3975 1079 4046 substantia
1107 3974 1250 4063 (Ιίνιιις
1276 3982 1318 4044 ιιι
1347 3976 1386 4045 in
1416 3967 1582 4046 oresti

368 4084 495 4156 relatio
518 4108 586 4154 non
609 4092 663 4154 eet
684 4085 845 4155 accidens
863 4085 1190 4177 quomodocumque,
1216 4084 1276 4154 aed
1299 4084 1464 4154 accidens
1478 4100 1582 4176 qr-

369 4194 563 4265 eubiectum
587 4193 692 4263 habet
715 4194 869 4263 ordinem
891 4194 935 4263 ad
959 4193 1145 4263 terminum
1162 4192 1310 4279 realem;
1334 4192 1389 4261 ita
1411 4193 1451 4262 in
1473 4192 1582 4261 Ite-,-

369 4303 497 4374 relatio
512 4307 566 4372 est
581 4302 790 4388 substantia,
817 4303 1014 4372 formaliter
1042 4307 1215 4394 quatenns
1237 4300 1323 4371 haec
1354 4301 1582 4371 inurinare:

370 4409 478 4481 hahet
503 4411 658 4481 ordinem
680 4410 726 4479 ad
740 4410 927 4481 terminum
940 4410 1081 4480 realem.
1099 4410 1151 4479 At
1166 4409 1204 4479 in
1227 4408 1357 4480 creatis
1379 4408 1445 4479 hoo
1467 4407 1582 4499 ipe
