3172 4950
552 140 590 154 -
611 108 672 168 287
693 139 731 153 -
793 137 794 141 ,

68 212 286 286 auctentica
303 241 320 277 n
347 216 435 302 (seu
458 212 717 305 intelligentiae
733 218 769 284 et
786 212 987 283 voluntates
999 215 1033 301 );.
1050 211 1083 281 is
1104 212 1229 283 admit-

10 392 12 399 .
66 323 161 394 tendo
189 328 265 393 tres
295 344 462 413 personas
493 322 634 392 divinas
664 321 728 390 hoc
759 320 834 412 ipso
864 320 1025 391 admittit
1049 327 1123 390 tres
1150 323 1229 390 sub·

10 500 19 519 .,
62 431 208 501 nantas
231 429 423 517 absolutas,
450 436 485 500 et
507 429 545 498 in
562 429 715 520 singulis
731 429 939 499 distinctum
954 429 1173 499 intellectum
1189 451 1230 498 ac

10 574 15 615 r
60 539 272 610 voluntatem
285 539 501 609 distinctam.
521 538 643 608 Trium
660 545 777 608 autem
793 538 993 607 huiusmodi
1012 538 1229 629 «principio-

10 646 16 755 ξ
57 672 133 719 rum
148 647 313 734 realium,
326 676 342 710 e
356 648 500 717 exclusa
514 647 692 717 numerica
708 647 847 716 unitate
863 646 1229 732 naturae,afflrmatur
1359 717 1363 725 ,

10 758 15 885 j
59 760 173 826 esitus
190 757 373 846 formalis,
399 763 655 849 quatenusper
679 755 825 824 formam
849 754 1113 844 personalitatis
1144 754 1180 824 h.
1196 777 1226 824 e.

10 894 15 919 ι
60 889 117 958 per
139 866 198 934 sui
212 864 460 935 conscientiam
477 864 638 955 singulae
654 885 820 954 personae
840 861 1052 932 adinvicem
1075 864 1228 933 referan-

60 981 128 1045 tur.
152 974 221 1042 Per
244 973 335 1041 hanc
358 971 482 1041 deinde
506 979 662 1041 mutuam
685 970 890 1040 relationem
913 969 1046 1038 dicitur
1072 993 1145 1040 ccx
1164 971 1228 1041 tri·

63 1084 122 1153 bus
142 1082 201 1152 sni
224 1080 449 1151 conscientiis
471 1086 650 1173 tamquam
674 1079 828 1169 singulis
863 1078 1046 1148 momentis
1073 1080 1229 1170 componi

10 1172 18 1255 l
63 1213 126 1261 uns
139 1189 307 1259 absoluta
321 1188 533 1259 conscientia
546 1188 601 1259 sui
616 1216 632 1251 n
648 1187 830 1277 (Propaed.
844 1187 894 1256 11.
910 1186 1004 1274 292,
1018 1188 1111 1278 Lyd.
1127 1187 1227 1257 1849.

15 1308 18 1313 '
63 1322 95 1392 p.
109 1299 204 1386 240),
218 1305 325 1392 atque
348 1298 510 1389 singulae
527 1321 693 1390 personae
709 1297 851 1367 divinae
867 1296 1034 1366 dicuntur
1053 1325 1069 1362 a
1088 1297 1230 1387 singula

64 1414 227 1478 momenta
243 1407 351 1476 unius
367 1408 631 1498 personalitatis
647 1408 826 1477 absolutae
843 1434 859 1469 n
880 1405 1062 1497 (Propaed.
1073 1405 1123 1474 11.
1134 1406 1227 1492 537).

65 1514 197 1601 Habes,
223 1514 309 1607 quid
332 1515 382 1583 sit
406 1544 423 1579 c
437 1514 546 1583 trium
562 1514 816 1606 principiorum
833 1512 982 1582 realium
997 1512 1158 1582 absoluta
1177 1533 1229 1581 re·

22 1698 25 1705 ,
66 1620 144 1692 letio
164 1621 404 1708 adinvicem,
425 1649 442 1685 n
468 1627 504 1691 et
534 1622 619 1714 quid
648 1621 730 1690 inde
760 1643 953 1711 exsurgens
979 1619 1136 1689 «unitas
1160 1619 1229 1688 for·

68 1729 160 1799 ulis
176 1758 194 1794 n
220 1729 382 1821 opposita
408 1729 643 1812 cuumerioas
680 1728 769 1798 reali
804 1728 937 1798 unitati
954 1756 971 1791 n
999 1734 1147 1798 naturae
1178 1726 1230 1798 di-

70 1859 174 1909 uuae.

125 1945 246 2015 Talem
267 1944 418 2015 unitatis
441 1952 640 2038 conceptum
665 1967 739 2015 esse
767 1945 1020 2031 falsissimum,
1047 1945 1230 2034 probatum

71 2059 117 2125 est
133 2054 170 2124 in
193 2059 271 2123 tcta
294 2059 416 2123 nostra
438 2055 649 2125 tractatione
672 2077 714 2123 ex
739 2054 954 2124 documentis
976 2052 1228 2140 revelationis3

73 2161 221 2234 Giinther
248 2186 331 2233 vero
353 2156 443 2254 post'
456 2169 615 2233 exortum
637 2163 754 2233 lumen
781 2162 1016 2252 «theologiae
1045 2160 1231 2252 speculati·

74 2291 151 2341 vae·
175 2271 374 2362 profitetur,
389 2293 466 2340 eum
490 2271 558 2340 sibi
580 2294 655 2341 esse
671 2270 928 2341 charissimum.
949 2269 1018 2338 «In
1033 2267 1231 2338 memoriam

74 2376 1232 2471 reuocetur,inquit,loousexsystematetheologiooLeibnitiitsunt

21 2566 24 2571 ,
77 2509 139 2577 erpo
161 2502 228 2555 tres
250 2489 466 2555 substantiae
484 2488 693 2577 stupratores,
718 2487 843 2555 relatio
869 2507 939 2552 unc
969 2485 1128 2552 absoluto
1143 2508 1232 2576 pace

77 2594 144 2663 illos
163 2596 409 2689 complectitur.
437 2596 506 2665 Hic
528 2595 651 2680 locus,
678 2596 709 2664 si
740 2594 822 2664 olim
845 2595 883 2663 in
906 2616 984 2663 eum
1007 2592 1228 2676 incidissem,
1296 2648 1299 2653 .

77 2702 194 2790 fabor,
219 2703 309 2773 mihi
331 2703 572 2773 difficultatem
596 2709 771 2787 creasset,
796 2725 889 2772 nunc
912 2707 1028 2770 autem
1060 2699 1147 2768 mihi
1177 2705 1232 2769 est

28 2798 31 2803 ’
77 2809 285 2882 omninno
306 2818 346 2882 ct
367 2810 652 2902 acceptissimus,
673 2811 757 2903 quia
772 2809 934 2880 illustrat
946 2809 1062 2878 locum
1078 2806 1230 2899 aliquem

77 2920 253 3013 Augustini
277 2921 319 2991 de
336 2921 435 2991 Trin.
450 2921 534 2991 VII.
553 2921 643 3005 c.4.,
662 2920 722 2989 ubi
739 2919 889 3012 quaerit,
911 2942 973 2988 cur
989 2941 1057 2987 non
1074 2917 1232 2987 dicamus

28 3070 32 3075 -
78 3031 135 3098 tres
155 3030 247 3100 Deos
269 3029 365 3098 mont
387 3028 535 3098 dicimus
556 3035 631 3099 tres
653 3049 818 3120 personas
841 3027 1005 3111 divinas,
1031 3037 1069 3097 et
1091 3048 1230 3096 causam

77 3137 249 3227 aperitin
273 3137 510 3228 paedagogica
532 3137 669 3207 ratione
700 3135 901 3221 Ecclesiae,
936 3157 1024 3228 quae
1058 3135 1152 3205 hunc
1182 3134 1231 3204 lo·

77 3245 187 3336 quamdi
211 3268 312 3316 usum
335 3245 546 3315 necessitate
570 3239 749 3337 compulsa
771 3243 954 3314 induxerit
982 3249 1019 3312 et
1049 3246 1229 3313 retineatn

21 3438 25 3443 .
76 3348 273 3444 Propeed.1.
287 3375 322 3442 p.
343 3351 420 3421 119.

17 3532 20 3537 ,
127 3459 217 3529 Sane
239 3458 272 3527 si
294 3459 327 3527 is
349 3464 442 3528 esset
464 3465 651 3550 conceptus
675 3458 891 3544 Trinitatis,
919 3458 1010 3551 quod
1040 3460 1124 3525 sunt
1156 3460 1232 3524 tres

10 3596 19 3673 p
75 3567 278 3637 ubstantiae
300 3566 465 3653 divinae,
492 3588 640 3660 quarum
664 3566 784 3635 unitas
807 3566 971 3636 consistit
1000 3565 1038 3634 in
1061 3563 1231 3633 relatione

10 3682 18 3769 l
74 3680 204 3761 mutua,
229 3695 300 3742 nou
322 3679 470 3764 apparet
490 3673 595 3759 ratio,
622 3696 685 3743 cur
708 3695 776 3741 non
800 3693 908 3764 aeque
930 3677 1003 3742 tres
1025 3671 1087 3740 Dii
1102 3692 1143 3739 ao
1157 3676 1232 3740 tres

75 3779 148 3850 telas
168 3803 336 3874 personae
360 3783 535 3852 dicantur.
553 3782 606 3851 As
629 3782 817 3852 secundum
834 3781 1026 3851 doctrinam
1042 3776 1233 3849 revelatam

10 3896 14 3965 l
76 3898 243 3982 acceptus
267 3897 323 3960 est
344 3890 448 3981 plane
470 3891 644 3961 inversus:
670 3890 859 3960 relationes
882 3888 1025 3958 divinae
1048 3893 1133 3956 sunt
1155 3892 1233 3957 tota

10 3984 16 4085 ξ
76 3998 149 4067 ratio
170 3997 412 4069 distinctionis
427 4022 496 4068 non
512 4022 595 4069 vero
611 3999 781 4086 unitatis,
802 3997 920 4066 unitas
936 4017 1162 4088 personarum
1179 4001 1234 4065 est

76 4100 193 4198 inipsa
214 4128 288 4178 una
311 4114 348 4177 et
370 4107 516 4178 realiter
531 4106 708 4197 singulari
724 4105 924 4175 substantia
939 4104 1112 4172 absoluta:
1131 4102 1230 4170 adeo·

15 4204 19 4209 ⁸
78 4233 128 4302 que
147 4217 239 4310 quod
262 4214 426 4287 Giinther
448 4215 537 4286 dicit
559 4214 776 4300 distinctum,
803 4218 857 4284 est
879 4213 1017 4281 omnino
1032 4233 1139 4279 uuum
1162 4208 1232 4277 siu·
1354 4226 1359 4235 ·
