3180 4944
698 387 736 401 -
757 353 818 416 518
838 387 876 401 -

205 462 367 555 phemum
388 467 425 532 et
446 460 591 552 impium
612 458 1019 531 reiioiemus.Gredim11e
1042 457 1136 530 enim
1158 456 1301 528 Domino
1313 458 1354 530 di·

207 570 299 641 centi
314 594 322 638 z
348 569 504 660 Spiritus
525 569 587 660 qui
602 591 645 639 ex
659 569 767 640 Patre
781 567 1000 667 procedit-et
1013 567 1253 638 sacratissimo
1263 568 1355 637 Paulo

206 679 336 749 dicenti
360 676 537 748 similiter:
562 700 624 748 noe
648 662 1024 767 autem...'aooepimue
1048 675 1226 767 Spiritum
1248 678 1355 769 quiex

205 785 277 855 Deo
299 790 354 854 est
370 813 387 848 r
413 783 513 876 (Opp.
533 784 575 853 Τ.
590 784 654 854 lv.
670 809 706 875 p.
720 784 827 868 ula).
841 782 1016 853 Videlicet
1032 783 1272 874 blasphemum
1286 783 1353 868 erit,

206 891 239 961 si
260 897 408 981 negetur
432 890 586 981 Spiritus
601 890 786 981 procedere
800 913 843 961 ex
858 891 974 976 Patre,
988 895 1024 958 et
1035 888 1067 959 ei
1084 889 1262 959 dicatnra
1277 889 1354 959 Filio

206 1006 270 1070 ant
288 1023 353 1090 per
378 998 510 1069 Filium
536 999 710 1070 creatione
725 999 851 1069 habere
866 997 1102 1084 existentiam,
1122 1000 1215 1090 quod
1239 1005 1352 1068 utrun-

207 1129 274 1200 que
288 1106 443 1198 pertinet
464 1135 480 1170 e
497 1105 541 1174 ad
557 1105 749 1176 Macedonii
764 1105 952 1195 malignam
968 1103 1150 1189 culturam,
1161 1131 1195 1174 r.
1208 1104 1304 1173 Alibi
1316 1105 1351 1174 di·

206 1214 373 1286 stinotins
394 1213 447 1282 ait
469 1213 718 1283 Theodoretus:
747 1243 763 1278 a
788 1212 974 1283 secundum
989 1213 1202 1283 execrandos
1224 1213 1350 1285 haereti·

207 1345 264 1394 ooe
288 1322 443 1413 Spiritus
466 1321 617 1390 Sanctus
640 1343 682 1389 ex
704 1320 776 1390 Deo
794 1345 860 1411 per
882 1321 1016 1389 Filium
1046 1336 1182 1390 creatae
1212 1336 1294 1390 cerr
1316 1315 1348 1385 tu

206 1450 257 1494 του
284 1428 345 1493 droa
368 1421 617 1520 dedapeoupyorce
634 1428 695 1517 (in
716 1427 1033 1513 Rom.VHI.11.).

130 1549 137 1571 ·
272 1536 330 1606 Ita
351 1536 457 1606 etiam
480 1536 517 1606 S.
533 1535 692 1625 cyrillus
714 1534 893 1605 intellexit
915 1535 1124 1606 Theodoreti
1148 1535 1344 1608 calumniam.

206 1644 250 1712 In
272 1642 435 1734 apologia
449 1642 541 1713 enim
556 1642 663 1712 huius
679 1640 962 1714 anathematismi
977 1644 1111 1734 scripta
1125 1651 1249 1714 contra
1263 1643 1345 1713 Theo

207 1750 388 1834 doretum,
414 1747 587 1841 imprimis
609 1748 747 1841 quidem
771 1748 907 1818 insistit
937 1748 1119 1838 dogmati,
1155 1749 1198 1818 de
1226 1773 1289 1841 quo
1312 1748 1344 1817 di·

208 1861 301 1929 reete
323 1856 518 1945 agebatur,
544 1853 635 1946 quod
667 1876 737 1925 une
767 1854 970 1946 hypostasis
999 1861 1053 1923 est
1081 1854 1183 1924 Iesus
1211 1855 1343 1924 christu

206 1961 302 2031 Deus
324 1969 361 2031 et
381 1961 505 2046 homo,
530 1961 630 2031 cuiue
646 1959 809 2051 proprius
839 1969 894 2031 est
915 1960 1071 2052 Spiritus
1102 1961 1277 2047 Sanctae,
1304 1983 1343 2051 per

209 2126 323 2194 piterno
343 2141 399 2180 non
420 2126 538 2194 genuit,
558 2126 599 2178 eic
611 2125 796 2192 necprocedit
808 2125 931 2192 Spiritue
949 2144 967 2178 a
984 2126 1074 2192 Filio,
1089 2126 1166 2179 eiciet
1179 2144 1198 2179 a
1209 2125 1342 2188 Parere

207 2229 275 2269 vero
298 2216 367 2282 quia
388 2215 515 2282 Spiritus
537 2215 650 2281 quidem
673 2215 779 2269 Ilillum
799 2230 855 2268 uon
875 2216 976 2280 genuit
994 2213 1188 2282 sempiterne,
1214 2215 1340 2276 oonlltou,

207 2303 351 2357 necerim
372 2303 441 2357 duos
460 2302 584 2357 dicimus
605 2304 708 2357 Patres
719 2323 726 2372 3
748 2307 843 2358 utrum
867 2320 935 2358 vero
956 2320 973 2357 a
994 2304 1071 2357 Filio
1094 2304 1190 2356 eodem
1207 2304 1292 2366 modo,
1306 2316 1342 2368 pto

206 2409 224 2443 o
247 2395 333 2446 Patre
345 2394 497 2461 procedet,
522 2393 645 2447 noudum
667 2393 791 2460 perlecto
821 2395 909 2447 babeo
930 2395 1121 2448 satisfactum.
1137 2394 1274 2458 Quoniam
1296 2404 1341 2444 vero

208 2483 243 2536 ad
263 2482 311 2549 id,
336 2481 410 2549 quod
435 2496 510 2535 nuuc
524 2481 691 2549 quaeritur,
712 2481 788 2536 nihil
804 2482 929 2549 attlnet,
952 2481 1127 2548 signandum
1142 2482 1254 2550 quidem
1264 2475 1340 2534 astrol

208 2570 415 2624 transeundum
433 2591 445 2618 n
465 2571 549 2623 Ruet.
571 2575 661 2624 contr.
681 2571 817 2638 Acephel.
839 2567 985 2642 (Sallenti.
1000 2571 1032 2625 Τ.
1046 2572 1114 2624 XII.
1133 2589 1162 2638 p.
1181 2566 1339 2640 oe.).ru11o

209 2674 340 2726 nmquam
361 2659 570 2725 «antiquorum
589 2659 816 2727 proprietatibus
834 2675 1018 2725 personarum
1042 2659 1168 2727 adiecit,
1183 2681 1197 2708 ι
1219 2658 1286 2726 quod
1300 2653 1339 2722 spi·

208 2747 283 2801 ritus
297 2747 467 2821 simpliciter
486 2762 542 2799 uon
562 2747 695 2814 procedat
710 2765 728 2802 a
739 2749 832 2815 Filio;
853 2748 902 2800 sed
921 2749 1022 2816 utique
1040 2749 1243 2816 quamplurimi
1260 2745 1339 2800 derbe·

209 2836 368 2890 recteribus
390 2850 574 2903 personarum
595 2837 639 2890 ita
657 2839 833 2904 loquuntur,
856 2840 889 2889 ut
908 2836 1032 2888 democle
1047 2837 1236 2901 processionis
1252 2831 1339 2888 Rustic

208 2924 337 2992 potuerit
358 2924 480 2979 nondum
501 2924 625 2992 perlecto
645 2941 706 2978 esse
723 2926 920 2994 satisfactum
943 2930 1037 2979 utrum
1057 2926 1170 2979 scilicet
1185 2926 1299 2994 Spiritus
1311 2935 1339 2971 eo·

209 3014 270 3066 dem
288 3014 369 3066 modo
384 3013 518 3082 procedat
537 3031 554 3067 a
572 3014 667 3082 Filio,
693 3030 747 3081 quo
766 3031 783 3067 a
799 3015 894 3068 Patro.
915 3015 1057 3068 Dixerant
1076 3015 1205 3069 Basilius
1222 3018 1250 3067 et
1266 3014 1339 3078 Nysae·

208 3117 272 3169 nus,
286 3102 491 3170 proprietatem
512 3119 573 3158 esee
593 3104 674 3171 Filii,
691 3103 765 3171 quod
786 3104 848 3172 ipae
863 3106 940 3159 solus
957 3103 1087 3171 procedit
1098 3124 1254 3173 μονογενως,
1265 3102 1340 3154 ebuue

208 3192 320 3247 scilicet
340 3208 478 3261 persona;
500 3194 705 3262 proprietatem
723 3209 785 3247 esse
798 3194 943 3261 Spiritus,
963 3193 1037 3260 quod
1056 3209 1108 3261 per
1132 3192 1240 3246 Filium
1255 3188 1341 3252 surlet

208 3296 243 3333 ex
264 3282 370 3351 Petre;
391 3285 460 3336 item
479 3283 554 3350 quod
572 3284 700 3351 Spiritus
719 3286 764 3336 est
781 3300 799 3337 a
815 3286 901 3337 Patre
921 3299 977 3337 uon
996 3305 1136 3356 προσεχως
1154 3278 1296 3357 (proxime)
1309 3273 1341 3328 etl

106 3378 108 3383 '
208 3386 260 3438 per
278 3372 395 3439 Filium,
408 3374 458 3440 qui
476 3378 522 3427 est
539 3375 665 3442 proxime
685 3390 702 3427 a
720 3374 820 3442 primo,
833 3378 863 3427 et
880 3390 941 3428 esee
958 3391 992 3428 ex
1007 3377 1093 3428 Patre
1112 3367 1342 3442 interpositorilio

207 3455 344 3530 (μεσιτειᾳ
361 3481 406 3514 reo
426 3458 504 3533 ὑιου);
526 3462 640 3516 dixerat
652 3463 850 3529 Augustinus,
869 3462 1007 3530 Spiritum
1029 3463 1235 3529 principaliter
1251 3475 1301 3514 esse
1319 3467 1342 3506 εἰ

207 3549 311 3618 Petro,
336 3550 405 3604 licet
423 3551 463 3605 sit
482 3552 568 3604 etiam
588 3567 622 3605 ex
641 3552 737 3619 Fili05
763 3551 897 3605 dixerant
922 3554 1038 3619 plures,
1066 3554 1159 3605 solum
1177 3554 1284 3605 Patrem
1300 3545 1343 3599 cele

208 3637 379 3705 principium
400 3639 584 3706 primordiale
604 3638 841 3712 (rfonerepumer
856 3635 959 3710 ἀιτιαν)
977 3643 1007 3691 et
1024 3639 1134 3693 iontem
1145 3639 1300 3701 'trinitatiu
1316 3631 1344 3682 li·

208 3728 312 3780 xerant
325 3728 468 3795 plerique,
491 3728 630 3795 Spiritum
649 3745 710 3783 esse
725 3743 760 3782 ex
781 3729 866 3781 Patre
886 3743 937 3794 per
956 3727 1064 3780 Filium
1083 3730 1140 3781 etc.
1161 3725 1215 3802 (De
1233 3720 1343 3781 hiereli!

208 3813 313 3870 dictum
322 3821 367 3869 est
376 3818 408 3870 in
422 3819 627 3887 superioribus,
639 3819 676 3873 ci.
688 3822 788 3874 Petav.
798 3820 887 3873 LVII.
896 3834 934 3873 ec.
949 3814 1051 3888 6.11.).
1066 3819 1145 3882 Quae
1157 3817 1266 3885 quidem
1276 3809 1344 3870 oncle

208 3918 264 3955 non
284 3903 365 3956 aliud
383 3906 440 3958 eibi
463 3908 575 3973 volunt,
588 3922 671 3974 quam
686 3907 759 3974 quod
771 3908 846 3960 siout
864 3910 968 3959 natura
987 3906 1031 3958 ita
1047 3905 1094 3959 vis
1108 3905 1248 3972 epiretrix
1259 3901 1343 3956 crete

208 3993 427 4045 communicetur
445 3994 538 4061 Filio;
560 3995 658 4063 sieque
676 3996 803 4063 Spiritus
822 3997 1019 4049 Sanetus-uon
1040 3993 1099 4047 nisi
1122 3995 1270 4061 supposita
1285 4000 1344 4055 gene

208 4079 319 4132 ratione
338 4080 409 4132 Filii
429 4082 556 4148 procedit
569 4100 585 4137 a
596 4084 682 4137 Patre
699 4084 841 4151 Filioque.
856 4084 930 4138 Sunt
948 4086 1043 4136 tamen
1063 4083 1225 4135 sententiae
1241 4082 1300 4134 illae
1310 4089 1342 4127 ee·

208 4167 352 4235 tiquorum
365 4170 536 4239 huiusmodi,
557 4187 629 4238 quae
648 4175 759 4227 nullum
777 4172 891 4241 quidem
905 4171 1021 4225 dubium
1039 4171 1244 4237 relinquebant
1261 4169 1342 4232 repre

207 4258 333 4311 cessione
352 4258 479 4325 Spiritus
498 4261 614 4324 allilia,
633 4262 683 4314 sed
702 4263 803 4315 maiori
819 4261 1006 4328 inquisitioni
1020 4259 1123 4325 dignae
1140 4258 1255 4312 Rustico
1272 4247 1341 4308 videri

207 4349 348 4413 poterent,
364 4351 459 4401 utrum
475 4350 506 4403 in
526 4351 564 4404 iis
584 4350 697 4406 dicatur
707 4351 833 4421 Spiritus
846 4349 996 4422 procedere
1017 4365 1058 4405 ea
1075 4349 1153 4403 Filio
1171 4347 1261 4402 eodem
1271 4339 1340 4403 neda

208 4448 262 4502 quo
281 4450 299 4490 a
316 4438 438 4495 Patre.»
