3172 4950
704 386 742 402 ..
764 355 822 418 581
845 389 882 405 ..

200 481 271 527 non
305 457 411 528 habet
443 481 512 527 nou
547 466 601 528 est
629 459 727 552 cius,
754 461 795 529 ds
818 462 892 552 ipso
924 461 1047 553 utiquo
1078 460 1215 552 Spiritu
1244 459 1377 529 Sancto

202 566 269 633 eit.
287 566 424 634 Donum
447 587 531 654 crgo
547 565 724 634 donatoris
748 571 783 634 et
806 567 953 636 donator
975 567 1079 652 doni,
1113 590 1191 636 cum
1214 566 1375 650 dicimus,

203 672 354 741 relative
372 678 557 765 utrumque
573 672 778 742 adinvicem
800 672 958 743 dicimus.
982 673 1078 764 Ergo
1098 671 1256 765 Spiritus
1272 671 1377 742 Sono-

204 785 264 848 tus
295 778 487 848 ineffabilis
522 786 576 850 est
607 780 775 873 quaedam
807 782 925 850 Putris
956 781 1111 874 Filiiquo
1142 782 1375 851 communio...

204 887 257 956 Ut
281 908 364 976 ergo
396 910 437 955 ex
465 887 601 956 nomine
625 887 717 980 quod
748 889 890 981 utrique
926 889 1091 958 convenit
1114 889 1153 975 (i.
1171 912 1202 958 e.
1217 890 1321 958 Peter
1345 895 1381 958 ot

204 993 346 1078 Filius,
375 1000 522 1087 uterquc
548 1001 584 1063 et
606 994 760 1085 spiritus¹
778 1001 885 1065 estet
901 999 1076 1081 sanctus),
1096 995 1279 1089 utriusque
1292 1018 1379 1064 com·

205 1098 325 1166 munio
356 1100 602 1189 significetur,
636 1107 783 1170 vocatur
810 1102 936 1171 donum
962 1102 1142 1170 amborum
1166 1101 1219 1189 (is
1243 1102 1303 1193 qui
1327 1107 1382 1171 est

205 1206 335 1275 donum
361 1206 554 1292 amborum)
579 1206 735 1297 Spiritus
759 1207 952 1278 Sanctus...
971 1207 1131 1277 Ulterius
1147 1213 1264 1276 eutem
1278 1229 1379 1299 quee-

204 1311 327 1396 ritur,
354 1318 540 1404 utrumque
565 1314 846 1404 quemadmodum
863 1314 980 1384 Filius
995 1338 1062 1384 non
1079 1314 1143 1384 hoc
1167 1320 1303 1383 tantum
1319 1314 1380 1381 ha·

206 1420 269 1488 bet
291 1419 487 1504 nascendo,
513 1424 554 1489 ut
575 1417 693 1488 Filius
716 1420 765 1488 sit
788 1421 848 1490 sed
872 1421 1008 1491 omnino
1031 1427 1073 1491 ut
1095 1420 1155 1507 sit,
1181 1420 1232 1490 sic
1254 1425 1290 1489 et
1305 1419 1380 1510 Spi-

205 1525 304 1594 ritus
327 1526 478 1594 Sonotus
501 1548 540 1595 eo
565 1549 631 1618 quo
655 1527 771 1612 detur,
787 1528 914 1597 habeat
936 1550 1005 1597 non
1027 1535 1178 1612 tantum,
1193 1534 1234 1596 ut
1250 1526 1377 1595 donum

206 1632 259 1701 sit
281 1633 341 1701 sed
365 1633 500 1701 omnino
523 1639 564 1701 ut
579 1632 694 1701 siti...
712 1634 770 1701 An
782 1657 915 1724 semper
928 1634 1085 1724 procedit
1103 1633 1260 1725 Spiritus
1272 1632 1378 1702 Sano-

206 1745 270 1808 tus
292 1746 329 1808 et
355 1761 422 1807 non
446 1763 488 1809 ox
511 1743 664 1830 temporo
688 1740 746 1809 sed
764 1741 807 1808 ab
824 1741 1032 1810 aeternitate
1048 1741 1215 1831 procedit;
1230 1737 1383 1831 sedpuic

209 1849 261 1911 sic
277 1844 505 1935 procedebat,
527 1860 567 1911 ut
593 1861 675 1913 esset
699 1845 872 1929 donabile,
899 1850 968 1914 iam
992 1847 1115 1914 donum
1147 1859 1241 1929 erat,
1268 1860 1300 1913 et
1323 1871 1382 1911 on·

212 1965 351 2041 tequam
375 1965 458 2017 esset
485 1954 541 2018 cui
563 1951 730 2019 daretur?
750 1951 867 2020 Aliter
889 1955 978 2019 enim
1001 1953 1217 2043 intellipitser
1235 1977 1309 2018 cum
1332 1948 1384 2017 di·

210 2061 304 2125 citur
327 2057 450 2123 donum
462 2107 471 2140 ,
498 2058 604 2125 aliter
627 2083 700 2126 oum
727 2058 857 2125 dicitur
877 2058 1037 2125 donatum
1050 2085 1063 2141 ,·
1087 2084 1166 2126 nam
1189 2056 1312 2125 donum
1321 2081 1384 2148 po-

213 2177 278 2231 test
306 2187 373 2231 esse
400 2178 433 2230 et
460 2177 643 2255 antequam
675 2163 796 2246 detor,
836 2164 996 2230 donatum
1028 2179 1140 2232 cutem
1170 2166 1241 2230 nisi
1268 2164 1386 2231 dotum

206 2269 350 2358 fuerit,
377 2270 473 2336 nullo
498 2270 592 2337 modo
610 2271 681 2338 dici
691 2286 846 2362 potest...
860 2273 1068 2360 Sempiterne
1083 2272 1236 2362 Spiritus
1248 2269 1383 2350 dentem,

213 2377 448 2468 temporaliter
468 2393 579 2445 autem
606 2378 778 2446 donatum.
797 2379 892 2467 Aug.
908 2378 1007 2445 Trin.
1022 2378 1048 2446 l.
1063 2379 1108 2448 V.
1127 2401 1162 2447 n.
1178 2376 1292 2445 12-17.

280 2484 404 2576 Itoque
428 2485 551 2551 donum
566 2492 738 2577 quatenus
761 2485 938 2576 proprium
956 2490 1012 2553 est
1026 2490 1062 2553 et
1074 2484 1253 2574 personale
1264 2503 1385 2552 nomen

214 2591 373 2682 Spiritus
401 2592 523 2661 Sancti
535 2616 544 2675 ‚¹
568 2593 759 2662 relativum
782 2599 836 2662 est
864 2592 909 2661 ad
939 2592 1139 2661 donatorem
1172 2591 1311 2660 Patrem
1346 2611 1387 2689 ac

212 2697 366 2781 Filium,
393 2698 493 2768 ouius
516 2704 571 2768 est
593 2699 719 2768 donum
742 2722 811 2768 non
834 2704 876 2767 ut
898 2698 1049 2768 dominio
1071 2697 1300 2791 possidentis,
1327 2695 1386 2766 sed

213 2811 256 2874 ut
278 2804 445 2896 principii
468 2827 489 2873 a
513 2829 579 2896 quo
602 2806 787 2896 procedit;
812 2811 852 2875 at
875 2805 1047 2895 processio
1070 2827 1139 2874 non
1163 2804 1274 2877 solum
1291 2804 1386 2873 indc-

214 2911 401 2981 terminatc
424 2913 483 2981 sod
506 2911 560 2980 ita
582 2912 812 3003 designatur,
839 2918 881 2981 ut
901 2912 1088 3002 procedens
1111 2935 1154 2981 ox
1183 2911 1259 3001 ipso
1289 2909 1387 2980 modo

214 3019 444 3110 processionis
466 3018 595 3089 hebeat
615 3022 787 3088 rationem
811 3018 997 3087 donabilis.
1013 3018 1087 3088 Iem
1112 3040 1194 3088 voro
1218 3038 1315 3085 omne
1330 3014 1387 3084 do·

215 3148 299 3194 num
321 3124 428 3195 hebet
450 3125 626 3216 propriam
648 3127 816 3196 rationem
840 3126 923 3195 doni
944 3149 987 3195 ex
1011 3124 1172 3216 gratuito
1195 3123 1388 3193 liberalita-

216 3237 267 3315 te,
294 3252 363 3323 qua
386 3231 536 3301 donatur
559 3233 617 3302 vel
638 3241 693 3303 est
716 3231 876 3302 donabile
900 3233 970 3321 (1),
997 3233 1149 3325 adeoquo
1180 3255 1221 3299 eu
1252 3252 1363 3298 amore
1375 3255 1389 3310 ‚·

219 3337 311 3407 undo
334 3358 430 3407 emor
453 3346 507 3409 est
529 3341 679 3430 primum
703 3341 830 3410 donum
854 3363 896 3411 ex
917 3340 1111 3409 intrinseca
1138 3360 1203 3408 sua
1224 3337 1387 3421 rationo,

218 3467 261 3514 ex
284 3468 351 3536 quo
375 3447 490 3514 omnia
512 3447 649 3540 relique
671 3448 863 3531 donantur,
890 3470 978 3540 quoe
1006 3447 1176 3517 rationem
1207 3445 1290 3514 doni
1321 3465 1389 3512 non

218 3574 261 3621 ex
285 3574 359 3621 seso
381 3552 441 3621 sed
462 3553 563 3623 volut
586 3554 805 3624 extrinsecus
831 3553 984 3637 hebent,
1011 3557 1183 3645 quotenus
1206 3551 1390 3620 denturex

218 3681 345 3728 umore.
361 3659 462 3729 Unda
484 3660 523 3727 in
546 3659 609 3729 SS.
625 3660 804 3729 Trinitoto
826 3658 943 3728 Filius
966 3657 1123 3748 procedit
1139 3655 1276 3749 quidem
1289 3675 1310 3722 o
1325 3654 1390 3721 Pe·

218 3773 274 3836 tro
296 3772 333 3835 ct
355 3773 409 3836 est
431 3766 535 3835 etiem
559 3766 744 3854 donabilia
774 3789 894 3836 verum
919 3764 1003 3857 quia
1033 3760 1206 3833 donabilis
1232 3766 1287 3829 est
1322 3781 1390 3827 non

217 3895 261 3942 ex
284 3872 473 3943 intrinseco
496 3873 696 3943 charactere
720 3871 920 3963 personali,
946 3893 1012 3964 quo
1035 3875 1090 3939 est
1111 3869 1264 3938 Verbum
1288 3865 1389 3935 intel·

217 3979 332 4049 lectus
354 3980 516 4070 peterni,
544 3981 603 4050 scd
627 3978 737 4049 solum
774 3986 946 4073 quatenus
968 3977 1005 4045 in
1027 3976 1100 4045 Deo
1124 3980 1179 4044 est
1204 3995 1324 4056 umor,
1349 3994 1392 4041 ex

219 4108 287 4178 quo
311 4085 416 4154 etiem
437 4085 555 4155 Filius
578 4087 741 4155 donetur:
769 4115 786 4150 o
805 4085 856 4154 sic
879 4085 974 4154 Deus
997 4083 1124 4152 dilexit
1148 4080 1331 4163 mundum,
1353 4085 1395 4148 ut

219 4191 353 4261 Filium
377 4214 478 4261 suum
502 4192 724 4283 unigenitum
747 4193 879 4262 deret»
905 4189 1122 4276 10.111.16.;
1140 4191 1395 4278 proptereauo·

275 4335 318 4411 (1)
338 4357 351 4386 o
365 4339 476 4393 Donum
489 4354 545 4393 non
559 4338 666 4393 dicitnr
681 4354 715 4393 ex
728 4354 760 4393 so
773 4336 847 4407 qnod
861 4341 926 4392 ectu
939 4335 1033 4403 dstur,
1046 4333 1095 4390 sod
1109 4334 1140 4389 iu
1156 4336 1296 4402 quentin
1309 4331 1397 4387 isbst

224 4426 421 4498 aptitudinem
439 4431 473 4483 ut
490 4427 584 4498 possit
602 4426 666 4482 deri
680 4448 705 4480 s.
717 4426 745 4482 S.
758 4426 810 4482 Th.
824 4427 849 4480 1.
862 4442 890 4496 q.
902 4426 947 4482 88.
959 4440 987 4479 s.
1000 4426 1025 4479 1.
1037 4422 1073 4479 sd
1084 4427 1112 4479 4.
