3172 4950
649 323 688 338 ..
708 290 770 351 330
791 322 830 339 ..

158 402 273 467 icant.
289 400 338 465 sic
350 414 385 463 et
399 396 448 463 ibi
463 394 620 464 indicant
633 394 914 464 communitatem
926 401 1077 465 neturus
1092 389 1158 485 (tce
1175 394 1296 490 ἐμηυὶαυ)

159 508 267 597 geniti
283 504 327 571 od
346 514 564 593 generantem
580 532 611 571 ν.
628 503 769 572 Pariter
782 502 1009 593 Augustinus
1019 505 1121 573 [Prin.
1138 505 1163 573 l.
1173 506 1214 573 V.
1227 507 1299 597 ponit

157 618 253 685 iilum
277 616 445 683 mimam
461 612 721 681 difficultatem:
743 640 760 673 a
778 612 949 703 quidquid
965 613 1008 681 de
1028 613 1103 681 Deo
1122 614 1298 687 diciturne!

159 726 383 813 intelligitur.
410 745 477 789 non
501 720 690 789 secuudum
706 719 868 788 accidens
884 719 944 788 sed
964 722 1157 790 secundum
1171 724 1299 793 substan·

157 836 240 900 ·iam
258 832 398 899 dicitur:
413 836 623 921 quapropter
638 828 833 917 ingenitum
849 850 923 897 esse
935 829 1034 897 Patri
1048 831 1233 899 secundum
1243 832 1301 899 snt-
1323 848 1328 855 '

159 940 322 1007 stantium
346 952 410 1015 est,
428 946 464 1003 et
488 934 645 1024 genitum
669 957 742 1003 esse
765 934 861 1002 Filio
884 936 1075 1004 secundum
1097 938 1301 1007 substantium
1325 1000 1328 1007 .

157 1066 220 1115 est.
242 1045 426 1113 Diversum
449 1052 501 1112 est
525 1049 640 1111 autem
665 1044 862 1134 ingenitum
886 1066 960 1112 esse
982 1051 1019 1113 et
1042 1046 1201 1133 genitum
1227 1068 1301 1133 essu

158 1156 297 1225 diversa
319 1169 372 1221 est
395 1176 480 1239 ergo
503 1150 701 1220 substantia
725 1152 845 1219 Patris
868 1159 903 1219 et
925 1150 1014 1220 Filii
1027 1181 1060 1219 n.
1078 1152 1218 1221 Summo
1238 1155 1304 1225 sctit

159 1262 311 1355 prolixae
335 1258 568 1349 responsionis
590 1257 789 1346 Augustini
802 1259 1001 1327 continetur
1016 1258 1084 1329 hac
1098 1260 1302 1331 conclusione

162 1408 176 1435 .-
191 1369 350 1463 quamtis
372 1367 550 1435 diversum
573 1366 622 1433 sit
645 1366 784 1433 Putrem
808 1388 884 1434 esse
913 1373 948 1435 ct
978 1368 1113 1436 Filium
1136 1390 1227 1454 esse,
1254 1392 1304 1439 not

158 1502 210 1549 est
235 1498 349 1547 tamen
371 1476 512 1545 diversa
542 1474 743 1542 substantia
767 1475 932 1561 (essentia
956 1475 1157 1562 absoluta),
1183 1478 1240 1567 qui
1258 1476 1304 1547 hot

161 1616 222 1653 ooo
246 1584 423 1653 teotradum
439 1584 667 1649 eichstautiom
684 1580 847 1649 dicontur
862 1580 1114 1650 seducendum
1135 1585 1304 1667 relatives,

159 1696 248 1789 quod
271 1712 386 1763 tamen
409 1689 600 1759 relativum
624 1712 691 1757 nou
715 1697 770 1760 est
792 1691 965 1774 accidens,
991 1692 1073 1783 quia
1097 1715 1168 1761 non
1190 1700 1304 1763 estut·
1328 1714 1331 1723 ·

158 1806 264 1875 tabile
276 1832 305 1869 o.
316 1800 446 1869 Eadem
462 1799 669 1867 declarando
686 1802 912 1892 prosequitur
925 1802 967 1870 de
983 1805 1140 1891 inpenito
1152 1808 1190 1871 et
1199 1806 1305 1892 petito:

163 1914 278 1983 .oiont
297 1910 440 2001 genitus
452 1930 518 1974 uon
531 1908 575 1975 ad
593 1930 628 1976 se
647 1908 759 1997 ipsum
779 1908 912 1976 dicitur
931 1910 990 1978 sed
1008 1911 1100 2002 quod
1115 1933 1158 1978 ex
1174 1910 1305 2000 genitore

159 2024 218 2093 sit.
238 2024 288 2089 its
304 2042 380 2087 cnut
397 2016 530 2085 dieitur
545 2014 738 2105 ingenitus,
757 2040 825 2084 non
841 2017 885 2085 ad
909 2039 946 2087 se
962 2017 1078 2108 ipsum
1100 2018 1242 2101 dicitur,
1263 2016 1305 2087 ot

160 2130 249 2225 quod
272 2150 313 2195 ex
337 2125 494 2215 genitore
509 2124 654 2207 nonsit,
675 2124 885 2192 ostenditur.
905 2124 948 2192 In
963 2126 1081 2194 eodem
1099 2134 1216 2195 temen
1231 2146 1305 2216 prcc-
1332 2100 1340 2195 l

160 2242 349 2311 dicomento
373 2232 463 2326 quod
480 2233 661 2298 relation-m
677 2240 838 2316 vocatur,
858 2240 1007 2325 utraque
1023 2235 1236 2325 significatio
1249 2256 1305 2303 ter

161 2350 267 2431 titur-3
294 2340 384 2435 guod
407 2354 518 2405 aretem
542 2339 686 2405 relative
704 2344 970 2428 preeruntiatttm
1002 2366 1068 2407 nott
1101 2340 1304 2408 indicaturi

159 2458 336 2523 stantiam:
357 2454 406 2515 ita
424 2448 577 2539 qttomuit
602 2444 769 2512 diuersum
786 2450 834 2513 st't
855 2451 994 2537 penitus
1008 2463 1040 2515 et
1057 2452 1242 2538 inpertitus,
1258 2470 1304 2513 not

162 2564 291 2630 indicat
307 2558 474 2625 ditericus
488 2555 717 2623 inchoantium
733 2584 762 2624 o.
784 2557 880 2646 Aug.
894 2557 941 2624 ib.
959 2581 989 2626 ο.
1004 2558 1084 2626 3-7.
1103 2558 1194 2628 Vide
1205 2559 1302 2626 Pelet.

159 2674 200 2743 do
217 2674 285 2741 Deo
303 2668 327 2737 l.
346 2666 532 2751 1.o.7-11;
549 2664 648 2732 Trin.
663 2664 689 2731 l.
705 2663 748 2731 V.
766 2688 795 2732 c.
812 2664 890 2732 1-3.

605 2840 749 2900 'l'HESlS
776 2842 877 2899 XXII.

252 2954 434 3015 lt'e'ott'oort
455 2950 590 3007 dirt'uac‘
615 2958 691 3007 sitiit
714 2953 816 3009 reales·
840 2956 871 3007 et
900 2947 970 3009 ideo
995 2950 1233 3009 substantiales.

215 3122 226 3139 .
244 3094 284 3145 lin
305 3090 391 3141 dit-tit
409 3086 610 3151 consequitur,
631 3086 683 3138 hus
709 3086 826 3139 divinos
847 3087 1003 3139 relationes
1023 3102 1079 3139 non
1100 3087 1191 3139 solnm
1209 3096 1302 3138 emere

167 3210 173 3227 ·
191 3192 303 3251 spot-tus
324 3178 473 3231 secuudum
489 3175 598 3227 modum
612 3175 822 3242 considerandi,
838 3176 886 3227 sed
902 3192 963 3228 esse
977 3178 1129 3227 relationes
1142 3176 1301 3239 reales.me-

164 3302 173 3318 .
192 3290 267 3327 terea
283 3273 293 3321 1
319 3284 387 3321 satit
408 3260 563 3319 roldtioues
579 3266 778 3317 titbctoutiotee
791 3282 839 3318 sen
852 3268 1027 3317 substantioe
1046 3268 1191 3331 relatione,
1210 3262 1300 3335 quirit

163 3372 246 3425 ,tto-o
267 3366 376 3417 uoltum
396 3366 439 3413 ost
462 3354 602 3409 occiduus:
624 3358 640 3406 2
670 3371 718 3407 ess
737 3356 917 3408 considerato
934 3360 1047 3421 oportet
1068 3373 1124 3410 nou
1148 3359 1224 3411 velut
1240 3350 1300 3409 tetii·

164 3488 173 3505 ι
192 3470 265 3513 torci
284 3452 477 3523 otperto-titirus
489 3446 643 3499 cstrntiue.
659 3446 707 3497 sed
723 3454 755 3499 nt
774 3448 864 3513 ipsum
878 3447 1040 3499 realitatem
1054 3450 1197 3501 essentisc
1210 3444 1302 3499 subite

168 3552 257 3605 muti
278 3548 388 3601 rationo
407 3560 438 3593 oc
458 3539 603 3591 iunctione
630 3540 827 3591 relttivorum.
850 3537 929 3602 Quod
955 3543 1109 3605 utrumqne
1137 3552 1171 3592 cx
1198 3536 1302 3591 ccccmo

167 3648 215 3697 αἱ
229 3644 349 3695 'l'tootco
367 3634 548 3689 confirmatur
565 3639 594 3683 ot
613 3631 807 3682 illustratura
1078 3624 1081 3629 '

227 3776 266 3843 si
289 3798 330 3841 ex
354 3765 599 3839 tlemctustrotis
615 3770 650 3832 et
674 3763 879 3831 nominatim
904 3786 946 3831 ex
969 3764 1174 3835 delinitione
1188 3764 1306 3833 Latera·

161 3886 257 3959 ucuoi
282 3884 373 3949 sit-itt
399 3898 468 3945 ttuo
492 3894 695 3941 summates
718 3879 773 3940 est
795 3871 1005 3956 absolutum,
1024 3874 1090 3940 sub
1106 3896 1177 3964 qus
1192 3866 1310 3942 formali

163 3998 294 4067 rotiouo
317 3987 450 4057 dicitur
474 4004 542 4051 utto
565 3980 688 4049 diuina
712 3980 875 4065 essentia,
903 3982 954 4048 ito
977 3982 1083 4048 etiem
1108 3983 1225 4051 eadem
1240 4002 1312 4050 sun·

162 4132 215 4177 uto
239 4128 292 4171 ros
315 4114 366 4167 est
394 4092 601 4171 toltttitmm,
626 4091 690 4157 sub
714 4111 782 4179 quo
806 4088 946 4157 formali
970 4090 1108 4158 ratione
1144 4099 1227 4160 sunt
1257 4096 1316 4159 tro

162 4224 252 4285 iuter
277 4236 311 4277 so
334 4200 519 4283 «intinctu
546 4200 614 4267 iam
638 4203 752 4287 putet,
777 4202 852 4265 tum
885 4197 1026 4265 divinos
1048 4198 1239 4269 relationes
1258 4218 1320 4267 esse

162 4314 411 4393 ‹ubstotttiolos
433 4316 507 4379 tout
532 4304 622 4374 nihil
651 4304 828 4372 realitutis
842 4304 1074 4393 superaddere
1097 4304 1260 4376 infinitae
1281 4326 1323 4374 es·

162 4428 307 4503 wintino.
