3180 4944
841 366 879 382 ..
902 336 963 398 592
985 370 1024 384 -

350 436 505 505 cordobae
528 458 710 529 omnesque
740 439 854 508 sancti
877 440 938 532 qni
960 440 1139 531 prioribus
1161 443 1260 511 suere
1283 438 1521 531 temporibus,

351 542 496 610 eiusdem
517 557 597 610 suat
616 543 770 634 Spiritus
792 546 913 614 Sancti
944 549 1217 638 sanctificatione
1245 550 1458 638 vegetati...
1486 554 1526 615 ut

350 648 468 716 eadem
491 670 623 738 semper
639 649 751 719 fuerit
772 651 892 721 virtus
915 652 1176 739 charismatum,
1202 653 1365 745 quamvis
1388 673 1523 721 nones-

351 754 427 823 dem
450 778 581 845 semper
605 757 717 826 fuerit
738 781 901 827 mensura
922 761 1116 829 donorumn
1142 761 1179 831 S.
1194 761 1264 830 Leo
1277 761 1325 829 Μ.
1350 782 1454 829 serm.
1469 759 1520 827 Π.

351 861 392 930 de
414 863 554 931 Pentec.
568 886 598 932 o.
615 864 648 933 8.
665 866 814 947 Quaerit
835 866 1087 957 Augustinus,
1113 868 1280 961 quomodo
1310 867 1360 936 sit
1391 865 1524 935 intelli·

351 970 523 1058 gendum,
550 972 641 1062 quod
665 971 798 1042 dicitur
820 973 871 1042 Io.
891 974 975 1044 VII.
990 975 1047 1044 99ι
1069 975 1227 1067 Spiritus
1258 973 1412 1044 nondum
1448 978 1526 1041 eret

352 1075 478 1160 datus,
502 1077 585 1168 quia
606 1077 705 1147 Iesus
728 1081 879 1149 nondum
902 1089 979 1151 erat
994 1082 1232 1173 glorificatus?
1250 1081 1460 1164 «Quomodo
1474 1080 1526 1147 in-

352 1182 545 1272 telligitur,
564 1183 634 1253 nisi
651 1185 734 1276 quia
757 1194 853 1256 certa
876 1187 941 1258 ille
957 1189 1114 1280 Spiritus
1126 1188 1248 1260 Sancti
1264 1188 1360 1257 datio
1373 1186 1433 1257 vel
1445 1187 1527 1253 mis-

352 1288 404 1358 sio
426 1297 507 1379 post
526 1290 811 1362 clarificationem
834 1292 971 1363 Christi
994 1297 1118 1365 futura
1139 1302 1242 1380 erat,
1275 1294 1392 1386 qualis
1423 1316 1526 1362 num·

353 1417 454 1486 quam
478 1403 582 1465 antea
605 1399 734 1466 fuerat.
752 1399 872 1491 Neque
895 1399 987 1468 enim
1009 1407 1113 1471 antea
1135 1400 1235 1468 nulla
1264 1404 1365 1484 erat,
1390 1399 1451 1467 sed
1474 1405 1527 1465 ta·

352 1502 399 1570 lis
422 1526 491 1570 non
515 1504 644 1573 fuerat.
661 1504 701 1574 Si
723 1506 814 1573 enim
841 1511 944 1575 antea
968 1505 1126 1597 Spiritus
1153 1506 1306 1575 Sanctus
1328 1528 1397 1573 non
1421 1503 1526 1573 daba-

351 1615 425 1694 tur,
443 1631 510 1701 quo
526 1609 662 1700 impleti
677 1611 790 1681 locuti
814 1619 898 1681 sunt
913 1612 1161 1703 prophetaei...
1181 1635 1260 1682 cum
1283 1618 1320 1682 et
1341 1609 1384 1680 ds
1396 1609 1527 1678 Ioanne

352 1713 517 1804 Baptista
547 1715 680 1785 dictum
711 1718 780 1786 sitr
813 1717 952 1807 Spiritu
987 1717 1115 1787 Sancto
1145 1717 1341 1808 replebitur
1370 1716 1452 1784 inde
1482 1716 1527 1782 ab

353 1825 453 1889 utero
481 1821 605 1888 matris
628 1843 723 1908 suae;
738 1828 774 1891 st
796 1822 934 1912 Spiritu
956 1815 1112 1913 repletus
1127 1822 1318 1891 Zacharias
1334 1827 1435 1912 pater
1449 1820 1527 1890 eius

352 1925 576 1995 invenitur...
601 1934 638 1996 et
661 1928 800 2018 Spiritu
823 1929 952 1999 Sancto
974 1929 1130 1999 Maria...
1150 1929 1290 2020 Spiritu
1314 1928 1445 1998 Sancto
1471 1927 1525 1996 Si·

353 2054 451 2100 meon
474 2039 511 2101 et
536 2032 651 2102 Anna.
677 2061 693 2096 a
719 2035 864 2106 Dieetne
893 2037 1081 2122 Petavius,
1113 2039 1152 2106 in
1182 2036 1238 2105 his
1269 2036 1430 2105 omnibns
1456 2057 1525 2103 non

354 2137 467 2228 ipsam
480 2137 635 2227 intelligi
651 2162 832 2229 personam
848 2142 908 2211 sed
921 2141 1032 2210 solum
1044 2142 1205 2211 effectum
1219 2140 1377 2232 Spiritus
1389 2140 1524 2226 Sancti,

354 2250 391 2314 et
413 2243 451 2312 in
475 2244 532 2314 die
554 2245 775 2315 Pentecostes
796 2248 947 2338 primum
970 2247 1110 2315 missam
1127 2247 1237 2316 fuisse
1252 2245 1393 2315 tandem
1416 2246 1527 2336 ipsam

354 2352 565 2442 personam?
587 2352 640 2421 At
662 2352 890 2441 Augustinus
912 2351 1004 2422 nihil
1026 2353 1127 2424 novit
1149 2353 1191 2422 de
1208 2352 1274 2422 boo
1298 2351 1524 2435 discrimine,

355 2458 414 2528 sed
437 2465 604 2527 memorat
626 2459 726 2529 unice
749 2459 992 2529 diversitatem
1015 2460 1194 2529 donorum:
1223 2459 1329 2526 uilia
1353 2458 1450 2525 datio
1473 2460 1527 2526 cel

262 2580 264 2585 ·
355 2564 495 2632 &natio
512 2565 566 2631 cel
579 2568 695 2632 missio
719 2566 876 2657 Spiritus
900 2566 1023 2636 Sancti
1046 2570 1260 2657 (comparata
1275 2588 1359 2656 ergo
1371 2589 1449 2636 cum
1467 2565 1526 2635 da·

353 2672 508 2740 tionibus
531 2671 588 2741 vel
609 2672 853 2742 donationibus
876 2674 935 2743 vel
958 2673 1181 2742 missionibus
1204 2672 1363 2764 Spiritus
1388 2673 1523 2754 Sancti,

355 2800 442 2869 quae
464 2779 569 2848 etiam
592 2787 696 2849 antea
719 2787 834 2868 erant)
858 2782 1023 2851 habitura
1053 2788 1131 2851 erat
1160 2781 1342 2873 quamdam
1373 2781 1525 2870 proprie-

353 2886 463 2948 tatem
484 2902 581 2950 suam
605 2883 642 2949 in
665 2884 741 2972 ipso
764 2883 942 2967 adventu,
962 2883 1078 2975 qualis
1101 2888 1205 2951 antea
1227 2903 1415 2974 numquam
1440 2882 1524 2968 fuit,

353 3010 524 3079 nusquam
549 2990 641 3058 enim
663 2990 814 3077 legimus
838 2991 984 3079 linguis,
1012 3011 1099 3082 qnas
1122 3010 1191 3057 non
1205 2993 1392 3073 noverant,
1419 2987 1526 3056 homi·

356 3116 417 3163 nes
440 3095 576 3164 locutos
599 3096 762 3165 veniente
786 3097 823 3163 in
846 3119 882 3164 se
906 3096 1047 3186 Spiritu
1071 3096 1210 3180 Sancto,
1237 3096 1330 3164 sicut
1353 3101 1440 3163 tuno
1456 3096 1526 3162 fac·

354 3207 428 3269 tum
452 3209 539 3271 esta
564 3203 659 3291 Aug.
680 3203 779 3271 Trin.
798 3201 862 3272 IV.
888 3227 923 3272 ιι.
942 3204 997 3271 29.
1023 3203 1113 3272 Vide
1136 3201 1311 3270 Athenas.
1341 3202 1379 3269 in
1399 3201 1524 3269 Arian.

356 3327 406 3373 or.
420 3307 484 3374 IV.
503 3307 549 3374 al.
563 3308 607 3375 V.
622 3333 658 3375 n.
673 3309 729 3376 29.
747 3312 862 3400 (quem
887 3310 976 3377 citat
998 3309 1072 3399 ipse
1097 3309 1219 3376 Petav.
1235 3330 1272 3374 ιι.
1288 3306 1321 3374 9.
1340 3314 1377 3376 et
1392 3309 1528 3375 frustra

356 3419 503 3481 conatur
519 3414 590 3482 alio
607 3437 711 3483 sensu
723 3415 926 3504 explicare);
940 3415 1145 3504 Hieronym.
1160 3413 1204 3481 ad
1216 3413 1343 3483 Hedib.
1359 3438 1393 3506 q.
1405 3414 1438 3481 9.
1458 3421 1524 3480 eto.

418 3519 474 3587 Ex
498 3521 664 3590 Patribus
682 3545 828 3613 quorum
842 3522 1052 3591 testimoniis
1070 3520 1238 3590 Petavius
1254 3521 1396 3606 nititur,
1414 3518 1527 3588 Atha·

354 3629 474 3697 nasius
498 3650 547 3697 or.
564 3630 597 3697 2.
613 3636 723 3699 contr.
738 3631 864 3699 Arian.
891 3632 943 3716 (in
967 3631 1019 3699 ed.
1046 3631 1208 3700 Murrina
1232 3653 1284 3698 or.
1299 3628 1329 3696 1.
1346 3653 1381 3698 n.
1396 3629 1454 3697 47.
1469 3628 1523 3696 50.

356 3734 397 3802 Τ.
419 3735 450 3802 Ι.
476 3759 510 3824 p.
536 3735 616 3805 451.
634 3738 754 3824 455.);
781 3737 1052 3827 chrysostomus
1075 3739 1112 3806 in
1135 3738 1216 3807 Act.
1245 3737 1336 3805 hom.
1358 3736 1393 3805 4.
1418 3760 1454 3806 n.
1477 3736 1524 3820 2.;

354 3841 392 3908 in
414 3843 512 3912 Rom.
532 3843 625 3912 hom.
645 3842 699 3913 14.
718 3868 754 3911 n.
783 3845 817 3912 2.
839 3844 899 3931 3.;
924 3845 1149 3934 Augustinus
1170 3845 1209 3912 in
1236 3844 1296 3912 Ps.
1321 3842 1377 3911 81.
1403 3866 1439 3910 n.
1467 3841 1523 3927 1.;

356 3970 458 4016 serm.
472 3950 514 4019 de
538 3957 691 4040 tempore
711 3951 788 4021 126.
809 3951 975 4020 182.185.
996 3952 1071 4044 (qui
1088 3957 1241 4021 ceterum
1264 3972 1437 4020 sermones
1461 3973 1525 4018 om·

354 4075 415 4121 nes
438 4077 530 4123 nunc
554 4063 595 4125 ut
618 4057 731 4146 spurii
754 4059 791 4126 in
815 4057 1039 4148 appendicem
1062 4056 1185 4126 reiecti
1208 4061 1320 4142 sunt)
1343 4054 1437 4123 nihil
1461 4077 1526 4122 om-

356 4159 439 4228 nino
462 4161 561 4231 aliud
584 4163 730 4246 dicunt,
757 4184 860 4254 quam
883 4163 974 4254 quod
998 4162 1171 4253 Spiritum
1196 4161 1366 4231 Sanctum
1390 4183 1459 4228 non
1471 4182 1526 4251 po·

355 4267 487 4337 tuimus
510 4270 663 4360 recipere
693 4270 764 4338 nisi
790 4294 851 4361 per
879 4271 1004 4339 merita
1034 4268 1116 4338 lesu
1138 4267 1298 4354 Christi,
1325 4269 1416 4361 quod
1438 4268 1526 4358 Apo·

355 4376 457 4446 stolis
484 4377 719 4446 abundantius
743 4377 1015 4447 communicatus
1038 4383 1092 4447 est
1109 4398 1212 4470 quem
1226 4375 1423 4468 prophetis,
1440 4374 1526 4467 quod
