3180 4944
879 336 914 351 -
939 305 1001 367 578
1021 338 1060 352 -

385 420 485 482 tatus
512 417 577 482 est.
607 415 658 482 At
682 413 767 481 haee
791 411 906 481 omnia
929 434 997 480 non
1021 412 1190 481 videntur
1212 414 1374 505 probare,
1394 414 1484 505 quod
1504 416 1553 485 vir

385 521 608 589 doctissimus
637 521 706 588 sibi
727 525 969 609 proposuerat.

453 627 554 710 Quod
578 631 613 713 a)
637 627 810 725 Spiritum
834 626 1000 696 Sanctum
1025 628 1062 694 in
1084 628 1184 697 nobis
1207 622 1372 720 ἀυτουργον
1389 628 1551 719 intelligit

386 741 427 804 ut
449 734 723 802 sanctificantem
740 755 802 822 per
817 733 1084 822 applicationem
1099 735 1213 825 ipsius
1226 736 1450 805 substantiae
1465 757 1547 820 suae,

386 844 417 912 is
440 866 509 910 nou
532 841 675 911 videtur
699 863 772 908 esse
796 863 917 910 sensus
933 842 1057 911 saltem
1081 844 1304 914 immediatus
1319 844 1463 934 Cyrilli;
1478 867 1545 911 nam

385 944 559 1041 ἀυτουργεῖν
574 951 638 1016 i.e.
654 948 885 1037 operationem
908 948 1043 1018 virtute
1067 953 1208 1041 propria
1232 952 1378 1042 opponit
1401 951 1545 1041 cyrillus

386 1059 640 1127 haeretieorum
670 1054 808 1144 iuovpyp
838 1077 891 1128 της
922 1079 1068 1149 χαριτος,
1104 1059 1205 1151 quasi
1244 1081 1366 1149 nempe
1405 1057 1543 1148 Spiritus

387 1164 537 1233 Sanetus
568 1171 660 1234 esset
692 1159 803 1228 solum
838 1164 1083 1233 ministerialis
1120 1187 1226 1234 eausa
1259 1165 1412 1253 gratiae.
1447 1164 1541 1231 Multo

385 1271 500 1340 miuus
527 1266 698 1365 ἀυτουργεῑν
735 1267 916 1358 signifieat
949 1270 1262 1340 sanctificationem
1290 1270 1489 1339 distinctam
1507 1269 1540 1334 ab

384 1400 425 1446 ea
447 1379 566 1448 Patris
589 1387 625 1449 et
646 1381 752 1464 Filii,
778 1388 821 1450 ut
843 1381 925 1451 vult
947 1382 1069 1449 Petav.
1090 1403 1119 1448 o.
1136 1379 1169 1446 6.
1189 1403 1224 1447 n.
1241 1379 1275 1446 7.
1303 1380 1335 1465 d)
1369 1376 1466 1460 Quod
1486 1375 1538 1464 Cy·

383 1484 489 1553 rillus
518 1487 556 1553 in
588 1488 766 1556 Thesauro
798 1513 832 1578 p.
855 1488 932 1556 352.
962 1495 998 1556 et
1019 1486 1106 1555 alibi
1136 1486 1212 1571 ait,
1244 1483 1536 1554 sanctificationem

383 1599 540 1662 nostram
567 1618 635 1663 non
666 1618 740 1664 esse
768 1619 832 1689 per
854 1595 997 1686 aliquod
1032 1594 1181 1662 medium
1205 1599 1387 1677 ereetum,
1412 1592 1468 1661 sed
1488 1591 1534 1657 in·

383 1700 531 1768 mediate
554 1723 576 1768 a
598 1702 669 1769 Deo
692 1725 754 1791 per
778 1701 951 1790 Spiritum
975 1701 1142 1769 Sanctum
1165 1722 1228 1768 nos
1251 1698 1487 1782 sanctificari,
1509 1697 1533 1764 id

383 1828 451 1873 non
482 1807 571 1875 dioit
601 1807 637 1874 in
662 1807 917 1897 comparatione
941 1828 1018 1874 eum
1041 1806 1160 1896 gratia
1184 1812 1326 1890 ereata,
1353 1805 1413 1874 sed
1436 1810 1474 1873 ut
1492 1824 1532 1870 ne·

384 1919 445 2002 get
468 1913 640 2003 Spiritum
664 1914 831 1982 Sanctum
861 1935 935 1982 esse
966 1913 1058 1982 inter
1081 1935 1144 1981 nos
1166 1919 1203 1982 et
1224 1913 1336 1981 Deum
1360 1917 1531 2005 creaturan

384 2020 550 2104 mediam,
576 2043 637 2110 per
660 2021 760 2089 euius
783 2020 1016 2089 ministerium
1040 2020 1308 2089 sanctificemur.
1335 2018 1405 2108 (cf.
1430 2021 1528 2088 Peter.

385 2148 414 2193 o.
440 2126 474 2192 4.
500 2149 535 2192 n.
563 2126 647 2212 10.).
686 2130 716 2212 c)
745 2126 845 2209 Quod
876 2127 1045 2196 Patavina
1071 2126 1142 2210 eit,
1171 2149 1214 2195 ex
1241 2126 1403 2196 doetrina
1425 2123 1530 2215 cyrilli

384 2232 556 2325 Spiritum
593 2233 760 2302 Sanctum
798 2264 815 2298 u
839 2234 939 2303 velut
968 2235 1174 2335 qualitatem
1207 2234 1341 2303 sanatis
1375 2234 1526 2316 inesset

382 2365 451 2409 non
483 2347 537 2410 est
571 2363 703 2410 verum.
740 2340 900 2431 Cyrillus
927 2341 1066 2430 saepius
1100 2339 1153 2410 ait
1180 2341 1356 2431 Spiritum
1387 2340 1527 2408 Sanctum

382 2470 456 2517 esse
483 2449 624 2515 «ueluti
646 2447 853 2538 qualitatem
876 2448 972 2513 Dein
999 2447 1131 2534 (Patris
1154 2470 1194 2516 ao
1217 2447 1333 2534 Filii);
1361 2447 1453 2515 sieut
1471 2466 1526 2513 eun

382 2555 569 2646 aliquando
592 2555 749 2645 appellat
779 2554 1013 2643 fragrantiam
1040 2577 1081 2623 ex
1111 2554 1310 2623 substantia
1331 2553 1417 2637 Dei,
1441 2558 1479 2620 ut
1495 2548 1526 2619 ai·

277 2678 281 2685 ·
382 2662 526 2751 gnifioet
549 2663 624 2731 eius
648 2662 870 2732 divinitatem
890 2668 926 2731 st
940 2662 1163 2752 adsignificat
1177 2661 1427 2751 processionem
1441 2681 1478 2726 ae
1491 2655 1525 2722 di·

382 2768 613 2857 stinotionem3
641 2771 700 2838 aed
725 2770 786 2839 vix
802 2775 921 2859 putem
944 2769 1075 2837 alicubi
1099 2768 1229 2836 dixisse
1254 2766 1426 2857 Spiritum
1445 2765 1524 2833 Sauo·

381 2879 456 2941 tum
480 2874 579 2943 velut
602 2877 809 2964 qualitatem
831 2878 869 2940 ia
892 2876 1000 2942 uelis.
1033 2875 1122 2943 Vide
1155 2873 1286 2961 dialog.
1308 2873 1393 2943 VII.
1415 2896 1447 2962 p.
1467 2867 1522 2936 673.

381 2983 473 3070 674.;
500 2983 537 3050 in
560 2983 610 3050 Io.
626 3007 660 3072 p.
680 2983 757 3051 810.
774 2984 852 3050 832.
871 2989 937 3052 eto.
965 2981 1000 3069 d)
1025 2981 1125 3064 Quod
1148 2981 1318 3051 Patavius
1342 3004 1372 3049 a.
1390 2981 1423 3049 4.
1437 3005 1469 3047 n.
1485 2976 1521 3043 lo.

381 3089 444 3174 ait,
460 3091 560 3158 iuxta
572 3090 747 3179 Cyrillum
767 3092 908 3157 «iustos
926 3089 1064 3178 Spiritu
1083 3088 1211 3157 Sancto
1227 3088 1329 3157 velut
1344 3086 1520 3167 inaurarir

380 3203 435 3265 est
470 3199 608 3287 quidem
645 3195 865 3266 verissimum
895 3203 932 3265 et
953 3197 1186 3286 pulcherrime
1217 3195 1350 3265 dietum
1381 3197 1418 3265 in
1447 3212 1522 3262 sensu

380 3325 488 3393 supra
511 3305 689 3393 exposito,
725 3305 905 3372 dummodo
935 3327 1003 3372 non
1033 3302 1259 3392 intelligatur
1288 3303 1425 3393 proprie
1452 3300 1520 3368 diota

374 3409 551 3497 formalia
566 3432 671 3477 eausa
694 3410 956 3480 iustificationis
971 3436 978 3497 ;
1005 3411 1064 3478 sed
1087 3409 1247 3499 Cyrillus
1263 3409 1300 3477 iu
1316 3409 1426 3478 loeoa
1445 3408 1519 3474 Pelo·

381 3517 438 3586 vio
462 3517 570 3585 citato
593 3540 635 3586 ex
659 3518 798 3607 dialogo
821 3519 904 3587 VII.
921 3519 995 3606 (ubi
1008 3523 1123 3586 tamen
1135 3517 1237 3585 illum
1254 3539 1323 3584 non
1336 3517 1458 3606 reperi)
1470 3532 1518 3578 nou

379 3625 467 3693 dicit
484 3647 576 3693 unos
588 3626 750 3693 deaurari
768 3625 904 3715 Spiritu
920 3624 1062 3709 Sancto,
1080 3652 1096 3686 n
1115 3623 1175 3692 aed
1190 3624 1255 3691 ait:
1275 3624 1428 3715 Spiritus
1439 3621 1516 3688 Sano-

378 3739 438 3800 tua
464 3756 552 3800 unos
576 3733 724 3802 deaurat
746 3734 863 3823 qlort'a
881 3734 1120 3821 filiationis.»
