3172 4950
657 395 695 410 -
719 362 777 423 193
799 395 837 409 -

188 466 299 556 [etiam
320 466 460 539 inducit
481 467 818 561 interpretationem.
837 466 896 537 Sis
912 465 1003 536 euim
1020 464 1085 535 hoo
1100 463 1255 534 Verbum
1271 463 1337 533 Dei

188 575 406 645 temonstrars
427 582 606 669 tamquam
630 575 721 670 quod
744 580 822 644 erat
843 597 866 642 a
888 573 1062 665 principio
1093 577 1130 641 et
1160 594 1253 641 nuno
1283 577 1338 641 est

188 683 329 769 marum,
355 689 477 774 poetas
498 683 537 752 in
561 683 778 774 Apocalypsi
801 681 905 751 dixit:
932 687 968 751 et
995 678 1072 750 vidi
1089 679 1222 749 eoelum
1238 701 1336 770 aper·

188 813 283 860 um...
306 796 344 860 et
374 791 528 862 vestitus
554 796 633 861 erat
655 797 752 861 veste
781 811 924 880 aspersa
955 787 1127 878 sanguine
1150 792 1187 855 et
1216 809 1338 856 nomen

188 897 241 966 ins
259 898 417 968 Verbum
439 897 546 968 Dei...
562 897 735 967 Similiter
757 898 798 966 B.
818 895 951 965 Paulus
973 896 1049 964 ait:
1080 895 1175 963 Deus
1205 893 1338 964 Filium

188 1027 266 1074 uum
279 1004 423 1074 mittens
435 1004 472 1073 in
484 1004 716 1074 similitudine
733 1003 849 1073 earnis
861 1002 995 1093 peeeati
1012 1001 1231 1089 (Remum.
1241 1001 1335 1086 3.)...

188 1110 311 1194 dualem
334 1110 451 1201 igitur
471 1109 606 1180 Filium
629 1132 730 1180 suum
754 1110 848 1179 Deus
878 1132 940 1200 per
970 1131 1107 1178 carnem
1139 1109 1238 1177 misit
1267 1108 1338 1176 nisi

188 1217 335 1288 Verbum?
358 1217 450 1311 quod
470 1217 604 1288 Filium
626 1218 781 1303 vocavit,
800 1219 884 1310 quia
899 1224 977 1288 erat
988 1218 1205 1287 naseiturum
1224 1216 1338 1303 (homo

188 1349 214 1396 u
231 1326 408 1419 Virgine).
433 1326 483 1396 Et
505 1327 587 1397 dum
610 1327 727 1397 Filius
744 1333 902 1412 vocatur,
919 1349 1095 1396 commune
1112 1347 1233 1394 nomen
1247 1346 1338 1392 emo·

188 1433 324 1524 riserga
345 1432 503 1503 homines
525 1434 686 1503 assumit.
711 1433 784 1504 Neo
802 1433 893 1503 enim
915 1432 1067 1501 Verbum
1085 1431 1159 1499 sine
1183 1452 1287 1499 earne
1303 1433 1340 1499 et

188 1562 231 1631 per
249 1563 285 1611 se
306 1541 486 1632 perfectus
507 1540 624 1610 Filius
647 1546 744 1627 erat,
763 1540 924 1633 quamvis
939 1545 1032 1608 esset
1047 1540 1240 1629 perfeetum
1252 1536 1338 1607 Ver-

188 1648 260 1735 bum,
282 1647 509 1739 Unigenitus.
533 1648 654 1742 Neque
678 1670 758 1718 caro
780 1671 842 1739 per
865 1672 902 1717 se
926 1670 1080 1717 seorsum
1096 1639 1249 1715 aVerbo
1262 1645 1340 1714 sub·

190 1753 289 1827 uere
309 1761 471 1848 poterat,
496 1756 580 1858 qnia
597 1755 703 1825 babet
717 1756 981 1825 subsistentiam
997 1755 1035 1822 in
1051 1754 1177 1824 Verbo.
1197 1752 1257 1822 Sio
1271 1752 1339 1843 igi·

191 1866 232 1932 tu·
249 1864 425 1954 perfectus
448 1885 539 1932 unus
562 1862 678 1933 Filius
694 1863 761 1933 Dei
775 1861 1023 1932 manifestatus
1039 1868 1104 1931 est.
1119 1863 1237 1954 Atque
1254 1859 1341 1930 baec

193 1969 303 2060 quidem
326 1976 414 2041 sunt
436 1969 479 2040 de
501 1970 749 2040 Inoarnatione
771 1970 880 2041 Verbi
903 1969 1146 2040 testimonia...
1165 1968 1216 2037 De
1232 1966 1340 2038 Verbi

192 2082 283 2145 uem
305 2076 531 2168 generatione
547 2077 699 2170 quaeris,
719 2077 808 2170 quod
825 2077 946 2147 volens
961 2077 1069 2147 Pater
1092 2077 1230 2168 genuit,
1250 2075 1343 2144 siout

192 2183 322 2255 uiuit...
349 2183 463 2278 Atqui
486 2185 743 2275 generationem
774 2185 850 2254 eius
881 2186 1069 2255 secundum
1104 2207 1241 2255 carnem
1272 2205 1340 2253 non

188 2287 327 2377 fini-ibus
350 2314 455 2385 quam
476 2293 610 2362 duobus
634 2291 892 2383 (Evangelistie
914 2292 1041 2364 Mattb.
1057 2299 1093 2362 et
1114 2291 1219 2375 Luc.)
1242 2311 1341 2358 enar·

188 2414 247 2469 rere
267 2398 504 2469 concreditum
527 2405 601 2484 est,
626 2405 663 2469 et
684 2405 726 2469 tu
749 2400 856 2470 andes
879 2399 1138 2491 generationem
1153 2396 1341 2466 seeundum

188 2506 331 2596 'piritum
350 2505 551 2594 (seeundum
567 2506 806 2597 divinitatem)
824 2507 988 2592 scrutari,
1008 2528 1111 2598 qnam
1127 2507 1233 2575 Pater
1249 2502 1342 2594 apud

188 2632 209 2737 ¹⁶.
227 2619 349 2787 serqat
369 2613 591 2684 revelaturus
614 2614 778 2703 Sanctis,
804 2610 865 2709 qui
888 2615 989 2706 digni
1003 2620 1109 2684 erunt
1125 2612 1250 2683 faciem
1266 2610 1342 2680 eius

249 2742 287 2789 1'0
330 2746 348 2782 ἦ

188 2720 348 2898 minem
370 2826 429 2897 bio
452 2825 667 2897 considerari
690 2826 791 2897 debet
813 2827 850 2895 iu
883 2822 1139 2916 comparatione
1162 2846 1241 2892 oum
1263 2822 1342 2893 doo-

188 2934 265 3005 bins
286 2932 611 3004 monarchianorum
634 2933 786 3022 (Noeti‚
813 2932 983 3018 Sabellii,
1008 2932 1163 3002 Praxeae
1176 2935 1213 3018 ),
1239 2952 1342 3023 quam
1428 3011 1432 3017 .

188 3036 364 3135 brpnguat.
391 3042 499 3111 iuxta
521 3064 640 3113 eorum
670 3041 865 3115 doctrinam
888 3042 1041 3111 Verbum
1067 3040 1105 3108 in
1128 3040 1200 3108 Deo
1237 3036 1344 3128 (λογος

188 3141 351 3241 aanor)
376 3171 446 3218 non
467 3154 522 3219 est
543 3171 690 3240 persona
713 3149 882 3219 distincta
913 3150 956 3217 ab
987 3171 1047 3233 eo,
1081 3146 1181 3216 euius
1210 3146 1343 3215 dicitnr

189 3248 346 3344 Verbum,
371 3257 433 3328 sed
454 3256 675 3326 adtributum
698 3256 918 3345 absolutum3
945 3256 1098 3326 Verbum
1126 3259 1241 3322 autem
1264 3276 1343 3344 pro-

193 3356 329 3432 btitium
356 3358 464 3452 (λογος
492 3361 685 3458 προφορικος)
712 3370 766 3435 est
787 3365 940 3435 Verbum
972 3363 1039 3432 Dei
1070 3383 1221 3445 sonans,
1255 3372 1344 3430 caer

196 3467 324 3538 deusne
347 3468 588 3561 intelligibilis
611 3471 738 3540 auditu
762 3498 778 3534 n
805 3470 913 3561 (apud
939 3469 1091 3538 Tertull.
1119 3472 1212 3537 cont.
1235 3466 1342 3535 Prax.

197 3576 280 3664 ti),
304 3579 364 3650 vel
386 3578 480 3648 sotio
502 3577 678 3647 transiens
700 3577 738 3645 iu
762 3576 947 3646 creaturis.
973 3575 1050 3645 Nou
1084 3598 1167 3667 ergo
1190 3577 1343 3646 Verbum

197 3676 390 3757 barbatum
413 3691 469 3755 est
490 3686 551 3755 sed
573 3706 721 3776 persona
743 3685 890 3768 divina,
917 3705 1006 3775 quae
1029 3690 1085 3753 est
1115 3683 1221 3754 uuioa
1252 3684 1346 3752 siout

199 3806 265 3863 roua
286 3800 341 3864 est
362 3795 470 3864 Deus.
490 3794 586 3864 Haeo
617 3815 764 3884 persona
787 3799 878 3861 ‘ante
906 3792 1182 3861 incarnationem
1213 3791 1344 3861 dieitur

197 3890 300 3988 Pater,
324 3924 389 3995 per
410 3901 685 3971 incarnationem
709 3900 795 3970 fecit
817 3900 983 3990 seipsum
1001 3898 1069 3968 sibi
1084 3897 1229 3967 Filium.
1243 3898 1344 3967 Chri-

198 4006 254 4077 ttue
272 4009 387 4101 igitur
402 4015 459 4080 est
471 4009 593 4102 ntique
608 4007 725 4078 Filius
741 4007 807 4076 Dei
824 4013 861 4077 et
875 4011 930 4076 est
944 4027 1102 4096 persona,
1121 4011 1163 4075 ut
1178 4029 1221 4075 ex
1238 4006 1344 4075 omni-

197 4106 244 4182 bu
261 4115 458 4208 seripturis
479 4116 686 4207 praesertim
713 4115 798 4185 novi
822 4114 1038 4184 Testamenti
1070 4118 1124 4182 est
1154 4113 1344 4183 evidentis·

196 4216 309 4293 tinum.
323 4224 411 4293 (ium
435 4245 518 4294 vero
540 4229 752 4314 urgerentur
774 4245 796 4291 a
818 4222 1021 4308 Catholicis,
1040 4220 1132 4314 quod
1146 4244 1215 4290 non
1231 4221 1346 4290 minus

195 4325 354 4401 tuimur
376 4329 539 4399 Christus
561 4329 679 4399 Filius
694 4330 760 4399 Dei
776 4329 904 4400 missus
920 4353 956 4399 se
972 4328 1165 4419 distinguit
1180 4332 1222 4396 ut
1237 4327 1344 4395 alium

192 4433 321 4507 ⁸Patrs
341 4436 527 4525 mittente,
552 4439 739 4527 confugere
770 4438 984 4528 cogebantur
1015 4435 1060 4506 ad
1088 4433 1346 4505 distinctionem
