3172 4950
720 365 758 380 -
781 333 840 396 107
861 364 898 378 -

230 458 248 503 a
267 434 367 505 Patre
389 459 540 528 persona
570 436 778 509 distinctum
802 440 864 526 (1).
890 439 964 508 Hoc
995 443 1110 507 autem
1134 460 1173 507 eo
1196 437 1400 508 evidentius

229 549 274 612 est
283 551 541 634 argumentum,
556 568 661 639 quam
673 545 873 616 indubitata
889 552 924 615 et
939 544 1129 615 communis
1146 545 1259 614 fuerit
1275 545 1317 614 de
1333 545 1399 616 hao

230 653 476 743 significatione
492 655 741 727 distinctarum
752 678 980 747 personarum
992 654 1183 745 persuasio,
1195 655 1298 748 quod,
1313 655 1397 724 dum

230 761 344 830 Amani
369 763 408 832 in
423 762 489 833 hoc
504 763 581 855 ipso
598 763 673 835 loeo
688 765 869 834 intellecto
886 765 927 833 de
944 765 1013 834 Dei
1029 763 1125 833 Filio
1142 762 1299 832 columen
1315 785 1399 833 suae

230 870 379 940 haeresos
402 873 674 958 constituebant,
699 874 823 943 Patres
847 873 1076 943 nihilominus
1098 873 1303 943 relationem
1320 895 1397 944 ver·

231 978 337 1046 borum
353 978 399 1048 ad
415 978 548 1049 Filium
562 980 630 1049 Dei
644 987 844 1050 constanter
860 981 1070 1068 retinebant;
1090 982 1150 1051 sed
1167 981 1398 1050 confutabant

231 1107 336 1154 eorum
357 1085 684 1178 interpretationem
699 1088 742 1158 de
758 1087 934 1158 creatione
956 1088 1056 1157 Filii.
1075 1087 1171 1156 Illud
1187 1086 1279 1157 enim
1298 1087 1395 1156 «Do-

232 1194 333 1263 minus
345 1194 503 1287 possedit
515 1219 568 1266 me
582 1224 598 1259 n
613 1196 741 1266 Ariani
753 1197 930 1288 legebant:
945 1218 1043 1288 κυριις
1060 1191 1160 1260 ἔκτισε
1178 1220 1214 1283 με
1227 1196 1397 1265 Dominus

232 1303 354 1373 munit
376 1327 441 1390 me,
459 1309 502 1373 ut
517 1304 631 1374 adhuc
654 1329 747 1375 nunc
770 1311 824 1374 est
848 1305 885 1373 in
901 1303 1060 1375 versione
1078 1326 1216 1394 graeca,
1234 1311 1270 1374 et
1284 1303 1321 1373 in
1346 1305 1395 1372 la·

234 1408 298 1476 tina
320 1411 434 1480 veteri
457 1411 569 1482 fuisse
584 1435 627 1481 ex
649 1412 815 1482 Patribus
840 1418 977 1481 constat
995 1411 1082 1499 (vid.
1106 1411 1294 1497 Sabatier),
1314 1410 1394 1480 hoc·

231 1541 286 1608 que
296 1518 337 1587 de
353 1519 493 1611 proprie
509 1520 605 1590 dicta
621 1521 795 1590 creatione
819 1520 908 1589 Filii
925 1518 1183 1609 intelligebant.
1204 1519 1396 1589 Patrensis

231 1624 313 1694 ultro
329 1627 575 1714 concedebant,
590 1651 664 1699 esse
687 1628 723 1696 h.
739 1629 765 1697 1.
784 1650 972 1698 sermonem
997 1627 1038 1696 ds
1061 1626 1155 1696 Filio
1167 1627 1246 1711 Dei,
1262 1627 1322 1696 sed
1337 1648 1396 1696 ne·

232 1734 508 1823 gabantVerbum
520 1735 756 1806 dicioreatum
775 1737 916 1828 proprio
930 1758 1045 1805 sensu.
1060 1735 1129 1805 Vel
1149 1736 1240 1804 enim
1256 1758 1298 1804 ex
1311 1734 1395 1804 aliie

231 1839 471 1932 interpretibus
491 1844 730 1930 ostendebant,
749 1867 812 1935 pro
831 1841 929 1908 ἔκτισε
948 1844 1135 1935 legendum
1157 1845 1395 1914 essedariorum

235 1949 405 2037 apossedit
426 1975 514 2020 meo
545 1954 618 2041 (cf.
637 1952 748 2022 Basil.
768 1960 881 2022 contr.
900 1953 1047 2021 Euhom.
1065 1953 1092 2022 l.
1110 1953 1160 2021 11.
1180 1977 1215 2021 n.
1234 1952 1304 2038 ΞΟ)
1329 1954 1392 2041 (2);

234 2054 281 2123 vel
301 2056 454 2144 aiebant,
479 2059 524 2129 ad
548 2059 814 2150 significandam
830 2061 1088 2150 generationem
1112 2060 1220 2130 Verbi
1244 2082 1265 2128 a
1287 2061 1393 2131 Patre

291 2290 330 2366 (1)
347 2297 464 2351 Patruus
492 2313 647 2353 consensus
674 2300 817 2355 immerito
843 2301 875 2355 ln
898 2300 1015 2355 dubium
1042 2303 1160 2355 vocetur
1186 2315 1221 2354 ex
1240 2301 1297 2367 iis,
1320 2316 1392 2367 quas

236 2381 308 2438 labat
323 2386 439 2453 Gregor.
460 2390 530 2442 Nae.
543 2405 585 2444 or.
597 2390 632 2443 30
644 2386 697 2463 (al.
711 2387 760 2462 36)
778 2406 807 2444 n.
822 2393 849 2444 2.
870 2395 900 2444 et
916 2390 1099 2456 Augustinus
1113 2406 1196 2444 serm.
1211 2390 1246 2445 58
1258 2389 1292 2443 de
1311 2390 1391 2445 verb.

235 2472 340 2544 Domui,
359 2476 397 2530 ad
424 2493 495 2545 quos
523 2480 660 2533 Petavins
690 2481 819 2548 appellat
839 2476 1151 2553 (1.11.e.1.n.9.10).
1172 2480 1326 2545 Gregorius
1351 2480 1395 2533 ait

235 2564 339 2632 qudem,
359 2567 475 2636 aliquos
495 2573 561 2623 ante
580 2585 659 2623 snam
678 2572 801 2624 aetatem
820 2571 917 2624 verba:
932 2570 1094 2624 «Dominus
1114 2570 1225 2624 creavit
1243 2585 1286 2623 me
1298 2590 1322 2637 n,
1337 2585 1392 2623 uon

235 2649 259 2703 de
274 2653 344 2708 Filio
362 2655 413 2710 aad
432 2655 467 2710 de
486 2658 631 2724 sapientia
649 2660 793 2713 relucente
818 2658 849 2712 in
877 2658 961 2712 rebus
985 2659 1089 2713 creatis
1115 2657 1319 2724 intellexisse,
1341 2657 1391 2711 sed

235 2738 264 2793 1⁰.
279 2742 335 2811 ipse
353 2744 427 2800 hauc
446 2747 609 2814 opinionem
628 2749 742 2815 reiicit;
763 2745 802 2804 2⁰.
824 2764 879 2802 non
894 2751 1008 2803 constat
1025 2748 1104 2815 illos,
1118 2763 1188 2815 quos
1207 2746 1327 2814 indicat,
1344 2764 1391 2801 se·

234 2832 455 2890 tumescentem
468 2837 559 2891 locum
574 2841 603 2890 at
612 2854 669 2892 non
683 2841 745 2892 sola
759 2839 848 2892 verba
869 2838 1029 2893 aDominus
1042 2839 1153 2893 ereav1t
1166 2854 1231 2891 men
1252 2838 1388 2892 retulisse

233 2919 259 2973 ad
273 2927 443 2995 sapientiam
460 2932 594 2995 creatam,
614 2930 655 2982 3⁰.
675 2945 732 2984 nou
752 2932 883 2996 constat,
905 2932 956 2997 qui
970 2931 1098 2985 homines
1118 2933 1148 2983 et
1166 2931 1247 2985 cuius
1267 2931 1390 2986 auctori·

232 3014 288 3069 istis
304 3017 351 3070 illi
369 3018 500 3086 tuerint;
519 3004 612 3074 retest
629 3021 705 3074 enim
725 3021 879 3086 Gregorius
898 3022 972 3076 hanc
989 3022 1161 3076 sententiam
1174 3037 1232 3076 una
1251 3038 1312 3075 cum
1332 3023 1392 3076 alia

230 3105 322 3161 notarie
336 3109 530 3162 recusantium
541 3108 693 3163 admittere
704 3109 835 3164 divinam
845 3111 1046 3165 auctoritatem
1057 3112 1207 3165 verborum
1217 3112 1390 3179 Salomonis,

229 3197 266 3261 qul
277 3212 356 3252 error
364 3203 466 3267 postea
475 3199 506 3252 in
521 3199 603 3254 Gonc.
616 3202 651 3255 V.
660 3199 807 3255 Theodoro
820 3203 1020 3270 Mopsuesteno
1035 3202 1197 3269 synchrono
1217 3204 1307 3257 aetati
1321 3203 1388 3257 Gre-

226 3288 286 3349 retii
304 3289 479 3357 exprobatns
499 3292 553 3343 est.
568 3288 605 3343 At
625 3306 718 3344 nonne
730 3291 912 3357 Augustinus
925 3293 976 3345 l.c.
990 3295 1123 3360 testatur,
1143 3313 1156 3340 ι
1168 3294 1274 3347 multos
1287 3292 1391 3347 doctis.

224 3376 296 3432 aines
315 3381 396 3434 siros
411 3401 425 3428 n
446 3381 538 3434 locum
558 3380 740 3434 intellexisse
764 3380 798 3435 de
823 3380 967 3450 sapientia
985 3387 1102 3449 creata,
1126 3397 1236 3450 uquam
1259 3383 1391 3437 Salomon

222 3468 248 3522 sd
264 3469 451 3524 iudicandum
469 3469 679 3539 regendumque
697 3472 833 3539 populum
852 3475 1000 3539 acceperat
1014 3474 1044 3525 nt
1059 3473 1284 3540 Respondemus:
1301 3489 1391 3528 sermo

219 3555 261 3612 lile
279 3577 337 3614 uon
358 3563 404 3613 est
421 3560 579 3626 Augustini
599 3560 648 3614 sed
667 3561 761 3626 ignoti
776 3562 903 3616 auctoris
921 3560 979 3636 (sd.
991 3563 1082 3616 htaur.
1093 3562 1124 3614 in
1135 3546 1298 3630 Appendice
1310 3560 1387 3634 246).

217 3645 277 3702 lum
294 3649 485 3717 proterantur
507 3663 611 3716 quaeso
630 3648 790 3704 doctissimi
816 3651 865 3703 illi
892 3650 950 3705 viri
977 3666 1012 3704 ax
1034 3651 1171 3705 Patribus
1198 3651 1387 3721 orthodoxis,

215 3754 326 3807 qromm
354 3740 456 3795 nullus
475 3739 589 3793 ostendi
608 3742 704 3807 potest
727 3743 838 3793 textum
862 3740 1005 3806 integrum
1032 3757 1064 3795 eo
1088 3739 1168 3794 modo
1193 3741 1388 3796 intellexisse.

213 3827 310 3883 lerum
339 3843 483 3896 repones,
504 3842 596 3880 nonne
624 3827 822 3895 Athanasius,
842 3828 1043 3897 Epiphanius,
1065 3830 1212 3894 Basilius,
1234 3830 1390 3895 Gregorius

211 3916 356 3986 liyesenns
376 3921 407 3971 et
423 3917 633 3984 Nemausense,
654 3917 784 3985 Gyrillus
802 3918 875 3972 locist
892 3918 1031 3974 indicatis
1045 3936 1062 3973 a
1074 3921 1194 3975 Patauio
1214 3914 1400 3997 (1.ο.ιι.11)’
1473 3911 1476 3917 ’

210 4015 345 4076 nonant,
370 4009 402 4062 iu
422 4009 498 4062 libro
517 4008 736 4062 Proverbiorum
756 4010 847 4062 multa
865 4024 921 4063 non
935 4009 1019 4064 obvio
1033 4009 1082 4063 sed
1102 4011 1225 4076 figurato
1245 4026 1331 4066 sensu
1344 4029 1387 4066 ae·

207 4100 262 4167 cipi
281 4099 439 4167 oporteret
457 4097 565 4164 Utique
583 4096 614 4150 id
633 4100 758 4165 monent,
774 4097 824 4152 sed
837 4099 881 4152 ita
899 4103 932 4151 ut
950 4100 1039 4153 verba
1053 4100 1118 4168 ipsa
1133 4119 1145 4148 a
1159 4099 1297 4154 Dominus
1311 4116 1385 4156 crea·

207 4191 250 4242 sit
268 4206 311 4243 me
324 4210 338 4238 n
360 4188 398 4242 ad
416 4189 526 4242 Filium
545 4189 598 4242 Dei
616 4188 753 4256 referant,
777 4188 961 4258 doceantque,
978 4191 1096 4244 verbum
1115 4190 1232 4245 creandi
1252 4190 1281 4243 h.
1294 4192 1315 4243 1.
1331 4206 1387 4253 non

206 4295 286 4347 posse
306 4279 400 4347 accipi
419 4278 453 4332 de
473 4279 616 4333 creatione
635 4278 750 4348 proprie
770 4278 847 4334 diota
864 4280 936 4333 Filii
957 4282 1020 4336 Dei.

274 4367 319 4442 (2)
339 4373 433 4442 Κυριις
448 4370 581 4428 inserere
593 4391 627 4441 με
642 4369 790 4425 habehant
804 4370 951 4426 versiones
960 4370 1094 4441 Aquilae,
1107 4370 1278 4440 symmachi,
1298 4369 1386 4425 'ihes-

205 4457 333 4516 dsticnis
343 4458 419 4534 (sid.
433 4459 565 4530 Hexapla
577 4456 679 4532 orig.)
