3172 4950
709 331 748 348 -
772 300 831 364 179
851 334 890 351 -

204 403 442 494 describitur,
467 426 574 500 qnam
606 411 723 477 mmen
750 407 800 477 aio
832 407 1006 478 conditam
1037 407 1146 494 dieit,
1180 416 1222 480 ut
1250 432 1384 501 semper

207 534 281 584 eam
302 536 383 584 oum
405 512 479 584 Deo
501 515 612 585 faisse
635 516 904 586 demonstret...
922 518 999 587 Nou
1023 518 1114 587 enim
1132 518 1184 587 ita
1206 520 1302 589 Deus
1320 520 1382 588 Sa·

210 621 498 714 pientiamsuam
529 624 708 712 uendidit,
740 625 842 718 quasi
871 626 1061 719 aliquando
1092 628 1167 696 sine
1201 627 1384 718 Sapientia

214 729 343 818 tuerit3
367 729 430 800 aed
452 753 530 800 eum
547 732 688 802 initium
713 733 852 803 viarum
869 756 1012 803 suarum
1029 733 1137 819 dieat,
1158 736 1300 800 initium
1316 759 1383 801 mo·

219 851 266 906 tu
287 843 399 929 operia
421 840 573 908 alieuius
595 840 756 924 ostendit,
781 856 821 908 ut
845 843 904 909 too
927 845 1069 908 initium
1093 843 1217 910 tabeat
1240 844 1383 933 Sapien-

222 948 267 1015 tia
287 947 376 1030 Dei,
401 946 493 1041 qaod
515 946 557 1017 de
578 950 649 1017 Deo
671 953 835 1040 prooessit
858 949 905 1018 ad
920 951 1067 1019 creanda
1083 954 1198 1018 omnia
1221 958 1291 1020 tam
1311 974 1384 1022 eoe-

222 1053 315 1126 lestia
336 1077 441 1150 quam
461 1064 614 1142 terrena,
635 1080 704 1127 non
728 1060 894 1151 quomodo
918 1061 1037 1147 (forta
1064 1059 1155 1152 quod
1178 1059 1292 1144 modo)
1309 1082 1383 1129 eoe-

224 1163 269 1257 pit
286 1185 370 1234 esse.
386 1165 449 1234 Ita
480 1182 596 1234 ereata
628 1181 677 1234 eet
700 1167 896 1258 Sapientia,
923 1171 989 1233 imo
1020 1171 1163 1258 penita,
1188 1192 1256 1233 non
1289 1169 1382 1250 sibi,

227 1273 297 1365 puio
316 1296 444 1361 semper
467 1288 554 1356 erat,
570 1273 627 1342 red
651 1275 705 1342 eo
727 1299 816 1368 qaue
839 1276 882 1342 ab
905 1299 944 1342 ea
961 1278 1045 1364 fieri
1068 1274 1290 1364 oportebat.»
1316 1275 1384 1345 His

228 1379 286 1450 aa
305 1380 444 1471 gemina
466 1379 572 1450 habet
593 1381 687 1451 Zeno
710 1382 922 1454 Veronensis
946 1381 1250 1452 1.11.traet.1v.
1277 1389 1314 1452 et
1334 1381 1381 1453 V.

228 1484 314 1574 (Vide
333 1487 548 1558 Ballerinios
570 1488 608 1558 iu
631 1489 718 1581 Opp.
734 1490 770 1560 S.
789 1490 939 1559 Zenonis
950 1490 1130 1559 dissertat.
1149 1489 1199 1557 11.
1215 1513 1245 1558 o.
1261 1489 1324 1577 1.).

279 1593 338 1665 IV.
356 1595 513 1666 Ultimae
536 1598 657 1667 modus
680 1596 896 1689 concipiendi
919 1605 957 1667 et
979 1597 1155 1690 loquendi,
1175 1619 1272 1689 quem
1290 1596 1383 1688 apud

230 1700 331 1774 Patres
352 1706 599 1776 antenioaenos
621 1706 853 1797 explicatione
868 1706 1027 1796 indigere
1043 1706 1209 1790 diximus,
1230 1705 1385 1795 pertinet

232 1810 436 1882 edvisibilee
458 1814 696 1905 apparitiones
718 1813 827 1884 Verbi
851 1821 887 1885 et
909 1814 953 1883 ad
978 1815 1295 1884 manifestationem
1317 1814 1383 1882 Pe·

232 1918 283 1988 tris
301 1943 360 2012 per
382 1920 528 1990 Filium.
543 1921 720 1991 Videntur
742 1923 834 1992 enim
859 1923 1020 2007 sensisse,
1038 1922 1148 1991 Deum
1171 1922 1311 1991 Patrem
1328 1943 1382 1990 ra·

233 2024 304 2096 b'one
324 2050 408 2098 auae
431 2028 638 2099 eminentiae
653 2039 690 2100 et
704 2051 787 2099 suae
810 2029 1057 2100 immensitatis
1080 2052 1266 2123 numquam
1283 2051 1383 2121 posse

233 2152 376 2227 apparere
397 2158 460 2227 per
482 2158 519 2205 ee
541 2137 675 2229 ipsum,
704 2138 838 2207 Filium
869 2146 986 2207 autem
1009 2161 1108 2229 posse
1131 2160 1320 2229 apparere,
1347 2144 1400 2209 et·

233 2241 258 2312 in
275 2241 325 2313 bis
340 2245 416 2314 suis
431 2246 711 2337 apparitionibus
725 2270 799 2317 esee
816 2246 1062 2340 quodammodo
1079 2248 1384 2338 circumscriptum

233 2345 307 2440 loeo,
331 2353 485 2447 adeoque
507 2354 647 2423 Patrem
670 2376 745 2424 ease
768 2362 897 2424 nature
920 2362 985 2423 sua
1000 2353 1232 2438 invisibilem,
1249 2353 1383 2423 Filium

234 2467 476 2531 annotasse
498 2469 563 2532 aut
584 2484 684 2553 posse
708 2462 787 2531 fieri
810 2462 1009 2548 visibilem,
1036 2469 1073 2532 et
1104 2464 1154 2532 sie
1178 2483 1199 2529 a
1220 2460 1315 2530 Filio
1343 2462 1382 2531 in

233 2585 277 2637 na
295 2592 441 2661 persona
463 2577 500 2640 et
514 2593 576 2662 per
599 2593 697 2643 suam
720 2593 901 2663 personam
918 2573 1048 2641 factam
1073 2571 1248 2640 visibilem
1272 2568 1380 2637 homi-

232 2673 310 2746 nibus
332 2677 554 2747 manifestari
575 2677 718 2748 Patrem
741 2677 969 2748 invisibilem.
986 2677 1040 2748 Ex
1058 2700 1127 2771 qua
1144 2678 1302 2747 doctrine
1319 2676 1381 2745 Pe·

231 2782 326 2855 brine
349 2792 386 2855 et
408 2808 501 2855 nunu
523 2785 652 2855 iterum
674 2786 883 2856 recentiores
907 2786 1047 2878 quidum
1073 2784 1297 2869 concludunt,
1323 2805 1381 2852 ve·

231 2893 321 2962 batos
343 2893 427 2963 illos
449 2893 609 2964 doctores
631 2905 773 2986 putasse
787 2894 920 2963 Filium
944 2902 1073 2964 naturt
1097 2894 1296 2964 inferiorem
1318 2893 1383 2961 Pe·

231 3000 278 3085 tre,
293 3001 349 3072 vel
365 3010 459 3072 uerte
482 3003 656 3072 unitatem
677 3003 860 3072 naturae
850 3026 888 3072 ιιι
911 3002 1093 3073 distinctis
1116 3008 1274 3094 personis
1298 3023 1381 3071 non·

232 3101 289 3178 lem
310 3110 541 3182 intellexisse.

278 3216 417 3290 Samma
439 3219 619 3290 doetrinae
643 3219 762 3290 eadem
784 3224 841 3289 est
865 3218 958 3310 apud
980 3217 1155 3289 Iustinum
1181 3217 1332 3310 Apolog.
1346 3216 1380 3287 1.

232 3323 327 3414 noa,
357 3325 498 3418 Dialog.
518 3327 727 3415 n.60.127;
753 3326 937 3399 Irenaeum
960 3327 985 3398 l.
1012 3327 1076 3398 IV.
1096 3351 1127 3398 o.
1147 3329 1179 3396 6.
1198 3352 1233 3397 n.
1250 3328 1284 3395 3.
1298 3326 1378 3414 a-7;

233 3430 308 3504 uro.
322 3457 358 3504 ιι.
374 3435 410 3504 4.
428 3436 462 3503 5.
482 3433 536 3503 11.
554 3459 563 3521 ς
590 3433 823 3526 Theophilum
845 3434 1011 3504 Antioeh.
1030 3435 1074 3504 ad
1090 3437 1260 3525 Autolye.
1283 3433 1309 3503 l.
1327 3430 1379 3500 11.

232 3537 311 3610 nte.
328 3566 336 3584 ·
329 3541 573 3631 ,Clementem
594 3541 768 3613 Alexand.
795 3544 863 3630 (ed.
881 3543 984 3612 Paris
1008 3543 1110 3631 1641)
1129 3544 1279 3634 Paedag
1306 3542 1331 3611 l.
1347 3542 1379 3614 1.

233 3645 322 3739 alp
326 3647 535 3718 .110..111
527 3647 954 3741 ,....astrumllvpaet
947 3648 1154 3741 ,Vmpbb23
1174 3649 1378 3739 VI...p643

234 3744 301 3843 111;
292 3755 395 3826 ·VII.
411 3781 446 3847 p.
461 3755 555 3843 733,
576 3756 837 3826 Tertullianum
860 3768 981 3827 eontra
993 3758 1097 3829 Prax
1118 3781 1147 3828 s.
1165 3757 1221 3827 14
1226 3759 1295 3826 16
1288 3758 1382 3848 ,No-

234 3864 388 3935 tatiauum
411 3864 454 3934 de
478 3864 579 3934 Tria.
594 3887 625 3934 e.
640 3864 697 3934 25.
717 3865 774 3935 26.

278 3970 347 4042 Iam
371 3972 521 4042 verul
547 3995 785 4043 nemoeorum
809 3972 923 4058 dieit,
948 3972 1082 4043 Filium
1114 3995 1188 4045 esse
1218 3981 1282 4045 aut
1306 3975 1392 4047 fieri-

233 4090 309 4162 lteee
326 4080 538 4150 visibilem
526 4104 564 4150 ιιι
589 4102 653 4150 sua
676 4081 819 4173 propria
841 4091 970 4151 natura
1002 4082 1147 4169 divina,
1182 4083 1273 4174 quod
1298 4081 1384 4153 haee

234 4174 387 4259 brunonis
416 4188 565 4259 rationis
593 4190 660 4275 eit,
686 4199 750 4259 aut
771 4187 889 4259 Filius
916 4191 1104 4260 seeundum
1137 4199 1299 4258 naturam
1332 4189 1383 4258 di·

234 4288 325 4367 vinam
355 4319 425 4368 non
454 4319 563 4392 aeque
594 4297 644 4369 sit
665 4296 853 4370 immensus
884 4305 921 4368 et
945 4298 1072 4391 ubique
1099 4319 1264 4390 praesens
1288 4296 1383 4366 sieut

233 4388 334 4497 Peter·
365 4405 426 4480 sed
453 4406 567 4479 solum
596 4406 746 4496 dorent,
778 4405 912 4478 Filium
942 4428 1041 4501 posse
1073 4407 1151 4478 fieri
1187 4407 1379 4477 attactum
