<?xml version="1.0" encoding="UTF-8"?>
<!DOCTYPE html PUBLIC "-//W3C//DTD XHTML 1.0 Transitional//EN"
    "http://www.w3.org/TR/xhtml1/DTD/xhtml1-transitional.dtd">
<html xmlns="http://www.w3.org/1999/xhtml" xml:lang="en" lang="en">
 <head>
  <title>
</title>
<meta http-equiv="Content-Type" content="text/html;charset=utf-8" />
  <meta name='ocr-system' content='tesseract 3.04.00' />
  <meta name='ocr-capabilities' content='ocr_page ocr_carea ocr_par ocr_line ocrx_word'/>
</head>
<body>
  <div class='ocr_page' id='page_1' title='image "./tractatusdedeot00frangoog/tractatusdedeot00frangoog_0128.png"; bbox 0 0 3172 4950; ppageno 0'>
   <div class='ocr_carea' id='block_1_1' title="bbox 52 310 1329 4505">
    <p class='ocr_par' dir='ltr' id='par_1_1' title="bbox 549 310 729 371">
     <span class='ocr_line' id='line_1_1' title="bbox 549 310 729 371; baseline 0.006 -1"><span class='ocrx_word' id='word_1_1' title='bbox 549 342 587 356; x_wconf 90' lang='lat'><em>-</em></span> <span class='ocrx_word' id='word_1_2' title='bbox 612 310 670 371; x_wconf 86' lang='lat'><strong>115</strong></span> <span class='ocrx_word' id='word_1_3' title='bbox 692 344 729 356; x_wconf 94' lang='lat'>-</span> 
     </span>
    </p>

    <p class='ocr_par' dir='ltr' id='par_1_2' title="bbox 63 415 1329 2973">
     <span class='ocr_line' id='line_1_2' title="bbox 64 415 1230 508; baseline 0.001 -23"><span class='ocrx_word' id='word_1_4' title='bbox 64 417 156 508; x_wconf 82' lang='lat' dir='ltr'>probe</span> <span class='ocrx_word' id='word_1_5' title='bbox 179 416 312 501; x_wconf 87' lang='lat' dir='ltr'><strong>sciant,</strong></span> <span class='ocrx_word' id='word_1_6' title='bbox 331 416 417 486; x_wconf 86' lang='lat' dir='ltr'><strong>licet</strong></span> <span class='ocrx_word' id='word_1_7' title='bbox 432 415 536 485; x_wconf 90' lang='lat' dir='ltr'><strong>initio</strong></span> <span class='ocrx_word' id='word_1_8' title='bbox 560 416 788 506; x_wconf 77' lang='lat' dir='ltr'><strong>simpliciores</strong></span> <span class='ocrx_word' id='word_1_9' title='bbox 805 424 895 487; x_wconf 80' lang='lat' dir='ltr'><strong>&#39;vano</strong></span> <span class='ocrx_word' id='word_1_10' title='bbox 912 417 1159 507; x_wconf 80' lang='lat' dir='ltr'><strong>&#39;surripuerint</strong></span> <span class='ocrx_word' id='word_1_11' title='bbox 1175 441 1230 486; x_wconf 90' lang='lat' dir='ltr'><strong>ar-</strong></span> 
     </span>
     <span class='ocr_line' id='line_1_3' title="bbox 64 520 1231 621; baseline -0.001 -28"><span class='ocrx_word' id='word_1_12' title='bbox 64 525 175 610; x_wconf 81' lang='lat' dir='ltr'><strong>tificio,</strong></span> <span class='ocrx_word' id='word_1_13' title='bbox 202 547 304 594; x_wconf 86' lang='lat' dir='ltr'><strong>snam</strong></span> <span class='ocrx_word' id='word_1_14' title='bbox 320 525 528 595; x_wconf 71' lang='lat' dir='ltr'><strong>sententiam</strong></span> <span class='ocrx_word' id='word_1_15' title='bbox 544 523 641 594; x_wconf 90' lang='lat' dir='ltr'><strong>illico</strong></span> <span class='ocrx_word' id='word_1_16' title='bbox 658 531 836 617; x_wconf 88' lang='lat' dir='ltr'><strong>tamqnam</strong></span> <span class='ocrx_word' id='word_1_17' title='bbox 852 520 1038 621; x_wconf 84' lang='lat' dir='ltr'><strong>impiorum</strong></span> <span class='ocrx_word' id='word_1_18' title='bbox 1053 525 1231 594; x_wconf 88' lang='lat' dir='ltr'><strong>lucernam</strong></span> 
     </span>
     <span class='ocr_line' id='line_1_4' title="bbox 63 630 1329 724; baseline 0.002 -25"><span class='ocrx_word' id='word_1_19' title='bbox 63 632 365 721; x_wconf 79' lang='lat' dir='ltr'><strong>exstinguendam,</strong></span> <span class='ocrx_word' id='word_1_20' title='bbox 399 655 502 724; x_wconf 90' lang='lat' dir='ltr'><strong>seque</strong></span> <span class='ocrx_word' id='word_1_21' title='bbox 525 632 626 701; x_wconf 81' lang='lat' dir='ltr'><strong>relat</strong></span> <span class='ocrx_word' id='word_1_22' title='bbox 649 633 817 702; x_wconf 79' lang='lat' dir='ltr'><strong>veritatis</strong></span> <span class='ocrx_word' id='word_1_23' title='bbox 840 632 959 701; x_wconf 90' lang='lat' dir='ltr'><strong>hostes</strong></span> <span class='ocrx_word' id='word_1_24' title='bbox 982 630 1110 724; x_wconf 90' lang='lat' dir='ltr'><strong>ubique</strong></span> <span class='ocrx_word' id='word_1_25' title='bbox 1132 633 1230 721; x_wconf 87' lang='lat' dir='ltr'><strong>igno·</strong></span> <span class='ocrx_word' id='word_1_26' title='bbox 1326 650 1329 654; x_wconf 84' lang='grc'><strong>’</strong></span> 
     </span>
     <span class='ocr_line' id='line_1_5' title="bbox 65 738 1230 832; baseline 0.002 -26"><span class='ocrx_word' id='word_1_27' title='bbox 65 738 160 806; x_wconf 88' lang='lat' dir='ltr'><strong>ninia</strong></span> <span class='ocrx_word' id='word_1_28' title='bbox 183 761 261 807; x_wconf 87' lang='lat' dir='ltr'><strong>esse</strong></span> <span class='ocrx_word' id='word_1_29' title='bbox 283 739 465 809; x_wconf 88' lang='lat' dir='ltr'><strong>notandos.</strong></span> <span class='ocrx_word' id='word_1_30' title='bbox 485 741 576 809; x_wconf 90' lang='lat' dir='ltr'><strong>Hinc</strong></span> <span class='ocrx_word' id='word_1_31' title='bbox 600 746 656 811; x_wconf 88' lang='lat' dir='ltr'><strong>est</strong></span> <span class='ocrx_word' id='word_1_32' title='bbox 679 740 770 832; x_wconf 88' lang='lat' dir='ltr'><strong>quod</strong></span> <span class='ocrx_word' id='word_1_33' title='bbox 783 790 790 807; x_wconf 93' lang='lat'><strong>.</strong></span> <span class='ocrx_word' id='word_1_34' title='bbox 805 790 836 809; x_wconf 90' lang='lat'><strong>..</strong></span> <span class='ocrx_word' id='word_1_35' title='bbox 863 741 928 807; x_wconf 89' lang='lat' dir='ltr'><strong>sub</strong></span> <span class='ocrx_word' id='word_1_36' title='bbox 951 741 1103 811; x_wconf 89' lang='lat' dir='ltr'><strong>modium</strong></span> <span class='ocrx_word' id='word_1_37' title='bbox 1119 740 1230 809; x_wconf 91' lang='lat' dir='ltr'><strong>lucer-</strong></span> 
     </span>
     <span class='ocr_line' id='line_1_6' title="bbox 65 849 1232 935; baseline 0.001 -18"><span class='ocrx_word' id='word_1_38' title='bbox 65 872 133 917; x_wconf 89' lang='lat' dir='ltr'><strong>nam</strong></span> <span class='ocrx_word' id='word_1_39' title='bbox 167 870 270 918; x_wconf 89' lang='lat' dir='ltr'><strong>suam</strong></span> <span class='ocrx_word' id='word_1_40' title='bbox 304 849 540 935; x_wconf 82' lang='lat' dir='ltr'><strong>abscondunt,</strong></span> <span class='ocrx_word' id='word_1_41' title='bbox 566 854 608 918; x_wconf 84' lang='lat' dir='ltr'><strong>ut</strong></span> <span class='ocrx_word' id='word_1_42' title='bbox 630 849 748 918; x_wconf 89' lang='lat' dir='ltr'><strong>lucere</strong></span> <span class='ocrx_word' id='word_1_43' title='bbox 783 849 1023 934; x_wconf 82' lang='lat' dir='ltr'><strong>existimetur,</strong></span> <span class='ocrx_word' id='word_1_44' title='bbox 1049 855 1085 919; x_wconf 89' lang='lat' dir='ltr'><strong>et</strong></span> <span class='ocrx_word' id='word_1_45' title='bbox 1108 872 1174 934; x_wconf 87' lang='lat' dir='ltr'><strong>ne,</strong></span> <span class='ocrx_word' id='word_1_46' title='bbox 1201 851 1232 918; x_wconf 92' lang='lat' dir='ltr'><strong>si</strong></span> 
     </span>
     <span class='ocr_line' id='line_1_7' title="bbox 66 955 1227 1048; baseline 0.002 -24"><span class='ocrx_word' id='word_1_47' title='bbox 66 962 261 1048; x_wconf 79' lang='lat' dir='ltr'><strong>appareret,</strong></span> <span class='ocrx_word' id='word_1_48' title='bbox 287 957 430 1046; x_wconf 86' lang='lat' dir='ltr'><strong>cognita</strong></span> <span class='ocrx_word' id='word_1_49' title='bbox 452 964 488 1027; x_wconf 91' lang='lat' dir='ltr'><strong>et</strong></span> <span class='ocrx_word' id='word_1_50' title='bbox 511 958 695 1048; x_wconf 87' lang='lat' dir='ltr'><strong>reprobata</strong></span> <span class='ocrx_word' id='word_1_51' title='bbox 719 957 1041 1046; x_wconf 76' lang='lat' dir='ltr'><strong>exstingueretur»</strong></span> <span class='ocrx_word' id='word_1_52' title='bbox 1067 955 1153 1027; x_wconf 87' lang='lat' dir='ltr'><strong>Ath.</strong></span> <span class='ocrx_word' id='word_1_53' title='bbox 1174 981 1227 1047; x_wconf 90' lang='lat' dir='ltr'><strong>ep.</strong></span> 
     </span>
     <span class='ocr_line' id='line_1_8' title="bbox 66 1064 1232 1157; baseline -0.002 -21"><span class='ocrx_word' id='word_1_54' title='bbox 66 1067 102 1136; x_wconf 89' lang='lat' dir='ltr'><strong>ad</strong></span> <span class='ocrx_word' id='word_1_55' title='bbox 119 1067 242 1157; x_wconf 85' lang='lat' dir='ltr'><strong>Episc.</strong></span> <span class='ocrx_word' id='word_1_56' title='bbox 257 1065 419 1157; x_wconf 81' lang='lat' dir='ltr'><strong>Aegypti</strong></span> <span class='ocrx_word' id='word_1_57' title='bbox 441 1091 477 1135; x_wconf 90' lang='lat' dir='ltr'><strong>n.</strong></span> <span class='ocrx_word' id='word_1_58' title='bbox 496 1066 552 1134; x_wconf 88' lang='lat'><strong>18.</strong></span> <span class='ocrx_word' id='word_1_59' title='bbox 571 1066 725 1157; x_wconf 88' lang='lat' dir='ltr'><strong>Populus</strong></span> <span class='ocrx_word' id='word_1_60' title='bbox 761 1064 898 1135; x_wconf 89' lang='lat' dir='ltr'><strong>scilicet</strong></span> <span class='ocrx_word' id='word_1_61' title='bbox 921 1064 1137 1135; x_wconf 81' lang='lat' dir='ltr'><strong>christianus</strong></span> <span class='ocrx_word' id='word_1_62' title='bbox 1168 1067 1232 1134; x_wconf 89' lang='lat' dir='ltr'><strong>sub</strong></span> 
     </span>
     <span class='ocr_line' id='line_1_9' title="bbox 67 1173 1232 1267; baseline -0.001 -23"><span class='ocrx_word' id='word_1_63' title='bbox 67 1176 183 1261; x_wconf 79' lang='lat' dir='ltr'><strong>verbis,</strong></span> <span class='ocrx_word' id='word_1_64' title='bbox 198 1196 289 1267; x_wconf 89' lang='lat' dir='ltr'><strong>quae</strong></span> <span class='ocrx_word' id='word_1_65' title='bbox 300 1174 428 1243; x_wconf 89' lang='lat' dir='ltr'><strong>Ariani</strong></span> <span class='ocrx_word' id='word_1_66' title='bbox 443 1175 595 1245; x_wconf 90' lang='lat' dir='ltr'><strong>retinere</strong></span> <span class='ocrx_word' id='word_1_67' title='bbox 612 1176 839 1264; x_wconf 79' lang='lat' dir='ltr'><strong>cogebantur,</strong></span> <span class='ocrx_word' id='word_1_68' title='bbox 855 1197 993 1243; x_wconf 89' lang='lat' dir='ltr'><strong>sensum</strong></span> <span class='ocrx_word' id='word_1_69' title='bbox 1006 1173 1232 1263; x_wconf 78' lang='lat' dir='ltr'><strong>intelligebat</strong></span> 
     </span>
     <span class='ocr_line' id='line_1_10' title="bbox 67 1280 1228 1371; baseline -0.002 -21"><span class='ocrx_word' id='word_1_70' title='bbox 67 1285 225 1354; x_wconf 84' lang='lat' dir='ltr'><strong>hactenus</strong></span> <span class='ocrx_word' id='word_1_71' title='bbox 256 1284 301 1351; x_wconf 84' lang='lat' dir='ltr'><strong>ab</strong></span> <span class='ocrx_word' id='word_1_72' title='bbox 332 1283 498 1352; x_wconf 79' lang='lat' dir='ltr'><strong>universa</strong></span> <span class='ocrx_word' id='word_1_73' title='bbox 528 1281 688 1351; x_wconf 76' lang='lat' dir='ltr'><strong>Ecclesia</strong></span> <span class='ocrx_word' id='word_1_74' title='bbox 720 1281 893 1351; x_wconf 86' lang='lat' dir='ltr'><strong>creditum</strong></span> <span class='ocrx_word' id='word_1_75' title='bbox 916 1287 952 1351; x_wconf 90' lang='lat' dir='ltr'><strong>et</strong></span> <span class='ocrx_word' id='word_1_76' title='bbox 975 1280 1228 1371; x_wconf 85' lang='lat' dir='ltr'><strong>praedicatum.</strong></span> 
     </span>
     <span class='ocr_line' id='line_1_11' title="bbox 69 1389 1231 1483; baseline -0.002 -26"><span class='ocrx_word' id='word_1_77' title='bbox 69 1392 138 1460; x_wconf 75' lang='lat' dir='ltr'><strong>aEt</strong></span> <span class='ocrx_word' id='word_1_78' title='bbox 160 1391 272 1460; x_wconf 87' lang='lat' dir='ltr'><strong>huius</strong></span> <span class='ocrx_word' id='word_1_79' title='bbox 295 1390 434 1483; x_wconf 90' lang='lat' dir='ltr'><strong>quidem</strong></span> <span class='ocrx_word' id='word_1_80' title='bbox 464 1414 574 1483; x_wconf 92' lang='lat' dir='ltr'><strong>usque</strong></span> <span class='ocrx_word' id='word_1_81' title='bbox 606 1391 720 1460; x_wconf 86' lang='lat' dir='ltr'><strong>adhuc</strong></span> <span class='ocrx_word' id='word_1_82' title='bbox 752 1389 945 1479; x_wconf 87' lang='lat' dir='ltr'><strong>impietatis</strong></span> <span class='ocrx_word' id='word_1_83' title='bbox 977 1389 1102 1458; x_wconf 88' lang='lat' dir='ltr'><strong>fraude</strong></span> <span class='ocrx_word' id='word_1_84' title='bbox 1129 1389 1231 1479; x_wconf 86' lang='lat' dir='ltr'><strong>perfi-</strong></span> 
     </span>
     <span class='ocr_line' id='line_1_12' title="bbox 68 1496 1231 1585; baseline -0.003 -16"><span class='ocrx_word' id='word_1_85' title='bbox 68 1501 161 1585; x_wconf 88' lang='lat' dir='ltr'><strong>citur,</strong></span> <span class='ocrx_word' id='word_1_86' title='bbox 188 1499 242 1570; x_wconf 89' lang='lat' dir='ltr'><strong>ait</strong></span> <span class='ocrx_word' id='word_1_87' title='bbox 267 1499 306 1569; x_wconf 89' lang='lat' dir='ltr'><strong>S.</strong></span> <span class='ocrx_word' id='word_1_88' title='bbox 323 1498 498 1585; x_wconf 87' lang='lat' dir='ltr'><strong>Hilarius,</strong></span> <span class='ocrx_word' id='word_1_89' title='bbox 525 1503 567 1568; x_wconf 88' lang='lat' dir='ltr'><strong>ut</strong></span> <span class='ocrx_word' id='word_1_90' title='bbox 589 1499 657 1567; x_wconf 89' lang='lat' dir='ltr'><strong>iam</strong></span> <span class='ocrx_word' id='word_1_91' title='bbox 675 1500 740 1568; x_wconf 91' lang='lat' dir='ltr'><strong>sub</strong></span> <span class='ocrx_word' id='word_1_92' title='bbox 758 1497 975 1567; x_wconf 88' lang='lat' dir='ltr'><strong>Antichristi</strong></span> <span class='ocrx_word' id='word_1_93' title='bbox 991 1496 1231 1565; x_wconf 87' lang='lat' dir='ltr'><strong>sacerdotibus</strong></span> 
     </span>
     <span class='ocr_line' id='line_1_13' title="bbox 67 1604 1228 1700; baseline -0.001 -24"><span class='ocrx_word' id='word_1_94' title='bbox 67 1607 190 1678; x_wconf 85' lang='lat' dir='ltr'><strong>Christi</strong></span> <span class='ocrx_word' id='word_1_95' title='bbox 212 1608 364 1700; x_wconf 84' lang='lat' dir='ltr'><strong>populus</strong></span> <span class='ocrx_word' id='word_1_96' title='bbox 388 1630 456 1677; x_wconf 91' lang='lat' dir='ltr'><strong>non</strong></span> <span class='ocrx_word' id='word_1_97' title='bbox 480 1607 627 1692; x_wconf 90' lang='lat' dir='ltr'><strong>occidat,</strong></span> <span class='ocrx_word' id='word_1_98' title='bbox 646 1607 727 1677; x_wconf 89' lang='lat' dir='ltr'><strong>dum</strong></span> <span class='ocrx_word' id='word_1_99' title='bbox 745 1607 809 1675; x_wconf 91' lang='lat' dir='ltr'><strong>hoc</strong></span> <span class='ocrx_word' id='word_1_100' title='bbox 826 1609 954 1697; x_wconf 89' lang='lat' dir='ltr'><strong>putant</strong></span> <span class='ocrx_word' id='word_1_101' title='bbox 969 1604 1026 1674; x_wconf 92' lang='lat' dir='ltr'><strong>illi</strong></span> <span class='ocrx_word' id='word_1_102' title='bbox 1044 1604 1125 1674; x_wconf 91' lang='lat' dir='ltr'><strong>fidei</strong></span> <span class='ocrx_word' id='word_1_103' title='bbox 1142 1628 1228 1690; x_wconf 83' lang='lat' dir='ltr'><strong>esse,</strong></span> 
     </span>
     <span class='ocr_line' id='line_1_14' title="bbox 67 1714 1230 1809; baseline 0.001 -27"><span class='ocrx_word' id='word_1_104' title='bbox 67 1719 144 1809; x_wconf 89' lang='lat' dir='ltr'><strong>qnod</strong></span> <span class='ocrx_word' id='word_1_105' title='bbox 168 1717 266 1787; x_wconf 83' lang='lat' dir='ltr'><strong>vocis</strong></span> <span class='ocrx_word' id='word_1_106' title='bbox 290 1722 356 1785; x_wconf 87' lang='lat' dir='ltr'><strong>est.</strong></span> <span class='ocrx_word' id='word_1_107' title='bbox 381 1714 546 1785; x_wconf 88' lang='lat' dir='ltr'><strong>Audiunt</strong></span> <span class='ocrx_word' id='word_1_108' title='bbox 563 1716 670 1783; x_wconf 83' lang='lat' dir='ltr'><strong>Deam</strong></span> <span class='ocrx_word' id='word_1_109' title='bbox 693 1714 886 1799; x_wconf 88' lang='lat' dir='ltr'><strong>Christum,</strong></span> <span class='ocrx_word' id='word_1_110' title='bbox 906 1720 1035 1805; x_wconf 89' lang='lat' dir='ltr'><strong>putant</strong></span> <span class='ocrx_word' id='word_1_111' title='bbox 1051 1714 1230 1806; x_wconf 90' lang='lat' dir='ltr'><strong>essequod</strong></span> 
     </span>
     <span class='ocr_line' id='line_1_15' title="bbox 68 1820 1230 1913; baseline -0.003 -19"><span class='ocrx_word' id='word_1_112' title='bbox 68 1824 198 1911; x_wconf 75' lang='lat' dir='ltr'><strong>datur,</strong></span> <span class='ocrx_word' id='word_1_113' title='bbox 217 1824 370 1894; x_wconf 89' lang='lat' dir='ltr'><strong>andiunt</strong></span> <span class='ocrx_word' id='word_1_114' title='bbox 380 1824 515 1892; x_wconf 80' lang='lat' dir='ltr'><strong>Filiam</strong></span> <span class='ocrx_word' id='word_1_115' title='bbox 531 1824 610 1906; x_wconf 84' lang='lat' dir='ltr'><strong>Dei,</strong></span> <span class='ocrx_word' id='word_1_116' title='bbox 628 1829 758 1913; x_wconf 82' lang='lat' dir='ltr'><strong>putent</strong></span> <span class='ocrx_word' id='word_1_117' title='bbox 778 1822 816 1891; x_wconf 92' lang='lat' dir='ltr'><strong>in</strong></span> <span class='ocrx_word' id='word_1_118' title='bbox 831 1822 897 1891; x_wconf 93' lang='lat' dir='ltr'><strong>Dei</strong></span> <span class='ocrx_word' id='word_1_119' title='bbox 913 1820 1104 1891; x_wconf 86' lang='lat' dir='ltr'><strong>nativitate</strong></span> <span class='ocrx_word' id='word_1_120' title='bbox 1117 1823 1230 1891; x_wconf 87' lang='lat' dir='ltr'><strong>inesse</strong></span> 
     </span>
     <span class='ocr_line' id='line_1_16' title="bbox 69 1930 1231 2022; baseline -0.001 -21"><span class='ocrx_word' id='word_1_121' title='bbox 69 1933 121 2001; x_wconf 83' lang='lat' dir='ltr'><strong>Dei</strong></span> <span class='ocrx_word' id='word_1_122' title='bbox 136 1933 334 2020; x_wconf 76' lang='lat' dir='ltr'><strong>veritatem3</strong></span> <span class='ocrx_word' id='word_1_123' title='bbox 359 1932 509 2002; x_wconf 88' lang='lat' dir='ltr'><strong>audiunt</strong></span> <span class='ocrx_word' id='word_1_124' title='bbox 532 1946 613 2001; x_wconf 83' lang='lat' dir='ltr'><strong>ante</strong></span> <span class='ocrx_word' id='word_1_125' title='bbox 639 1947 800 2021; x_wconf 83' lang='lat' dir='ltr'><strong>tempora,</strong></span> <span class='ocrx_word' id='word_1_126' title='bbox 821 1934 950 2020; x_wconf 84' lang='lat' dir='ltr'><strong>putant</strong></span> <span class='ocrx_word' id='word_1_127' title='bbox 965 1930 1002 1999; x_wconf 91' lang='lat' dir='ltr'><strong>id</strong></span> <span class='ocrx_word' id='word_1_128' title='bbox 1019 1930 1133 2022; x_wconf 82' lang='lat' dir='ltr'><strong>ipsum</strong></span> <span class='ocrx_word' id='word_1_129' title='bbox 1150 1937 1231 2001; x_wconf 87' lang='lat' dir='ltr'><strong>autc</strong></span> 
     </span>
     <span class='ocr_line' id='line_1_17' title="bbox 70 2037 1227 2131; baseline -0.001 -24"><span class='ocrx_word' id='word_1_130' title='bbox 70 2044 212 2130; x_wconf 83' lang='lat' dir='ltr'><strong>tempora</strong></span> <span class='ocrx_word' id='word_1_131' title='bbox 245 2062 339 2124; x_wconf 86' lang='lat' dir='ltr'><strong>esse,</strong></span> <span class='ocrx_word' id='word_1_132' title='bbox 375 2039 464 2131; x_wconf 93' lang='lat' dir='ltr'><strong>quod</strong></span> <span class='ocrx_word' id='word_1_133' title='bbox 489 2061 622 2129; x_wconf 83' lang='lat' dir='ltr'><strong>semper</strong></span> <span class='ocrx_word' id='word_1_134' title='bbox 645 2044 710 2107; x_wconf 87' lang='lat' dir='ltr'><strong>est.</strong></span> <span class='ocrx_word' id='word_1_135' title='bbox 738 2037 940 2107; x_wconf 86' lang='lat' dir='ltr'><strong>Sanctiores</strong></span> <span class='ocrx_word' id='word_1_136' title='bbox 969 2058 1072 2107; x_wconf 88' lang='lat' dir='ltr'><strong>aures</strong></span> <span class='ocrx_word' id='word_1_137' title='bbox 1097 2037 1227 2129; x_wconf 86' lang='lat' dir='ltr'><strong>plebis,</strong></span> 
     </span>
     <span class='ocr_line' id='line_1_18' title="bbox 73 2144 1228 2238; baseline -0.002 -22"><span class='ocrx_word' id='word_1_138' title='bbox 73 2170 162 2238; x_wconf 86' lang='lat' dir='ltr'><strong>qnam</strong></span> <span class='ocrx_word' id='word_1_139' title='bbox 184 2147 292 2217; x_wconf 90' lang='lat' dir='ltr'><strong>corda</strong></span> <span class='ocrx_word' id='word_1_140' title='bbox 313 2152 398 2215; x_wconf 89' lang='lat' dir='ltr'><strong>sunt</strong></span> <span class='ocrx_word' id='word_1_141' title='bbox 420 2146 637 2217; x_wconf 87' lang='lat' dir='ltr'><strong>sacerdotum</strong></span> <span class='ocrx_word' id='word_1_142' title='bbox 657 2174 673 2208; x_wconf 80' lang='lat' dir='ltr'><em>n</em></span> <span class='ocrx_word' id='word_1_143' title='bbox 699 2145 817 2217; x_wconf 86' lang='lat' dir='ltr'><strong>Hilar.</strong></span> <span class='ocrx_word' id='word_1_144' title='bbox 835 2152 946 2215; x_wconf 78' lang='lat' dir='ltr'><strong>centn</strong></span> <span class='ocrx_word' id='word_1_145' title='bbox 965 2144 1120 2215; x_wconf 85' lang='lat' dir='ltr'><strong>Auxent.</strong></span> <span class='ocrx_word' id='word_1_146' title='bbox 1140 2170 1175 2215; x_wconf 90' lang='lat' dir='ltr'><strong>n.</strong></span> <span class='ocrx_word' id='word_1_147' title='bbox 1195 2147 1228 2214; x_wconf 87' lang='grc'><strong>6.</strong></span> 
     </span>
     <span class='ocr_line' id='line_1_19' title="bbox 73 2254 1229 2347; baseline 0.002 -26"><span class='ocrx_word' id='word_1_148' title='bbox 73 2254 163 2325; x_wconf 87' lang='lat' dir='ltr'><strong>Hisce</strong></span> <span class='ocrx_word' id='word_1_149' title='bbox 184 2255 325 2325; x_wconf 86' lang='lat' dir='ltr'><strong>artibus</strong></span> <span class='ocrx_word' id='word_1_150' title='bbox 347 2277 417 2322; x_wconf 94' lang='lat' dir='ltr'><strong>non</strong></span> <span class='ocrx_word' id='word_1_151' title='bbox 439 2254 538 2324; x_wconf 89' lang='lat' dir='ltr'><strong>modo</strong></span> <span class='ocrx_word' id='word_1_152' title='bbox 560 2254 678 2347; x_wconf 90' lang='lat' dir='ltr'><strong>plebes</strong></span> <span class='ocrx_word' id='word_1_153' title='bbox 701 2255 759 2324; x_wconf 87' lang='lat' dir='ltr'><strong>sed</strong></span> <span class='ocrx_word' id='word_1_154' title='bbox 791 2254 994 2346; x_wconf 88' lang='lat' dir='ltr'><strong>quandoque</strong></span> <span class='ocrx_word' id='word_1_155' title='bbox 1017 2255 1125 2324; x_wconf 88' lang='lat' dir='ltr'><strong>etiam</strong></span> <span class='ocrx_word' id='word_1_156' title='bbox 1147 2254 1229 2345; x_wconf 87' lang='lat' dir='ltr'><strong>Epi-</strong></span> 
     </span>
     <span class='ocr_line' id='line_1_20' title="bbox 73 2361 1231 2454; baseline -0.001 -22"><span class='ocrx_word' id='word_1_157' title='bbox 73 2385 176 2454; x_wconf 86' lang='lat' dir='ltr'><strong>scopos</strong></span> <span class='ocrx_word' id='word_1_158' title='bbox 199 2362 391 2433; x_wconf 88' lang='lat' dir='ltr'><strong>catholicos</strong></span> <span class='ocrx_word' id='word_1_159' title='bbox 415 2361 579 2431; x_wconf 91' lang='lat' dir='ltr'><strong>inductos</strong></span> <span class='ocrx_word' id='word_1_160' title='bbox 603 2363 732 2447; x_wconf 78' lang='lat' dir='ltr'><strong>fuisse,</strong></span> <span class='ocrx_word' id='word_1_161' title='bbox 759 2368 800 2431; x_wconf 88' lang='lat' dir='ltr'><strong>ut</strong></span> <span class='ocrx_word' id='word_1_162' title='bbox 827 2361 995 2431; x_wconf 88' lang='lat' dir='ltr'><strong>formulas</strong></span> <span class='ocrx_word' id='word_1_163' title='bbox 1018 2362 1231 2431; x_wconf 88' lang='lat' dir='ltr'><strong>Arianorum</strong></span> 
     </span>
     <span class='ocr_line' id='line_1_21' title="bbox 74 2470 1230 2562; baseline -0.002 -22"><span class='ocrx_word' id='word_1_164' title='bbox 74 2471 298 2562; x_wconf 82' lang='lat' dir='ltr'><strong>intelligentes</strong></span> <span class='ocrx_word' id='word_1_165' title='bbox 321 2470 360 2539; x_wconf 89' lang='lat' dir='ltr'><strong>in</strong></span> <span class='ocrx_word' id='word_1_166' title='bbox 392 2471 493 2543; x_wconf 84' lang='lat' dir='ltr'><strong>obvio</strong></span> <span class='ocrx_word' id='word_1_167' title='bbox 524 2472 710 2541; x_wconf 85' lang='lat' dir='ltr'><strong>verborum</strong></span> <span class='ocrx_word' id='word_1_168' title='bbox 733 2494 837 2541; x_wconf 91' lang='lat' dir='ltr'><strong>sensu</strong></span> <span class='ocrx_word' id='word_1_169' title='bbox 861 2470 1130 2540; x_wconf 88' lang='lat' dir='ltr'><strong>communionem</strong></span> <span class='ocrx_word' id='word_1_170' title='bbox 1154 2492 1230 2539; x_wconf 92' lang='lat' dir='ltr'><strong>cum</strong></span> 
     </span>
     <span class='ocr_line' id='line_1_22' title="bbox 72 2578 1232 2671; baseline 0.001 -24"><span class='ocrx_word' id='word_1_171' title='bbox 72 2578 133 2648; x_wconf 89' lang='lat' dir='ltr'><strong>illis</strong></span> <span class='ocrx_word' id='word_1_172' title='bbox 145 2580 385 2665; x_wconf 85' lang='lat' dir='ltr'><strong>admitterent,</strong></span> <span class='ocrx_word' id='word_1_173' title='bbox 400 2584 537 2649; x_wconf 78' lang='lat' dir='ltr'><strong>constat</strong></span> <span class='ocrx_word' id='word_1_174' title='bbox 552 2602 594 2649; x_wconf 81' lang='lat' dir='ltr'><strong>cx</strong></span> <span class='ocrx_word' id='word_1_175' title='bbox 613 2579 763 2648; x_wconf 87' lang='lat' dir='ltr'><strong>historia</strong></span> <span class='ocrx_word' id='word_1_176' title='bbox 778 2579 1013 2669; x_wconf 87' lang='lat' dir='ltr'><strong>symbolorum</strong></span> <span class='ocrx_word' id='word_1_177' title='bbox 1030 2579 1124 2664; x_wconf 90' lang='lat' dir='ltr'><strong>fidei,</strong></span> <span class='ocrx_word' id='word_1_178' title='bbox 1141 2600 1232 2671; x_wconf 84' lang='lat' dir='ltr'><strong>quac</strong></span> 
     </span>
     <span class='ocr_line' id='line_1_23' title="bbox 73 2684 1231 2776; baseline 0.005 -26"><span class='ocrx_word' id='word_1_179' title='bbox 73 2685 106 2753; x_wconf 88' lang='lat' dir='ltr'><strong>ab</strong></span> <span class='ocrx_word' id='word_1_180' title='bbox 115 2685 257 2755; x_wconf 82' lang='lat' dir='ltr'><strong>Arianis</strong></span> <span class='ocrx_word' id='word_1_181' title='bbox 269 2685 367 2754; x_wconf 83' lang='lat' dir='ltr'><strong>intra</strong></span> <span class='ocrx_word' id='word_1_182' title='bbox 377 2707 506 2776; x_wconf 87' lang='lat' dir='ltr'><strong>paucos</strong></span> <span class='ocrx_word' id='word_1_183' title='bbox 518 2708 628 2755; x_wconf 89' lang='lat' dir='ltr'><strong>annos</strong></span> <span class='ocrx_word' id='word_1_184' title='bbox 639 2685 792 2776; x_wconf 90' lang='lat' dir='ltr'><strong>plurima</strong></span> <span class='ocrx_word' id='word_1_185' title='bbox 804 2685 900 2754; x_wconf 88' lang='lat' dir='ltr'><strong>edita</strong></span> <span class='ocrx_word' id='word_1_186' title='bbox 911 2691 948 2755; x_wconf 86' lang='lat' dir='ltr'><strong>et</strong></span> <span class='ocrx_word' id='word_1_187' title='bbox 959 2684 1087 2754; x_wconf 90' lang='lat' dir='ltr'><strong>iterum</strong></span> <span class='ocrx_word' id='word_1_188' title='bbox 1100 2685 1231 2756; x_wconf 88' lang='lat' dir='ltr'><strong>reiecta</strong></span> 
     </span>
     <span class='ocr_line' id='line_1_24' title="bbox 74 2791 1225 2882; baseline 0.003 -24"><span class='ocrx_word' id='word_1_189' title='bbox 74 2797 143 2860; x_wconf 88' lang='lat' dir='ltr'><strong>sunt</strong></span> <span class='ocrx_word' id='word_1_190' title='bbox 170 2791 267 2879; x_wconf 83' lang='lat' dir='ltr'><strong>(vid.</strong></span> <span class='ocrx_word' id='word_1_191' title='bbox 292 2791 498 2882; x_wconf 86' lang='lat' dir='ltr'><strong>Hieronym.</strong></span> <span class='ocrx_word' id='word_1_192' title='bbox 525 2792 655 2881; x_wconf 87' lang='lat' dir='ltr'><strong>dialog.</strong></span> <span class='ocrx_word' id='word_1_193' title='bbox 682 2816 759 2862; x_wconf 87' lang='lat' dir='ltr'><strong>cum</strong></span> <span class='ocrx_word' id='word_1_194' title='bbox 782 2791 999 2862; x_wconf 83' lang='lat' dir='ltr'><strong>Luciferian.</strong></span> <span class='ocrx_word' id='word_1_195' title='bbox 1026 2816 1060 2862; x_wconf 91' lang='lat' dir='ltr'><strong>n.</strong></span> <span class='ocrx_word' id='word_1_196' title='bbox 1086 2791 1225 2879; x_wconf 81' lang='lat'>17-19).</span> 
     </span>
     <span class='ocr_line' id='line_1_25' title="bbox 74 2898 1026 2973; baseline 0.004 -6"><span class='ocrx_word' id='word_1_197' title='bbox 74 2898 114 2969; x_wconf 87' lang='lat' dir='ltr'><strong>Ci.</strong></span> <span class='ocrx_word' id='word_1_198' title='bbox 126 2901 310 2971; x_wconf 82' lang='lat' dir='ltr'><strong>bleranam</strong></span> <span class='ocrx_word' id='word_1_199' title='bbox 325 2901 367 2971; x_wconf 90' lang='lat' dir='ltr'><strong>de</strong></span> <span class='ocrx_word' id='word_1_200' title='bbox 382 2902 466 2971; x_wconf 85' lang='lat' dir='ltr'><strong>Div.</strong></span> <span class='ocrx_word' id='word_1_201' title='bbox 481 2905 524 2972; x_wconf 92' lang='lat' dir='ltr'><strong>D.</strong></span> <span class='ocrx_word' id='word_1_202' title='bbox 538 2902 583 2973; x_wconf 80' lang='lat' dir='ltr'><strong>N.</strong></span> <span class='ocrx_word' id='word_1_203' title='bbox 600 2901 681 2973; x_wconf 89' lang='lat' dir='ltr'><strong>Iesu</strong></span> <span class='ocrx_word' id='word_1_204' title='bbox 697 2901 832 2972; x_wconf 87' lang='lat' dir='ltr'><strong>Christi</strong></span> <span class='ocrx_word' id='word_1_205' title='bbox 848 2902 873 2971; x_wconf 92' lang='lat' dir='ltr'><strong>l.</strong></span> <span class='ocrx_word' id='word_1_206' title='bbox 887 2902 936 2971; x_wconf 87' lang='lat'><strong>11.</strong></span> <span class='ocrx_word' id='word_1_207' title='bbox 950 2923 980 2972; x_wconf 86' lang='lat' dir='ltr'><strong>c.</strong></span> <span class='ocrx_word' id='word_1_208' title='bbox 994 2902 1026 2971; x_wconf 84' lang='grc'><strong>6.</strong></span> 
     </span>
    </p>

    <p class='ocr_par' dir='ltr' id='par_1_3' title="bbox 52 3008 1230 4505">
     <span class='ocr_line' id='line_1_26' title="bbox 123 3008 1229 3099; baseline 0.002 -23"><span class='ocrx_word' id='word_1_209' title='bbox 123 3008 171 3089; x_wconf 80' lang='grc' dir='ltr'><strong>Π,</strong></span> <span class='ocrx_word' id='word_1_210' title='bbox 190 3009 299 3077; x_wconf 85' lang='lat' dir='ltr'><strong>quta</strong></span> <span class='ocrx_word' id='word_1_211' title='bbox 315 3030 524 3079; x_wconf 89' lang='lat' dir='ltr'><strong>communem</strong></span> <span class='ocrx_word' id='word_1_212' title='bbox 541 3010 643 3079; x_wconf 87' lang='lat' dir='ltr'><strong>fidem</strong></span> <span class='ocrx_word' id='word_1_213' title='bbox 657 3010 695 3077; x_wconf 89' lang='lat' dir='ltr'><strong>in</strong></span> <span class='ocrx_word' id='word_1_214' title='bbox 710 3008 845 3078; x_wconf 87' lang='lat' dir='ltr'><strong>directa</strong></span> <span class='ocrx_word' id='word_1_215' title='bbox 861 3008 1077 3099; x_wconf 84' lang='lat' dir='ltr'><strong>oppositione</strong></span> <span class='ocrx_word' id='word_1_216' title='bbox 1093 3009 1138 3078; x_wconf 91' lang='lat' dir='ltr'><strong>ad</strong></span> <span class='ocrx_word' id='word_1_217' title='bbox 1149 3010 1229 3078; x_wconf 87' lang='lat' dir='ltr'><strong>hae·</strong></span> 
     </span>
     <span class='ocr_line' id='line_1_27' title="bbox 71 3116 1229 3209; baseline -0.002 -23"><span class='ocrx_word' id='word_1_218' title='bbox 71 3117 159 3186; x_wconf 82' lang='lat' dir='ltr'><strong>resim</strong></span> <span class='ocrx_word' id='word_1_219' title='bbox 170 3117 399 3202; x_wconf 85' lang='lat' dir='ltr'><strong>Arianorum,</strong></span> <span class='ocrx_word' id='word_1_220' title='bbox 414 3116 475 3209; x_wconf 91' lang='lat' dir='ltr'><strong>qui</strong></span> <span class='ocrx_word' id='word_1_221' title='bbox 486 3117 651 3208; x_wconf 84' lang='lat' dir='ltr'><strong>explicite</strong></span> <span class='ocrx_word' id='word_1_222' title='bbox 664 3117 800 3209; x_wconf 91' lang='lat' dir='ltr'><strong>quidem</strong></span> <span class='ocrx_word' id='word_1_223' title='bbox 813 3116 947 3185; x_wconf 85' lang='lat' dir='ltr'><strong>Filium</strong></span> <span class='ocrx_word' id='word_1_224' title='bbox 962 3122 1018 3204; x_wconf 85' lang='lat' dir='ltr'><strong>(ex</strong></span> <span class='ocrx_word' id='word_1_225' title='bbox 1033 3117 1229 3186; x_wconf 85' lang='lat' dir='ltr'><strong>necessaria</strong></span> 
     </span>
     <span class='ocr_line' id='line_1_28' title="bbox 69 3224 1230 3318; baseline 0 -25"><span class='ocrx_word' id='word_1_226' title='bbox 69 3224 303 3318; x_wconf 85' lang='lat' dir='ltr'><strong>consequentia</strong></span> <span class='ocrx_word' id='word_1_227' title='bbox 317 3229 353 3293; x_wconf 87' lang='lat' dir='ltr'><strong>et</strong></span> <span class='ocrx_word' id='word_1_228' title='bbox 369 3224 542 3316; x_wconf 85' lang='lat' dir='ltr'><strong>Spiritum</strong></span> <span class='ocrx_word' id='word_1_229' title='bbox 559 3224 750 3312; x_wconf 87' lang='lat' dir='ltr'><strong>Sanctum)</strong></span> <span class='ocrx_word' id='word_1_230' title='bbox 766 3248 834 3293; x_wconf 92' lang='lat' dir='ltr'><strong>non</strong></span> <span class='ocrx_word' id='word_1_231' title='bbox 854 3224 994 3296; x_wconf 88' lang='lat' dir='ltr'><strong>divinae</strong></span> <span class='ocrx_word' id='word_1_232' title='bbox 1012 3225 1230 3293; x_wconf 82' lang='lat' dir='ltr'><strong>substantiae</strong></span> 
     </span>
     <span class='ocr_line' id='line_1_29' title="bbox 66 3331 1228 3424; baseline -0.003 -22"><span class='ocrx_word' id='word_1_233' title='bbox 66 3352 97 3402; x_wconf 84' lang='lat' dir='ltr'><strong>ac</strong></span> <span class='ocrx_word' id='word_1_234' title='bbox 108 3338 260 3401; x_wconf 87' lang='lat' dir='ltr'><strong>naturae</strong></span> <span class='ocrx_word' id='word_1_235' title='bbox 276 3332 336 3401; x_wconf 90' lang='lat' dir='ltr'><strong>sed</strong></span> <span class='ocrx_word' id='word_1_236' title='bbox 351 3332 499 3403; x_wconf 82' lang='lat' dir='ltr'><strong>alterius</strong></span> <span class='ocrx_word' id='word_1_237' title='bbox 515 3332 673 3404; x_wconf 88' lang='lat' dir='ltr'><strong>diversae</strong></span> <span class='ocrx_word' id='word_1_238' title='bbox 691 3338 850 3418; x_wconf 88' lang='lat' dir='ltr'><strong>naturae,</strong></span> <span class='ocrx_word' id='word_1_239' title='bbox 869 3354 908 3402; x_wconf 90' lang='lat' dir='ltr'><strong>ac</strong></span> <span class='ocrx_word' id='word_1_240' title='bbox 924 3331 1069 3424; x_wconf 88' lang='lat' dir='ltr'><strong>proinde</strong></span> <span class='ocrx_word' id='word_1_241' title='bbox 1083 3347 1153 3401; x_wconf 87' lang='lat' dir='ltr'><strong>non</strong></span> <span class='ocrx_word' id='word_1_242' title='bbox 1172 3353 1228 3400; x_wconf 80' lang='lat' dir='ltr'><strong>ve·</strong></span> 
     </span>
     <span class='ocr_line' id='line_1_30' title="bbox 64 3438 1228 3531; baseline -0.003 -21"><span class='ocrx_word' id='word_1_243' title='bbox 64 3462 131 3510; x_wconf 86' lang='lat' dir='ltr'><strong>rmn</strong></span> <span class='ocrx_word' id='word_1_244' title='bbox 147 3440 262 3509; x_wconf 87' lang='lat' dir='ltr'><strong>Deum</strong></span> <span class='ocrx_word' id='word_1_245' title='bbox 284 3461 347 3508; x_wconf 89' lang='lat' dir='ltr'><strong>nec</strong></span> <span class='ocrx_word' id='word_1_246' title='bbox 369 3439 510 3531; x_wconf 91' lang='lat' dir='ltr'><strong>proprio</strong></span> <span class='ocrx_word' id='word_1_247' title='bbox 533 3462 636 3509; x_wconf 88' lang='lat' dir='ltr'><strong>sensu</strong></span> <span class='ocrx_word' id='word_1_248' title='bbox 659 3439 792 3509; x_wconf 82' lang='lat' dir='ltr'><strong>Filium</strong></span> <span class='ocrx_word' id='word_1_249' title='bbox 815 3440 973 3530; x_wconf 89' lang='lat' dir='ltr'><strong>genitum</strong></span> <span class='ocrx_word' id='word_1_250' title='bbox 996 3462 1017 3508; x_wconf 85' lang='lat' dir='ltr'><strong>a</strong></span> <span class='ocrx_word' id='word_1_251' title='bbox 1040 3440 1150 3510; x_wconf 80' lang='lat' dir='ltr'><strong>Patre·</strong></span> <span class='ocrx_word' id='word_1_252' title='bbox 1168 3438 1228 3509; x_wconf 85' lang='lat' dir='ltr'><strong>sed</strong></span> 
     </span>
     <span class='ocr_line' id='line_1_31' title="bbox 62 3546 1229 3629; baseline -0.002 -10"><span class='ocrx_word' id='word_1_253' title='bbox 62 3554 212 3619; x_wconf 85' lang='lat' dir='ltr'><strong>creatum</strong></span> <span class='ocrx_word' id='word_1_254' title='bbox 226 3568 302 3617; x_wconf 90' lang='lat' dir='ltr'><strong>esse</strong></span> <span class='ocrx_word' id='word_1_255' title='bbox 319 3547 499 3629; x_wconf 88' lang='lat' dir='ltr'><strong>docebant,</strong></span> <span class='ocrx_word' id='word_1_256' title='bbox 520 3549 644 3618; x_wconf 87' lang='lat' dir='ltr'><strong>Patres</strong></span> <span class='ocrx_word' id='word_1_257' title='bbox 656 3548 803 3618; x_wconf 90' lang='lat' dir='ltr'><strong>Nicaeni</strong></span> <span class='ocrx_word' id='word_1_258' title='bbox 819 3546 1066 3618; x_wconf 86' lang='lat' dir='ltr'><strong>definiverunt:</strong></span> <span class='ocrx_word' id='word_1_259' title='bbox 1087 3548 1229 3617; x_wconf 75' lang='lat' dir='ltr'><strong>«oredi-</strong></span> 
     </span>
     <span class='ocr_line' id='line_1_32' title="bbox 60 3655 1227 3746; baseline -0.001 -20"><span class='ocrx_word' id='word_1_260' title='bbox 60 3681 130 3728; x_wconf 90' lang='lat' dir='ltr'><strong>nns</strong></span> <span class='ocrx_word' id='word_1_261' title='bbox 144 3658 184 3726; x_wconf 93' lang='lat' dir='ltr'><strong>in</strong></span> <span class='ocrx_word' id='word_1_262' title='bbox 200 3679 309 3726; x_wconf 88' lang='lat' dir='ltr'><strong>unum</strong></span> <span class='ocrx_word' id='word_1_263' title='bbox 322 3657 447 3743; x_wconf 89' lang='lat' dir='ltr'><strong>Deum,</strong></span> <span class='ocrx_word' id='word_1_264' title='bbox 460 3655 599 3727; x_wconf 87' lang='lat' dir='ltr'><strong>Patrem</strong></span> <span class='ocrx_word' id='word_1_265' title='bbox 616 3657 926 3746; x_wconf 89' lang='lat' dir='ltr'><strong>omnipotentem...</strong></span> <span class='ocrx_word' id='word_1_266' title='bbox 941 3662 977 3726; x_wconf 92' lang='lat' dir='ltr'><strong>et</strong></span> <span class='ocrx_word' id='word_1_267' title='bbox 989 3657 1027 3726; x_wconf 91' lang='lat' dir='ltr'><strong>in</strong></span> <span class='ocrx_word' id='word_1_268' title='bbox 1039 3678 1145 3725; x_wconf 88' lang='lat' dir='ltr'><strong>unum</strong></span> <span class='ocrx_word' id='word_1_269' title='bbox 1160 3657 1227 3725; x_wconf 94' lang='lat' dir='ltr'><strong>Do-</strong></span> 
     </span>
     <span class='ocr_line' id='line_1_33' title="bbox 58 3764 1228 3850; baseline -0.002 -15"><span class='ocrx_word' id='word_1_270' title='bbox 58 3767 186 3837; x_wconf 88' lang='lat' dir='ltr'><strong>minum</strong></span> <span class='ocrx_word' id='word_1_271' title='bbox 203 3771 363 3835; x_wconf 89' lang='lat' dir='ltr'><strong>nostrum</strong></span> <span class='ocrx_word' id='word_1_272' title='bbox 376 3766 491 3836; x_wconf 89' lang='lat' dir='ltr'><strong>Iesum</strong></span> <span class='ocrx_word' id='word_1_273' title='bbox 503 3764 684 3835; x_wconf 87' lang='lat' dir='ltr'><strong>Christum</strong></span> <span class='ocrx_word' id='word_1_274' title='bbox 694 3765 827 3833; x_wconf 86' lang='lat' dir='ltr'><strong>Filium</strong></span> <span class='ocrx_word' id='word_1_275' title='bbox 838 3765 916 3850; x_wconf 88' lang='lat' dir='ltr'><strong>Dei,</strong></span> <span class='ocrx_word' id='word_1_276' title='bbox 931 3770 1051 3834; x_wconf 89' lang='lat' dir='ltr'><strong>natum</strong></span> <span class='ocrx_word' id='word_1_277' title='bbox 1064 3789 1107 3834; x_wconf 86' lang='lat' dir='ltr'><strong>ex</strong></span> <span class='ocrx_word' id='word_1_278' title='bbox 1123 3764 1228 3833; x_wconf 88' lang='lat' dir='ltr'><strong>Patre</strong></span> 
     </span>
     <span class='ocr_line' id='line_1_34' title="bbox 57 3872 1224 3967; baseline -0.004 -22"><span class='ocrx_word' id='word_1_279' title='bbox 57 3874 297 3967; x_wconf 80' lang='lat' dir='ltr'><strong>unigenitum’,</strong></span> <span class='ocrx_word' id='word_1_280' title='bbox 322 3872 387 3943; x_wconf 91' lang='lat' dir='ltr'><strong>hoc</strong></span> <span class='ocrx_word' id='word_1_281' title='bbox 409 3879 464 3943; x_wconf 88' lang='lat' dir='ltr'><strong>est</strong></span> <span class='ocrx_word' id='word_1_282' title='bbox 486 3896 528 3941; x_wconf 74' lang='lat' dir='ltr'><strong>ea</strong></span> <span class='ocrx_word' id='word_1_283' title='bbox 550 3873 746 3941; x_wconf 76' lang='lat' dir='ltr'><strong>substantia</strong></span> <span class='ocrx_word' id='word_1_284' title='bbox 769 3874 908 3956; x_wconf 76' lang='lat' dir='ltr'><strong>Patris,</strong></span> <span class='ocrx_word' id='word_1_285' title='bbox 941 3873 1051 3942; x_wconf 90' lang='lat' dir='ltr'><strong>Deum</strong></span> <span class='ocrx_word' id='word_1_286' title='bbox 1074 3872 1117 3941; x_wconf 93' lang='lat' dir='ltr'><strong>de</strong></span> <span class='ocrx_word' id='word_1_287' title='bbox 1139 3872 1224 3956; x_wconf 89' lang='lat' dir='ltr'><strong>Deo,</strong></span> 
     </span>
     <span class='ocr_line' id='line_1_35' title="bbox 55 3979 1227 4071; baseline -0.003 -18"><span class='ocrx_word' id='word_1_288' title='bbox 55 3984 171 4056; x_wconf 86' lang='lat' dir='ltr'><strong>lumen</strong></span> <span class='ocrx_word' id='word_1_289' title='bbox 195 3981 403 4067; x_wconf 90' lang='lat' dir='ltr'><strong>delumine,</strong></span> <span class='ocrx_word' id='word_1_290' title='bbox 428 3983 538 4051; x_wconf 89' lang='lat' dir='ltr'><strong>Deum</strong></span> <span class='ocrx_word' id='word_1_291' title='bbox 563 4004 684 4051; x_wconf 89' lang='lat' dir='ltr'><strong>verum</strong></span> <span class='ocrx_word' id='word_1_292' title='bbox 708 3982 749 4052; x_wconf 92' lang='lat' dir='ltr'><strong>de</strong></span> <span class='ocrx_word' id='word_1_293' title='bbox 771 3982 843 4050; x_wconf 91' lang='lat' dir='ltr'><strong>Deo</strong></span> <span class='ocrx_word' id='word_1_294' title='bbox 868 4004 962 4068; x_wconf 91' lang='lat' dir='ltr'><strong>vero,</strong></span> <span class='ocrx_word' id='word_1_295' title='bbox 989 3979 1146 4071; x_wconf 89' lang='lat' dir='ltr'><strong>genitum</strong></span> <span class='ocrx_word' id='word_1_296' title='bbox 1158 4003 1227 4049; x_wconf 91' lang='lat' dir='ltr'><strong>non</strong></span> 
     </span>
     <span class='ocr_line' id='line_1_36' title="bbox 55 4089 1227 4182; baseline -0.004 -21"><span class='ocrx_word' id='word_1_297' title='bbox 55 4089 211 4177; x_wconf 79' lang='lat' dir='ltr'><strong>lactum,</strong></span> <span class='ocrx_word' id='word_1_298' title='bbox 245 4091 572 4158; x_wconf 77' lang='lat' dir='ltr'><strong>consubstantialem</strong></span> <span class='ocrx_word' id='word_1_299' title='bbox 603 4090 727 4173; x_wconf 80' lang='lat' dir='ltr'><strong>Patri,</strong></span> <span class='ocrx_word' id='word_1_300' title='bbox 760 4112 821 4181; x_wconf 89' lang='lat' dir='ltr'><strong>per</strong></span> <span class='ocrx_word' id='word_1_301' title='bbox 853 4112 953 4182; x_wconf 85' lang='lat' dir='ltr'><strong>quem</strong></span> <span class='ocrx_word' id='word_1_302' title='bbox 986 4090 1101 4158; x_wconf 93' lang='lat' dir='ltr'><strong>omnia</strong></span> <span class='ocrx_word' id='word_1_303' title='bbox 1130 4090 1227 4158; x_wconf 85' lang='lat' dir='ltr'><strong>facta</strong></span> 
     </span>
     <span class='ocr_line' id='line_1_37' title="bbox 53 4195 1222 4288; baseline -0.006 -18"><span class='ocrx_word' id='word_1_304' title='bbox 53 4206 154 4270; x_wconf 83' lang='lat' dir='ltr'><strong>sunt.</strong></span> <span class='ocrx_word' id='word_1_305' title='bbox 168 4201 202 4270; x_wconf 76' lang='grc'><strong>’..</strong></span> <span class='ocrx_word' id='word_1_306' title='bbox 229 4202 267 4268; x_wconf 91' lang='lat' dir='ltr'><strong>et</strong></span> <span class='ocrx_word' id='word_1_307' title='bbox 290 4198 329 4267; x_wconf 93' lang='lat' dir='ltr'><strong>in</strong></span> <span class='ocrx_word' id='word_1_308' title='bbox 352 4195 522 4288; x_wconf 86' lang='lat' dir='ltr'><strong>Spiritum</strong></span> <span class='ocrx_word' id='word_1_309' title='bbox 548 4196 728 4267; x_wconf 88' lang='lat' dir='ltr'><strong>Sanctum.</strong></span> <span class='ocrx_word' id='word_1_310' title='bbox 755 4198 825 4267; x_wconf 87' lang='lat' dir='ltr'><strong>Eos</strong></span> <span class='ocrx_word' id='word_1_311' title='bbox 856 4203 971 4267; x_wconf 88' lang='lat' dir='ltr'><strong>autem</strong></span> <span class='ocrx_word' id='word_1_312' title='bbox 1003 4195 1063 4288; x_wconf 93' lang='lat' dir='ltr'><strong>qui</strong></span> <span class='ocrx_word' id='word_1_313' title='bbox 1088 4196 1222 4265; x_wconf 90' lang='lat' dir='ltr'><strong>dicunt:</strong></span> 
     </span>
     <span class='ocr_line' id='line_1_38' title="bbox 53 4304 1222 4401; baseline -0.006 -23"><span class='ocrx_word' id='word_1_314' title='bbox 53 4313 131 4379; x_wconf 88' lang='lat' dir='ltr'><strong>erat</strong></span> <span class='ocrx_word' id='word_1_315' title='bbox 153 4304 357 4401; x_wconf 88' lang='lat' dir='ltr'><strong>aliquando,</strong></span> <span class='ocrx_word' id='word_1_316' title='bbox 379 4304 515 4397; x_wconf 88' lang='lat' dir='ltr'><strong>qnando</strong></span> <span class='ocrx_word' id='word_1_317' title='bbox 538 4327 606 4373; x_wconf 91' lang='lat' dir='ltr'><strong>non</strong></span> <span class='ocrx_word' id='word_1_318' title='bbox 629 4310 717 4391; x_wconf 90' lang='lat' dir='ltr'><strong>erat,</strong></span> <span class='ocrx_word' id='word_1_319' title='bbox 736 4311 772 4375; x_wconf 91' lang='lat' dir='ltr'><strong>et</strong></span> <span class='ocrx_word' id='word_1_320' title='bbox 786 4304 990 4397; x_wconf 88' lang='lat' dir='ltr'><strong>priusquam</strong></span> <span class='ocrx_word' id='word_1_321' title='bbox 1005 4309 1222 4386; x_wconf 89' lang='lat' dir='ltr'><strong>nasceretur,</strong></span> 
     </span>
     <span class='ocr_line' id='line_1_39' title="bbox 52 4410 1225 4505; baseline -0.009 -22"><span class='ocrx_word' id='word_1_322' title='bbox 52 4438 120 4483; x_wconf 89' lang='lat' dir='ltr'><strong>non</strong></span> <span class='ocrx_word' id='word_1_323' title='bbox 142 4421 233 4499; x_wconf 86' lang='lat' dir='ltr'><strong>erat,</strong></span> <span class='ocrx_word' id='word_1_324' title='bbox 253 4411 390 4505; x_wconf 86' lang='lat' dir='ltr'><strong>etquis</strong></span> <span class='ocrx_word' id='word_1_325' title='bbox 412 4434 454 4482; x_wconf 81' lang='lat' dir='ltr'><strong>ex</strong></span> <span class='ocrx_word' id='word_1_326' title='bbox 478 4411 588 4480; x_wconf 87' lang='lat' dir='ltr'><strong>nullis</strong></span> <span class='ocrx_word' id='word_1_327' title='bbox 611 4410 842 4481; x_wconf 83' lang='lat' dir='ltr'><strong>existentibus</strong></span> <span class='ocrx_word' id='word_1_328' title='bbox 867 4412 984 4480; x_wconf 84' lang='lat' dir='ltr'><strong>factus</strong></span> <span class='ocrx_word' id='word_1_329' title='bbox 999 4414 1064 4494; x_wconf 89' lang='lat' dir='ltr'><strong>est,</strong></span> <span class='ocrx_word' id='word_1_330' title='bbox 1083 4415 1147 4477; x_wconf 90' lang='lat' dir='ltr'><strong>aut</strong></span> <span class='ocrx_word' id='word_1_331' title='bbox 1162 4411 1225 4499; x_wconf 81' lang='lat' dir='ltr'><strong>qui</strong></span> 
     </span>
    </p>
   </div>
   <div class='ocr_carea' id='block_1_2' title="bbox 0 0 1590 4950">
    <p class='ocr_par' dir='ltr' id='par_1_4' title="bbox 0 0 1590 4950">
     <span class='ocr_line' id='line_1_40' title="bbox 0 0 1590 4950; baseline 0 2"><span class='ocrx_word' id='word_1_332' title='bbox 0 0 1590 4950; x_wconf 95' lang='lat' dir='ltr'><strong> </strong></span> 
     </span>
    </p>
   </div>
  </div>
 </body>
</html>
