3172 4950
698 356 736 370 -
757 326 818 388 529
838 360 876 374 ..

202 426 341 494 notione
365 425 568 518 ἑκπορευσεως
593 429 721 500 debent
748 431 906 524 intelligi
928 435 985 506 vel
1011 437 1053 505 de
1080 438 1180 506 donis
1216 438 1372 529 Spiritus

202 532 321 603 Sancti
345 535 403 604 vel
426 535 468 605 de
491 536 654 608 missione
677 540 723 609 ad
745 548 858 613 extra.
949 604 959 627 .,

263 643 310 712 4·.
338 642 440 726 Quod
462 644 531 715 PP.
552 645 679 717 Graeci
702 653 874 721 communi
898 676 1067 724 consensu
1091 657 1234 741 docent,
1261 656 1373 747 Spiri-

199 754 274 818 tum
299 749 468 820 Sanctum
483 774 558 823 esse
580 776 622 821 ex
645 755 750 825 Patre
773 781 835 847 per
850 759 995 846 Filium,
1015 762 1053 830 id
1077 763 1292 833 schismatici
1308 762 1372 831 alii

198 856 305 927 aliter
327 858 554 949 quadruplici
583 861 682 930 modo
710 863 1003 955 interpretantur.
1031 870 1189 960 Spiritus
1221 871 1372 941 Sanctus

197 968 311 1031 estex
326 963 432 1033 Patre
454 987 516 1054 per
530 965 676 1051 Filium,
695 968 720 1036 i.
731 992 762 1039 e.
773 972 931 1060 procedit
945 996 987 1042 cx
1004 997 1055 1060 co,
1071 977 1132 1067 qui
1155 999 1216 1067 per
1238 977 1371 1045 Filium

197 1091 259 1137 seu
288 1071 513 1158 generatione
535 1073 625 1143 Filii
646 1075 752 1145 Pater
780 1084 854 1166 est,
889 1080 946 1149 vel
978 1082 1135 1172 Spiritus
1166 1085 1299 1153 dicitur
1329 1108 1371 1153 ex

196 1175 305 1247 Patre
320 1199 382 1267 per
404 1178 561 1265 Filium,
588 1183 673 1273 quia
694 1185 800 1254 Pater
824 1188 1022 1258 formaliter
1052 1197 1095 1259 ut
1118 1191 1223 1261 Pater
1254 1192 1370 1260 imme·

193 1283 293 1352 dicte
322 1284 477 1355 refertur
500 1287 546 1356 ad
567 1288 725 1375 Filium,
751 1293 795 1361 ad
820 1293 994 1384 Spiritum
1019 1297 1185 1367 Sanctum
1209 1322 1293 1368 vero
1315 1321 1368 1367 re·

195 1394 314 1460 fertur
336 1414 405 1461 non
428 1399 471 1462 ut
493 1395 599 1465 Pater
623 1397 682 1467 sed
706 1404 747 1469 ut
769 1401 923 1491 spirator
939 1399 1115 1495 προβολευςς
1138 1405 1292 1497 adeoque
1302 1416 1370 1472 'no-

195 1496 363 1568 minando
386 1500 526 1569 Patrem
550 1504 651 1593 prius
673 1513 786 1576 mente
809 1517 931 1578 nostra
954 1511 1168 1600 concipimus
1183 1513 1315 1581 Filium
1329 1534 1371 1581 ex

193 1607 303 1678 Patre
326 1610 362 1674 et
385 1605 509 1676 deinde
533 1609 710 1699 Spiritum
734 1614 903 1684 Sanctum
933 1639 976 1684 ex
1007 1617 1204 1707 spiratore,
1239 1620 1370 1711 hocque

196 1714 313 1783 solnm
334 1734 440 1781 sensu
464 1715 587 1803 aiunt,
613 1741 635 1787 a
657 1721 818 1810 Nysseno
841 1730 877 1792 ct
898 1724 1032 1793 Basilio
1048 1725 1182 1795 Filium
1206 1727 1278 1796 dici
1292 1751 1370 1818 pro-

196 1821 291 1888 xime
313 1841 355 1888 ex
378 1818 507 1908 Patre,
534 1824 708 1916 Spiritum
733 1851 815 1899 vero
838 1853 907 1899 non
930 1833 1085 1923 proxime
1118 1835 1177 1903 sed
1200 1859 1263 1926 per
1292 1859 1371 1905 eum

195 1932 258 2023 qui
281 1932 437 2022 proximo
459 1936 513 2000 est
535 1954 577 1999 ex
600 1933 706 2004 Patre
729 1943 766 2006 et
788 1938 996 2028 interposito
1011 1940 1117 2011 Filio.
1131 1942 1171 2012 Si
1195 1942 1281 2011 haec
1303 1966 1372 2011 non

195 2040 360 2130 placent,
386 2037 424 2105 in
439 2046 602 2129 promptu
617 2046 672 2111 est
687 2042 786 2111 alind
804 2051 1043 2134 commentnm;
1061 2070 1231 2141 namque,
1257 2049 1369 2135 aiunt,

195 2149 377 2239 particula
400 2147 450 2217 δια
461 2177 527 2241 per
550 2151 588 2218 in
610 2150 768 2239 personis
792 2150 924 2220 divinis
954 2153 1045 2221 idem
1073 2155 1170 2225 valet
1199 2177 1240 2226 ao
1271 2180 1370 2236 cam,

194 2255 351 2349 adeoque
375 2259 599 2349 significatur
622 2256 796 2346 processio
813 2257 970 2347 Spiritus
987 2260 1110 2329 Sancti
1126 2285 1204 2330 cum
1220 2262 1314 2330 Filio
1330 2285 1372 2331 ex

195 2364 303 2432 Patre
326 2372 363 2434 et
385 2363 736 2435 consubstantialitas
758 2363 845 2431 Filii
860 2384 901 2433 ac
919 2364 1086 2456 Spiritus.
1102 2367 1145 2436 Id
1161 2368 1213 2435 ita
1228 2391 1302 2437 esse
1319 2393 1370 2438 se-

194 2472 250 2540 rio
264 2474 416 2562 probant
428 2472 545 2542 verbis
568 2471 735 2541 S.Basilii
752 2472 807 2559 (dc
825 2471 963 2562 Spiritu
981 2473 1108 2543 Sancto
1125 2498 1154 2543 o.
1166 2475 1217 2561 8.)
1233 2497 1254 2542 a
1271 2477 1372 2545 nobis

194 2605 231 2670 p.
245 2580 326 2652 487.
341 2580 420 2650 488.
439 2580 573 2665 citatis,
592 2580 718 2672 quibus
742 2580 831 2650 dicit
852 2604 895 2650 cx
917 2580 1015 2649 modo
1032 2581 1197 2674 loquendi
1213 2582 1370 2674 Scriptu-

195 2708 269 2772 rae,
296 2688 387 2778 quod
410 2688 516 2757 Pater
539 2693 635 2755 creat
652 2710 718 2776 per
741 2687 893 2768 Filiam,
919 2688 1057 2757 ostendi
1083 2687 1286 2757 sanitatem
1310 2712 1369 2758 vo·

195 2792 362 2864 luntatis.
379 2821 396 2856 n
424 2794 463 2864 Si
486 2795 550 2863 hoc
573 2794 678 2863 etiam
700 2792 840 2879 rideas,
867 2800 910 2863 ut
931 2816 1056 2865 revera
1077 2793 1267 2864 ridiculum
1290 2804 1368 2881 est,

197 2900 364 2970 ultimum
381 2909 539 2992 superest
561 2902 733 2991 effugium
756 2901 855 2970 locus
878 2900 940 2970 ille
964 2901 1150 2972 Graeculis
1165 2904 1368 2989 communis,

198 3009 293 3100 qnod
316 3032 359 3078 ex
381 3011 488 3079 Patre
511 3032 572 3101 per
595 3008 728 3078 Filium
752 3030 821 3075 non
852 3028 999 3099 persona
1030 3009 1188 3099 Spiritus
1220 3011 1370 3096 Sancti,

196 3117 257 3185 sed
281 3117 359 3186 eius
383 3117 473 3186 dona
495 3117 678 3208 procedere
702 3115 879 3185 dicantur.

262 3224 306 3292 5‘.
334 3223 435 3307 Quod
452 3223 622 3293 ¹Christus
645 3223 720 3313 ipse
743 3223 844 3291 docet
865 3221 917 3291 Io.
935 3223 1035 3292 XVI.
1051 3223 1187 3293 14.1s.:
1215 3225 1372 3315 Spiritus

196 3330 362 3400 veritatis
385 3331 426 3398 de
449 3353 523 3399 meo
546 3329 718 3419 accipiet3
737 3328 773 3396 id
791 3327 939 3398 Photius
954 3330 1009 3399 ait
1024 3330 1181 3421 intelligi
1198 3338 1368 3421 oportere:

195 3437 238 3506 de
262 3459 337 3506 meo
359 3438 464 3506 Patre
487 3437 636 3527 accipiet
658 3436 753 3524 (vide
776 3436 869 3526 apud
886 3437 1068 3526 Hugonem
1079 3435 1263 3507 Etherian.
1278 3439 1303 3506 1.
1319 3439 1368 3506 II.

198 3568 228 3614 c.
249 3544 306 3613 18.
321 3544 359 3612 in
382 3545 450 3612 fine
473 3549 510 3612 et
533 3543 862 3631 c.19.;Bessarion.
881 3543 923 3613 de
936 3544 1074 3633 Spiritu
1095 3545 1266 3635 Sanotop.
1281 3545 1368 3632 2413

194 3652 321 3721 Petav.
335 3650 361 3719 1.
377 3650 461 3719 VII.
480 3672 509 3721 c.
531 3649 586 3735 19,
606 3652 721 3737 n.1.).

262 3758 306 3825 δ’.
321 3758 427 3827 Hisce
440 3757 697 3849 interpretandi
713 3756 850 3827 artibus
867 3758 1088 3846 coniungunt
1100 3757 1258 3826 rationes
1274 3756 1368 3825 theo·

193 3866 329 3956 logicas
343 3886 385 3933 ex
401 3866 479 3956 ipsa
494 3870 624 3934 natura
640 3865 803 3954 mysterii
819 3863 1020 3933 Trinitatis.
1040 3863 1079 3933 Si
1093 3863 1249 3954 Spiritus
1266 3865 1372 3933 Sanc·

193 3979 254 4043 tus
278 3995 321 4041 ex
344 3972 450 4041 Patre
473 3976 510 4041 et
530 3972 625 4040 Filio
648 3971 828 4062 procedit,
854 3972 922 4040 dno
946 3977 1030 4040 sunt
1051 3971 1227 4062 principia
1256 3972 1370 4062 Spiri-

191 4086 254 4151 tus
278 4079 423 4168 Sancti,
450 4086 554 4172 atque
578 4080 630 4148 ita
653 4079 711 4151 vel
735 4084 921 4171 utrumque
938 4079 1152 4170 principium
1171 4085 1225 4150 est
1240 4080 1371 4170 perfec-

191 4196 295 4274 tum,
320 4192 397 4257 tum
420 4210 505 4259 vero
528 4188 617 4257 duae
648 4191 754 4257 erunt
784 4187 1019 4278 processiones
1049 4195 1086 4257 et
1116 4188 1185 4257 duo
1216 4186 1373 4277 Spiritus

192 4295 320 4365 Sancti
335 4295 559 4386 procedentes
574 4318 582 4383 3
601 4295 658 4365 vel
674 4295 707 4363 si
722 4294 894 4384 processio
911 4315 982 4363 una
998 4300 1110 4364 estex
1126 4293 1260 4362 duobus
1276 4291 1372 4382 prin·

193 4402 323 4494 oipiis,
348 4403 455 4471 Pater
478 4402 574 4471 solus
597 4424 666 4470 non
688 4400 759 4471 erit
780 4401 961 4471 sufficiens
977 4409 1015 4472 et
1029 4400 1174 4493 proinde
1189 4399 1371 4491 imperfec-

1195 4528 1229 4577 es
