3172 4950
569 340 606 352 -
628 309 649 369 9
671 340 708 355 ..

78 413 172 497 nli),
195 412 277 481 dum
301 417 418 479 tamen
441 411 547 481 Noeti
569 418 606 480 et
629 411 774 481 Sabellii
805 419 841 482 et
864 411 1081 480 Samosateni
1104 413 1222 480 confu-

77 518 178 589 sionem
199 541 424 610 pcrsonarum
447 519 570 589 iisdem
586 520 623 587 in
641 519 729 589 loois
752 520 930 605 damnant,
948 526 984 588 et
1001 519 1102 588 illum
1117 543 1222 588 uuum

77 627 162 696 Deum
182 629 306 697 docent
328 651 402 697 esse
424 629 565 698 Patrem
589 635 625 697 et
646 628 778 697 Filium
801 634 837 697 et
860 627 1032 718 Spiritum
1055 628 1222 697 Sanctum

78 741 131 802 tres
149 734 339 803 distinctos.
355 735 406 803 At
428 734 514 804 haee
536 735 717 825 postulant
740 733 997 825 diligentiorem
1028 735 1222 803 considera-

78 839 178 909 tionem
199 841 236 908 in
259 842 483 934 sequentibus
505 841 674 910 thesibus.

128 946 262 1016 Interim
291 971 332 1018 ex
361 948 585 1018 fundamento
616 949 793 1020 declarato
823 956 986 1021 constant
1016 951 1100 1020 haec
1131 951 1198 1020 duo
1213 975 1240 1021 ε.

80 1056 112 1123 1·.
136 1055 169 1123 Si
190 1056 227 1124 in
251 1056 439 1147 Scriptura
460 1064 496 1127 et
518 1057 555 1127 in
584 1058 841 1147 praedicatione
871 1059 1109 1128 ecclesiastica
1132 1078 1224 1151 qua-

79 1163 119 1231 via
136 1171 243 1235 aetate
266 1189 378 1235 sermo
401 1172 455 1235 est
477 1167 519 1237 de
538 1167 674 1236 unitate
698 1167 817 1236 Patris
835 1173 870 1236 et
888 1165 976 1235 Filii
998 1172 1035 1234 et
1067 1166 1223 1256 Spiritus

77 1273 185 1360 Sancti,
201 1276 256 1343 ita
278 1281 320 1344 ut
343 1277 407 1344 sub
430 1276 565 1345 ratione
589 1276 733 1347 deitatis
750 1276 807 1345 vel
823 1274 1012 1366 dignitatis
1029 1275 1087 1344 vel
1105 1274 1225 1344 cultus

77 1380 168 1451 divini
188 1382 374 1452 exhibendi
398 1389 698 1469 connumerentur,
717 1383 774 1452 vel
791 1383 910 1452 unitas
928 1383 1067 1453 dicatur
1084 1407 1157 1453 esse
1173 1407 1223 1452 se·
1323 1415 1326 1419 ⁴

77 1489 200 1559 cundum
223 1490 481 1577 substantiam,
508 1492 565 1562 vel
588 1492 752 1561 dicantur
775 1514 848 1560 esse
872 1491 1079 1582 simpliciter
1103 1515 1222 1576 unum,

77 1595 119 1663 vel
131 1599 337 1668 attributum
353 1598 590 1690 quodcumque
606 1598 765 1668 divinum
780 1597 980 1668 vindicetur
991 1598 1084 1666 Filio
1099 1604 1136 1668 et
1148 1598 1224 1687 Spi-

76 1703 145 1772 ritui
165 1706 292 1776 Sancto
314 1712 350 1775 et
372 1706 570 1776 eximantur
593 1730 615 1777 a
637 1706 834 1777 conditione
859 1713 1110 1795 creaturarum;
1140 1706 1225 1777 haec

77 1814 167 1881 omnia
187 1815 381 1884 necessario
404 1815 636 1904 intelligenda
659 1823 742 1885 sunt
763 1817 804 1886 de
820 1817 956 1885 unitate
972 1815 1149 1913 numerica
1164 1835 1224 1883 na-

76 1925 154 1990 turae
175 1922 316 1991 divinae
331 1922 369 1990 in
385 1923 501 2008 Patre,
519 1922 664 1994 Filio-et
676 1925 815 2015 Spiritu
827 1924 968 1994 Sancto.
988 1925 1038 2011 2⁰,
1049 1924 1091 1992 In
1109 1923 1224 2013 Scrip-

76 2034 139 2095 tura
151 2036 184 2098 et
198 2052 303 2121 penes
325 2031 448 2099 Patres
462 2030 651 2118 Ecclesiae,
670 2033 731 2125 qui
746 2034 919 2103 unitatem
937 2033 1054 2125 aliquo
1070 2055 1112 2102 ex
1129 2030 1224 2100 hisce

76 2136 164 2204 modis
184 2138 380 2223 vindicant,
406 2137 596 2208 distinctio·
612 2140 704 2210 inter
720 2142 871 2226 Patrem,
889 2141 1033 2226 Filium,
1052 2139 1225 2230 Spiritum

77 2238 218 2314 Sanctum
242 2268 310 2314 non
334 2250 449 2337 potest
471 2247 627 2337 intelligi
658 2248 845 2317 secundum
876 2255 1038 2317 naturam
1069 2248 1224 2318 divinam

74 2354 102 2416 et
117 2353 354 2423 substantiam.
375 2354 412 2423 Si
430 2357 566 2446 quando
582 2356 695 2445 igitur
718 2356 910 2426 looutiones
922 2363 1119 2441 occurrunt,
1138 2377 1226 2448 quae

73 2455 218 2529 ridentur
239 2459 731 2533 indicareeubordinationem
750 2469 786 2532 et
801 2463 1000 2533 inferiorem
1017 2462 1241 2553 dignitatem·

72 2564 158 2633 nnius
177 2588 344 2657 personae
367 2588 449 2657 prae
472 2567 595 2652 altera,
622 2568 707 2638 haec
730 2569 971 2639 subordinatio
995 2574 1087 2639 certe
1109 2570 1153 2636 ab
1175 2567 1225 2636 eis

70 2669 232 2743 intellecta
253 2697 323 2743 non
345 2682 400 2744 est
422 2681 459 2744 et
480 2676 637 2765 intelligi
666 2700 733 2746 non
766 2684 881 2768 potest
910 2677 1047 2746 ratione
1077 2681 1225 2744 naturae

68 2797 99 2846 ac
118 2782 344 2851 substantiae.
360 2781 592 2864 Quantamvis
615 2783 709 2852 enim
729 2784 884 2873 reperias
917 2782 1165 2852 obscuritatem
1188 2782 1225 2849 in

66 2889 337 2983 modo‚loquendi
360 2896 396 2959 et
424 2890 461 2958 in
492 2891 685 2971 scientifica
717 2890 958 2960 conciliatione
985 2881 1137 2959 unitatis
1159 2888 1225 2958 Dei

65 3016 132 3065 oum
153 2997 380 3069 distinctione
403 3000 511 3069 trium
535 3022 639 3090 penes
662 3000 799 3093 aliquos
821 3001 945 3068 Patres
968 3004 1138 3083 vetustos,
1165 2998 1226 3065 ubi

65 3106 235 3175 «nondum
256 3108 409 3197 perfecte
439 3109 482 3177 de
511 3108 688 3177 'trinitate
718 3113 911 3176 tractatum
942 3115 1025 3177 eet»
1052 3106 1173 3196 (Aug.
1188 3105 1226 3174 in

60 3212 175 3284 Paeo.
189 3239 225 3283 n.
244 3216 316 3302 22),
342 3238 405 3305 pro
427 3215 527 3283 nulla
549 3220 665 3286 tannen
687 3222 803 3286 aetate
827 3216 999 3305 dogmatis
1024 3215 1225 3284 fundamen·

59 3322 135 3390 talis
157 3322 199 3392 de
222 3323 360 3392 unitate
383 3322 507 3392 diviua
528 3324 684 3413 expressi
706 3324 743 3391 in
767 3322 923 3412 symbolo
946 3343 968 3388 a
990 3321 1134 3389 summis
1161 3314 1228 3389 Pa:

57 3430 205 3501 storibus
228 3430 405 3523 usquead
428 3430 723 3516 Gateohumenos,
748 3430 924 3521 ignoratio
948 3428 1090 3499 admitti
1113 3432 1228 3518 potest

56 3538 115 3624 ita,
128 3547 171 3609 ut
193 3538 280 3609 haec
302 3539 436 3610 veritas
459 3539 556 3608 intra
577 3540 671 3630 ipsos
695 3541 781 3608 fines
798 3523 976 3609 Ecclesiae
998 3535 1133 3605 nemine
1149 3560 1226 3606 con·

53 3648 246 3718 tradiceute
257 3670 419 3740 umquam
436 3648 474 3718 in
487 3648 673 3718 discrimen
686 3647 804 3719 vocari
815 3646 1038 3737 potuerit(ct“.
1051 3645 1170 3713 'l'ract
1186 3643 1227 3712 de

54 3754 191 3826 Tradit.
202 3763 239 3826 et
254 3757 296 3826 de
308 3756 506 3844 lucarnat.)
