3172 4950
700 304 738 319 -
759 272 819 331 218
841 304 878 318 -

206 398 246 457 nt
270 380 435 453 habitudo
457 377 537 446 inde
561 377 756 445 necessario
784 399 994 469 consequens
1026 378 1240 447 enuntiatur
1271 374 1384 446 inaxi-

207 493 335 565 stentia
358 495 480 556 mutua
504 485 608 552 unius
633 507 798 575 personae
814 484 851 552 iu
874 484 957 551 alia.
977 483 1067 553 Sane
1086 485 1116 553 si
1134 491 1210 554 tres
1235 484 1383 552 interae

207 598 364 673 distincti
388 599 472 663 sunt
495 615 585 661 unus
601 592 695 660 Deus
711 593 839 683 absque
858 591 932 660 ulla
947 591 1174 660 distinctione
1190 589 1380 659 secundum

206 708 412 787 assentiam,
438 705 545 772 Pater
573 702 633 792 qui
656 702 750 769 Deus
774 708 828 769 est
861 725 923 792 per
953 702 1109 770 divinam
1132 700 1324 770 essentiam
1346 704 1381 767 et

207 813 443 887 identificatus
461 833 539 879 oum
554 809 678 877 divina
693 809 856 892 essentia,
874 832 938 879 neo
953 832 1027 878 esse
1044 831 1107 879 nec
1118 810 1262 878 notione
1277 806 1378 899 paulo

208 922 319 1014 magis
342 920 537 1010 adaequata
561 917 694 1006 concipi
718 923 855 1007 potest,
882 918 966 1009 quin
990 917 1027 984 in
1050 940 1086 987 se
1110 917 1241 985 habeat
1262 924 1298 985 et
1320 915 1376 983 ha·

209 1036 285 1101 here
308 1027 533 1116 intelligatur
558 1026 651 1094 sicut
674 1025 830 1093 divinam
854 1027 1053 1111 essentiam,
1079 1048 1230 1119 quacum
1254 1023 1373 1094 identi-

209 1140 346 1219 ficatur,
356 1135 408 1202 ita
422 1141 457 1201 et
468 1133 599 1200 Filium
612 1142 648 1200 et
661 1132 833 1221 Spiritum
850 1132 1029 1219 Sanctum,
1040 1134 1100 1225 qui
1114 1133 1372 1203 identificantur

208 1270 284 1317 cum
307 1242 424 1311 eadem
448 1263 588 1307 numero
612 1241 764 1307 essentia
787 1241 917 1308 Patris.
932 1241 1014 1307 Pari
1038 1241 1175 1309 ratione
1189 1239 1370 1309 necFilins

211 1356 301 1423 Deus
325 1350 414 1418 idem
433 1372 523 1415 unus
545 1371 607 1437 per
630 1348 786 1415 divinam
802 1349 986 1417 essentiam
1002 1372 1075 1417 esse
1092 1355 1156 1416 aut
1171 1349 1306 1438 concipi
1320 1370 1368 1439 po

209 1467 305 1545 test,
331 1458 415 1549 quin
441 1456 556 1523 eodem
580 1455 677 1522 modo
702 1456 739 1523 in
762 1479 827 1525 sna
850 1458 1002 1525 essentia
1025 1480 1102 1525 cum
1126 1459 1204 1547 ipsa
1228 1456 1366 1526 identifi-

209 1578 325 1641 catnm
349 1566 475 1632 haheat
491 1563 629 1632 Patrem
645 1571 681 1632 et
697 1563 868 1652 Spiritum
886 1565 1064 1648 Sanctum,
1081 1572 1118 1633 et
1133 1565 1291 1634 vicissim
1302 1564 1364 1655 spi-

211 1679 303 1747 ritus
327 1674 477 1741 Sanctus
501 1671 638 1738 Patrem
664 1678 699 1740 et
721 1671 866 1740 Filium.
897 1671 1006 1762 «Ego
1030 1674 1066 1741 iu
1090 1673 1196 1741 Patre
1219 1679 1256 1741 et
1276 1672 1364 1739 Pater

211 1786 247 1853 in
272 1804 335 1850 me.
355 1780 421 1847 Est
443 1779 535 1846 enim
558 1779 674 1846 Filius
697 1780 734 1847 in
758 1781 886 1863 Patre,
913 1788 1084 1872 quatenus
1114 1780 1312 1871 intelligere
1330 1778 1362 1845 li-

211 1898 288 1973 cet,
315 1885 485 1977 siquidem
511 1892 622 1952 totum
646 1886 734 1953 Ense
749 1886 835 1953 Filii
852 1888 967 1976 ipsum
984 1887 1156 1956 essentiae
1172 1888 1289 1955 Patris
1302 1907 1362 1977 pro

211 1999 325 2091 prium
348 2000 425 2099 est3
452 1994 733 2084 quemadmodum
756 2018 798 2063 ex
823 1994 900 2064 luce
917 1995 1078 2085 splendor
1093 2003 1129 2064 et
1144 2018 1187 2063 ex
1206 1997 1299 2064 fonte
1313 1994 1363 2061 fln·

213 2106 291 2175 vius
315 2102 385 2189 (1),
412 2100 495 2169 adeo
520 2110 561 2171 ut
586 2104 646 2194 qui
677 2105 775 2173 videt
802 2105 947 2189 Filium,
979 2104 1100 2172 videat
1123 2105 1159 2174 id
1184 2104 1275 2197 quod
1303 2124 1365 2193 pro

211 2212 325 2305 prium
350 2216 403 2277 est
425 2209 543 2277 Patris
571 2211 770 2295 (essentiam
798 2212 949 2297 Patris),
978 2219 1014 2281 et
1042 2212 1228 2301 intelligat
1254 2210 1367 2279 Filium

211 2344 284 2389 esse
310 2320 345 2386 in
369 2319 492 2401 Patre,
519 2342 594 2386 cum
613 2320 700 2386 Esse
723 2321 809 2388 Filii
833 2321 882 2389 sit
896 2343 918 2388 a
935 2322 1039 2389 Patre
1063 2321 1262 2389 derivatum
1279 2318 1367 2406 (iden

212 2432 380 2513 numero).
407 2427 474 2494 Est
497 2449 579 2496 vero
602 2435 638 2496 et
661 2428 765 2497 Pater
790 2431 826 2497 in
849 2429 965 2514 Filio,
992 2429 1160 2521 siquidem
1190 2429 1281 2521 quod
1305 2447 1367 2517 pro

214 2538 326 2627 prium
350 2540 404 2602 est
427 2534 545 2601 Patris
568 2537 749 2622 (essentia)
773 2544 809 2604 et
836 2538 880 2603 ab
909 2560 947 2604 eo
980 2537 1292 2621 communicatum,
1316 2535 1368 2601 hoc

213 2648 326 2736 ipsum
350 2644 464 2711 Filius
488 2651 564 2726 est,
592 2644 686 2712 siout
709 2646 745 2711 in
770 2645 950 2735 splendore
975 2647 1038 2731 sol,
1064 2654 1100 2715 et
1124 2647 1161 2714 in
1186 2646 1292 2714 verbo
1312 2644 1368 2730 (in-

211 2756 326 2837 terno)
350 2774 467 2835 mens,
494 2752 587 2819 etin
612 2751 721 2820 fluvio
745 2754 834 2821 fons.
855 2755 912 2822 Sic
936 2755 1026 2822 enim
1050 2755 1111 2846 qui
1128 2754 1370 2845 contemplatur

212 2860 356 2944 Filium,
375 2860 629 2949 contemplatur
641 2863 731 2953 quod
747 2863 865 2931 Patris
881 2864 1051 2932 esseutiae
1069 2862 1249 2954 propi-ium
1267 2870 1328 2947 est,
1343 2868 1372 2930 et

213 2970 373 3058 agnoscit
388 2969 527 3037 Patrem
543 2993 616 3038 esse
635 2972 669 3039 in
682 2972 788 3041 Filio.
803 2974 836 3042 N
838 2996 891 3040 am
905 2974 1027 3042 cumid
1041 2975 1130 3065 quod
1140 2974 1317 3063 proprium
1328 2978 1374 3039 eet

214 3077 315 3145 Patri
331 3100 449 3165 nempe
463 3078 646 3163 divinitas,
665 3081 713 3148 sit
736 3082 823 3147 Esse
845 3080 944 3164 Filii,
972 3104 1182 3173 consequens
1198 3088 1265 3165 est,
1288 3085 1327 3148 ut
1346 3083 1377 3146 et

218 3185 330 3253 Filius
340 3185 376 3251 in
390 3186 493 3254 Patre
506 3187 555 3253 sit.
567 3196 602 3255 et
609 3190 713 3257 Pater
726 3190 762 3256 in
777 3189 883 3257 Filio.
899 3189 1040 3259 Etenim
1052 3196 1233 3278 propterea
1248 3186 1375 3267 merito,

215 3318 291 3363 cum
308 3302 411 3361 antea
435 3293 597 3362 dixisset:
611 3320 675 3385 ego
692 3304 725 3364 et
743 3298 848 3365 Pater
865 3320 970 3365 unum
989 3320 1119 3380 sumus,
1138 3295 1265 3364 intulit
1281 3292 1377 3361 illud:

215 3426 279 3493 ego
302 3403 338 3469 in
362 3403 466 3470 Patre
489 3410 525 3470 et
548 3403 652 3471 Pater
675 3405 712 3472 iu
736 3428 810 3489 me,
839 3412 879 3472 ut
895 3405 1113 3473 identitatem
1131 3402 1339 3479 divinitatis
1348 3406 1380 3470 et

215 3512 385 3581 unitatem
401 3512 570 3579 essentiae
587 3512 782 3581 ostenderet
797 3542 811 3573 n
830 3513 963 3581 Athen.
983 3520 1104 3581 cont-ra
1118 3511 1244 3579 Arian.
1255 3509 1379 3579 or.HI.

215 3646 250 3689 n.
268 3622 301 3689 3.
319 3652 334 3685 u
350 3622 421 3704 Qui
442 3621 575 3689 Filium
599 3644 679 3689 vere
698 3623 906 3712 sumpserit,
925 3622 1067 3690 habebit
1081 3622 1194 3711 ipsum
1210 3621 1382 3712 utrimque

216 3753 329 3798 secum
354 3730 579 3799 adducentem
604 3730 685 3798 hino
712 3732 849 3800 Patrem
874 3755 973 3800 sunm
998 3731 1078 3799 inde
1096 3730 1268 3819 Spiritum
1282 3727 1382 3797 Sano-

287 3950 329 4025 (1)
349 3957 380 4007 ln
399 3955 560 4008 huiusmodi
584 3955 760 4020 imaginibus
775 3957 880 4021 partim
898 3957 985 4008 etiam
1008 3954 1202 4019 inscriptura
1220 3953 1315 4007 obviis
1328 3968 1380 4005 nna-

216 4044 368 4097 ximororo
387 4044 461 4111 apud
472 4046 572 4097 Patres
593 4051 652 4097 tum
671 4048 738 4097 ante
759 4048 818 4096 tum
831 4056 893 4111 post
905 4044 1063 4096 Concilium
1081 4044 1235 4095 Nicaenum
1257 4043 1384 4109 frequen·

215 4134 287 4185 tatia
308 4136 402 4197 magni
426 4135 555 4191 interest.
580 4144 610 4187 nt
632 4135 817 4198 intelligatur
837 4132 972 4199 splendor
984 4133 1141 4185 immanens
1153 4133 1185 4183 in
1200 4133 1260 4185 luce
1279 4147 1312 4184 eo
1325 4134 1383 4185 solo

215 4222 398 4275 illacrimiue.
425 4224 498 4289 quod
519 4226 566 4277 lux
592 4224 763 4291 principium
778 4221 944 4289 producens,
967 4220 1103 4288 splendor
1121 4217 1322 4292 (impurae)
1336 4222 1385 4276 lux

217 4312 374 4379 refulgens:
392 4316 455 4367 tons
473 4324 500 4368 el
516 4314 621 4367 lluuiua
635 4330 708 4381 aqua
720 4330 793 4369 uua.
810 4314 858 4365 sed
874 4314 937 4365 lons
955 4317 1097 4379 qnatenus
1117 4326 1151 4362 ex
1166 4326 1195 4363 se
1212 4312 1384 4375 scaturiens,

218 4402 322 4455 lluvius
342 4412 482 4471 qnatenus
501 4419 636 4458 emanans
656 4418 688 4455 ex
710 4403 798 4455 tonte.
