<?xml version="1.0" encoding="UTF-8"?>
<!DOCTYPE html PUBLIC "-//W3C//DTD XHTML 1.0 Transitional//EN"
    "http://www.w3.org/TR/xhtml1/DTD/xhtml1-transitional.dtd">
<html xmlns="http://www.w3.org/1999/xhtml" xml:lang="en" lang="en">
 <head>
  <title>
</title>
<meta http-equiv="Content-Type" content="text/html;charset=utf-8" />
  <meta name='ocr-system' content='tesseract 3.04.00' />
  <meta name='ocr-capabilities' content='ocr_page ocr_carea ocr_par ocr_line ocrx_word'/>
</head>
<body>
  <div class='ocr_page' id='page_1' title='image "./tractatusdedeot00frangoog/tractatusdedeot00frangoog_0049.png"; bbox 0 0 3172 4950; ppageno 0'>
   <div class='ocr_carea' id='block_1_1' title="bbox 367 92 1552 2226">
    <p class='ocr_par' dir='ltr' id='par_1_1' title="bbox 367 92 1552 2226">
     <span class='ocr_line' id='line_1_1' title="bbox 368 92 1549 191; baseline -0.004 -23"><span class='ocrx_word' id='word_1_1' title='bbox 368 97 430 191; x_wconf 94' lang='lat' dir='ltr'><strong>qui</strong></span> <span class='ocrx_word' id='word_1_2' title='bbox 453 102 582 166; x_wconf 86' lang='lat' dir='ltr'><strong>natura</strong></span> <span class='ocrx_word' id='word_1_3' title='bbox 603 116 710 164; x_wconf 92' lang='lat' dir='ltr'><strong>unum</strong></span> <span class='ocrx_word' id='word_1_4' title='bbox 733 99 829 179; x_wconf 84' lang='lat' dir='ltr'><strong>sunt,</strong></span> <span class='ocrx_word' id='word_1_5' title='bbox 846 116 978 163; x_wconf 87' lang='lat' dir='ltr'><strong>summe</strong></span> <span class='ocrx_word' id='word_1_6' title='bbox 992 98 1028 162; x_wconf 88' lang='lat' dir='ltr'><strong>et</strong></span> <span class='ocrx_word' id='word_1_7' title='bbox 1050 93 1205 182; x_wconf 72' lang='lat' dir='ltr'>perfecte</span> <span class='ocrx_word' id='word_1_8' title='bbox 1228 92 1419 162; x_wconf 87' lang='lat' dir='ltr'><strong>secundum</strong></span> <span class='ocrx_word' id='word_1_9' title='bbox 1444 115 1549 163; x_wconf 92' lang='lat' dir='ltr'><strong>suum</strong></span> 
     </span>
     <span class='ocr_line' id='line_1_2' title="bbox 368 200 1549 292; baseline -0.003 -18"><span class='ocrx_word' id='word_1_10' title='bbox 368 204 506 274; x_wconf 94' lang='lat' dir='ltr'><strong>modum</strong></span> <span class='ocrx_word' id='word_1_11' title='bbox 529 226 637 272; x_wconf 93' lang='lat' dir='ltr'><strong>unum</strong></span> <span class='ocrx_word' id='word_1_12' title='bbox 660 224 825 271; x_wconf 88' lang='lat' dir='ltr'><strong>essenon</strong></span> <span class='ocrx_word' id='word_1_13' title='bbox 847 208 996 292; x_wconf 76' lang='lat' dir='ltr'><strong>possunt</strong></span> <span class='ocrx_word' id='word_1_14' title='bbox 1018 200 1178 271; x_wconf 83' lang='lat' dir='ltr'><strong>iustitiae</strong></span> <span class='ocrx_word' id='word_1_15' title='bbox 1200 200 1448 291; x_wconf 83' lang='lat' dir='ltr'><strong>plenitudine,</strong></span> <span class='ocrx_word' id='word_1_16' title='bbox 1475 202 1549 271; x_wconf 91' lang='lat' dir='ltr'><strong>nisi</strong></span> 
     </span>
     <span class='ocr_line' id='line_1_3' title="bbox 369 308 1552 402; baseline -0.003 -20"><span class='ocrx_word' id='word_1_17' title='bbox 369 314 405 382; x_wconf 94' lang='lat' dir='ltr'><strong>in</strong></span> <span class='ocrx_word' id='word_1_18' title='bbox 428 314 500 382; x_wconf 89' lang='lat' dir='ltr'><strong>Deo</strong></span> <span class='ocrx_word' id='word_1_19' title='bbox 523 310 762 402; x_wconf 85' lang='lat' dir='ltr'><strong>perficiantur,</strong></span> <span class='ocrx_word' id='word_1_20' title='bbox 789 314 830 378; x_wconf 91' lang='lat' dir='ltr'><strong>ut</strong></span> <span class='ocrx_word' id='word_1_21' title='bbox 852 333 960 379; x_wconf 89' lang='lat' dir='ltr'><strong>unum</strong></span> <span class='ocrx_word' id='word_1_22' title='bbox 983 310 1056 379; x_wconf 91' lang='lat' dir='ltr'><strong>sint</strong></span> <span class='ocrx_word' id='word_1_23' title='bbox 1078 309 1116 376; x_wconf 92' lang='lat' dir='ltr'><strong>in</strong></span> <span class='ocrx_word' id='word_1_24' title='bbox 1139 309 1244 380; x_wconf 86' lang='lat' dir='ltr'><strong>Patre</strong></span> <span class='ocrx_word' id='word_1_25' title='bbox 1260 314 1297 377; x_wconf 89' lang='lat' dir='ltr'><strong>et</strong></span> <span class='ocrx_word' id='word_1_26' title='bbox 1311 308 1421 393; x_wconf 79' lang='lat' dir='ltr'><strong>Filio,</strong></span> <span class='ocrx_word' id='word_1_27' title='bbox 1438 309 1479 379; x_wconf 90' lang='lat' dir='ltr'><strong>id</strong></span> <span class='ocrx_word' id='word_1_28' title='bbox 1494 314 1552 379; x_wconf 84' lang='lat' dir='ltr'><strong>est</strong></span> 
     </span>
     <span class='ocr_line' id='line_1_4' title="bbox 368 416 1547 511; baseline 0.001 -24"><span class='ocrx_word' id='word_1_29' title='bbox 368 420 405 489; x_wconf 93' lang='lat' dir='ltr'><strong>in</strong></span> <span class='ocrx_word' id='word_1_30' title='bbox 428 420 516 511; x_wconf 90' lang='lat' dir='ltr'><strong>ipsis</strong></span> <span class='ocrx_word' id='word_1_31' title='bbox 540 442 658 502; x_wconf 92' lang='lat' dir='ltr'><strong>unum,</strong></span> <span class='ocrx_word' id='word_1_32' title='bbox 676 441 745 488; x_wconf 92' lang='lat' dir='ltr'><strong>non</strong></span> <span class='ocrx_word' id='word_1_33' title='bbox 770 441 847 487; x_wconf 91' lang='lat' dir='ltr'><strong>cum</strong></span> <span class='ocrx_word' id='word_1_34' title='bbox 863 418 950 507; x_wconf 90' lang='lat' dir='ltr'><strong>ipsis</strong></span> <span class='ocrx_word' id='word_1_35' title='bbox 966 441 1072 487; x_wconf 93' lang='lat' dir='ltr'><strong>unum</strong></span> <span class='ocrx_word' id='word_1_36' title='bbox 1086 446 1102 480; x_wconf 77' lang='lat' dir='ltr'><strong>n</strong></span> <span class='ocrx_word' id='word_1_37' title='bbox 1117 418 1213 507; x_wconf 81' lang='lat' dir='ltr'><strong>Aug.</strong></span> <span class='ocrx_word' id='word_1_38' title='bbox 1232 423 1344 486; x_wconf 87' lang='lat' dir='ltr'><strong>contr.</strong></span> <span class='ocrx_word' id='word_1_39' title='bbox 1358 416 1547 488; x_wconf 81' lang='lat' dir='ltr'><strong>Maximin.</strong></span> 
     </span>
     <span class='ocr_line' id='line_1_5' title="bbox 367 524 1548 616; baseline -0.002 -19"><span class='ocrx_word' id='word_1_40' title='bbox 367 530 394 597; x_wconf 92' lang='lat' dir='ltr'><strong>l.</strong></span> <span class='ocrx_word' id='word_1_41' title='bbox 409 528 459 596; x_wconf 92' lang='grc' dir='ltr'><strong>Π.</strong></span> <span class='ocrx_word' id='word_1_42' title='bbox 474 550 503 596; x_wconf 92' lang='lat' dir='ltr'><strong>c.</strong></span> <span class='ocrx_word' id='word_1_43' title='bbox 519 526 575 594; x_wconf 80' lang='lat'><strong>22.</strong></span> <span class='ocrx_word' id='word_1_44' title='bbox 590 549 625 594; x_wconf 96' lang='lat' dir='ltr'><strong>n.</strong></span> <span class='ocrx_word' id='word_1_45' title='bbox 645 527 678 594; x_wconf 90' lang='lat'><strong>1.</strong></span> <span class='ocrx_word' id='word_1_46' title='bbox 696 525 852 616; x_wconf 89' lang='lat' dir='ltr'><strong>Denique</strong></span> <span class='ocrx_word' id='word_1_47' title='bbox 876 524 908 590; x_wconf 82' lang='lat'><strong>3·</strong></span> <span class='ocrx_word' id='word_1_48' title='bbox 931 524 1119 615; x_wconf 87' lang='lat' dir='ltr'><strong>aliqnando</strong></span> <span class='ocrx_word' id='word_1_49' title='bbox 1142 524 1278 597; x_wconf 79' lang='lat' dir='ltr'><strong>Patres.</strong></span> <span class='ocrx_word' id='word_1_50' title='bbox 1290 524 1376 595; x_wconf 80' lang='lat' dir='ltr'><strong>hoec</strong></span> <span class='ocrx_word' id='word_1_51' title='bbox 1400 525 1482 615; x_wconf 83' lang='lat' dir='ltr'><strong>ipsa</strong></span> <span class='ocrx_word' id='word_1_52' title='bbox 1497 531 1548 595; x_wconf 85' lang='lat' dir='ltr'><strong>te·</strong></span> 
     </span>
     <span class='ocr_line' id='line_1_6' title="bbox 369 632 1549 723; baseline -0.002 -19"><span class='ocrx_word' id='word_1_53' title='bbox 369 635 531 706; x_wconf 89' lang='lat' dir='ltr'><strong>stimonia</strong></span> <span class='ocrx_word' id='word_1_54' title='bbox 554 634 592 702; x_wconf 93' lang='lat' dir='ltr'><strong>in</strong></span> <span class='ocrx_word' id='word_1_55' title='bbox 621 633 773 702; x_wconf 86' lang='lat' dir='ltr'><strong>Arianos</strong></span> <span class='ocrx_word' id='word_1_56' title='bbox 805 639 1020 723; x_wconf 76' lang='lat' dir='ltr'><strong>retorquent.</strong></span> <span class='ocrx_word' id='word_1_57' title='bbox 1057 632 1273 723; x_wconf 89' lang='lat' dir='ltr'><strong>Principium</strong></span> <span class='ocrx_word' id='word_1_58' title='bbox 1303 633 1396 702; x_wconf 91' lang='lat' dir='ltr'><strong>enim</strong></span> <span class='ocrx_word' id='word_1_59' title='bbox 1429 633 1549 703; x_wconf 84' lang='lat' dir='ltr'><strong>unita·</strong></span> 
     </span>
     <span class='ocr_line' id='line_1_7' title="bbox 368 739 1547 834; baseline -0.001 -22"><span class='ocrx_word' id='word_1_60' title='bbox 368 743 429 828; x_wconf 88' lang='lat' dir='ltr'><strong>tis,</strong></span> <span class='ocrx_word' id='word_1_61' title='bbox 455 763 558 834; x_wconf 83' lang='lat' dir='ltr'><strong>quem</strong></span> <span class='ocrx_word' id='word_1_62' title='bbox 580 741 748 810; x_wconf 81' lang='lat' dir='ltr'><strong>Dominus</strong></span> <span class='ocrx_word' id='word_1_63' title='bbox 771 739 927 831; x_wconf 90' lang='lat' dir='ltr'><strong>postulat</strong></span> <span class='ocrx_word' id='word_1_64' title='bbox 945 739 1119 825; x_wconf 84' lang='lat' dir='ltr'><strong>fidelibus,</strong></span> <span class='ocrx_word' id='word_1_65' title='bbox 1134 746 1189 810; x_wconf 87' lang='lat' dir='ltr'><strong>est</strong></span> <span class='ocrx_word' id='word_1_66' title='bbox 1205 742 1242 809; x_wconf 91' lang='lat' dir='ltr'><strong>in</strong></span> <span class='ocrx_word' id='word_1_67' title='bbox 1257 740 1381 810; x_wconf 85' lang='lat' dir='ltr'><strong>multis</strong></span> <span class='ocrx_word' id='word_1_68' title='bbox 1398 740 1547 812; x_wconf 81' lang='lat' dir='ltr'><strong>distinc-</strong></span> 
     </span>
     <span class='ocr_line' id='line_1_8' title="bbox 368 848 1549 940; baseline 0.001 -20"><span class='ocrx_word' id='word_1_69' title='bbox 368 851 417 921; x_wconf 85' lang='lat' dir='ltr'><strong>tis</strong></span> <span class='ocrx_word' id='word_1_70' title='bbox 439 871 580 919; x_wconf 84' lang='lat' dir='ltr'><strong>numero</strong></span> <span class='ocrx_word' id='word_1_71' title='bbox 608 872 727 934; x_wconf 88' lang='lat' dir='ltr'><strong>unum,</strong></span> <span class='ocrx_word' id='word_1_72' title='bbox 753 848 1085 939; x_wconf 80' lang='lat' dir='ltr'><strong>SpiritusSanotus</strong></span> <span class='ocrx_word' id='word_1_73' title='bbox 1109 848 1243 918; x_wconf 88' lang='lat' dir='ltr'><strong>scilicet</strong></span> <span class='ocrx_word' id='word_1_74' title='bbox 1275 848 1336 940; x_wconf 90' lang='lat' dir='ltr'><strong>qni</strong></span> <span class='ocrx_word' id='word_1_75' title='bbox 1359 849 1472 919; x_wconf 88' lang='lat' dir='ltr'><strong>datus</strong></span> <span class='ocrx_word' id='word_1_76' title='bbox 1494 859 1549 921; x_wconf 86' lang='lat' dir='ltr'><strong>est</strong></span> 
     </span>
     <span class='ocr_line' id='line_1_9' title="bbox 367 955 1547 1048; baseline 0.001 -22"><span class='ocrx_word' id='word_1_77' title='bbox 367 958 478 1042; x_wconf 91' lang='lat' dir='ltr'><strong>nobis,</strong></span> <span class='ocrx_word' id='word_1_78' title='bbox 503 961 540 1025; x_wconf 91' lang='lat' dir='ltr'><strong>et</strong></span> <span class='ocrx_word' id='word_1_79' title='bbox 561 955 725 1025; x_wconf 86' lang='lat' dir='ltr'><strong>Christus</strong></span> <span class='ocrx_word' id='word_1_80' title='bbox 741 955 801 1048; x_wconf 90' lang='lat' dir='ltr'><strong>qui</strong></span> <span class='ocrx_word' id='word_1_81' title='bbox 817 978 879 1046; x_wconf 90' lang='lat' dir='ltr'><strong>per</strong></span> <span class='ocrx_word' id='word_1_82' title='bbox 894 960 1059 1023; x_wconf 83' lang='lat' dir='ltr'><strong>usturam</strong></span> <span class='ocrx_word' id='word_1_83' title='bbox 1081 960 1236 1023; x_wconf 87' lang='lat' dir='ltr'><strong>nostram</strong></span> <span class='ocrx_word' id='word_1_84' title='bbox 1258 961 1476 1046; x_wconf 84' lang='lat' dir='ltr'><strong>assumptam</strong></span> <span class='ocrx_word' id='word_1_85' title='bbox 1493 965 1547 1027; x_wconf 88' lang='lat' dir='ltr'><strong>est</strong></span> 
     </span>
     <span class='ocr_line' id='line_1_10' title="bbox 369 1063 1545 1156; baseline -0.002 -20"><span class='ocrx_word' id='word_1_86' title='bbox 369 1069 476 1156; x_wconf 86' lang='lat' dir='ltr'><strong>caput</strong></span> <span class='ocrx_word' id='word_1_87' title='bbox 497 1063 687 1155; x_wconf 89' lang='lat' dir='ltr'><strong>Ecclesiae,</strong></span> <span class='ocrx_word' id='word_1_88' title='bbox 709 1085 781 1131; x_wconf 76' lang='lat' dir='ltr'><strong>aex</strong></span> <span class='ocrx_word' id='word_1_89' title='bbox 801 1085 868 1155; x_wconf 90' lang='lat' dir='ltr'><strong>quo</strong></span> <span class='ocrx_word' id='word_1_90' title='bbox 891 1068 1004 1132; x_wconf 89' lang='lat' dir='ltr'><strong>totum</strong></span> <span class='ocrx_word' id='word_1_91' title='bbox 1028 1084 1152 1153; x_wconf 88' lang='lat' dir='ltr'><strong>corpus</strong></span> <span class='ocrx_word' id='word_1_92' title='bbox 1176 1069 1390 1154; x_wconf 74' lang='lat' dir='ltr'><strong>compactum</strong></span> <span class='ocrx_word' id='word_1_93' title='bbox 1414 1069 1452 1134; x_wconf 89' lang='lat' dir='ltr'><strong>et</strong></span> <span class='ocrx_word' id='word_1_94' title='bbox 1468 1088 1545 1134; x_wconf 91' lang='lat' dir='ltr'><strong>oon·</strong></span> 
     </span>
     <span class='ocr_line' id='line_1_11' title="bbox 368 1170 1543 1262; baseline -0.002 -18"><span class='ocrx_word' id='word_1_95' title='bbox 368 1196 494 1244; x_wconf 87' lang='lat' dir='ltr'><strong>nexum</strong></span> <span class='ocrx_word' id='word_1_96' title='bbox 516 1195 578 1262; x_wconf 91' lang='lat' dir='ltr'><strong>per</strong></span> <span class='ocrx_word' id='word_1_97' title='bbox 601 1190 732 1239; x_wconf 86' lang='lat' dir='ltr'><strong>omnem</strong></span> <span class='ocrx_word' id='word_1_98' title='bbox 757 1171 955 1239; x_wconf 90' lang='lat' dir='ltr'><strong>iuncturam</strong></span> <span class='ocrx_word' id='word_1_99' title='bbox 979 1170 1357 1240; x_wconf 81' lang='lat' dir='ltr'><strong>subministrationis...</strong></span> <span class='ocrx_word' id='word_1_100' title='bbox 1377 1192 1543 1262; x_wconf 78' lang='lat' dir='ltr'><strong>augmen·</strong></span> 
     </span>
     <span class='ocr_line' id='line_1_12' title="bbox 367 1277 1540 1370; baseline -0.007 -19"><span class='ocrx_word' id='word_1_101' title='bbox 367 1287 443 1351; x_wconf 89' lang='lat' dir='ltr'><strong>tum</strong></span> <span class='ocrx_word' id='word_1_102' title='bbox 477 1280 632 1370; x_wconf 90' lang='lat' dir='ltr'><strong>corporis</strong></span> <span class='ocrx_word' id='word_1_103' title='bbox 667 1278 755 1347; x_wconf 90' lang='lat' dir='ltr'><strong>facit</strong></span> <span class='ocrx_word' id='word_1_104' title='bbox 787 1279 825 1347; x_wconf 94' lang='lat' dir='ltr'><strong>in</strong></span> <span class='ocrx_word' id='word_1_105' title='bbox 858 1277 1133 1347; x_wconf 85' lang='lat' dir='ltr'><strong>aedificationem</strong></span> <span class='ocrx_word' id='word_1_106' title='bbox 1167 1277 1224 1346; x_wconf 88' lang='lat' dir='ltr'><strong>sui</strong></span> <span class='ocrx_word' id='word_1_107' title='bbox 1256 1277 1293 1345; x_wconf 89' lang='lat' dir='ltr'><strong>in</strong></span> <span class='ocrx_word' id='word_1_108' title='bbox 1328 1278 1540 1349; x_wconf 72' lang='lat' dir='ltr'><strong>charitates</strong></span> 
     </span>
     <span class='ocr_line' id='line_1_13' title="bbox 369 1385 1541 1478; baseline 0.002 -23"><span class='ocrx_word' id='word_1_109' title='bbox 369 1387 475 1478; x_wconf 88' lang='lat' dir='ltr'><strong>(Eph.</strong></span> <span class='ocrx_word' id='word_1_110' title='bbox 489 1387 554 1455; x_wconf 87' lang='lat' dir='ltr'><strong>IV.</strong></span> <span class='ocrx_word' id='word_1_111' title='bbox 572 1387 652 1472; x_wconf 80' lang='lat'><strong>16),</strong></span> <span class='ocrx_word' id='word_1_112' title='bbox 677 1392 714 1454; x_wconf 89' lang='lat' dir='ltr'><strong>et</strong></span> <span class='ocrx_word' id='word_1_113' title='bbox 737 1385 798 1476; x_wconf 90' lang='lat' dir='ltr'><strong>qui</strong></span> <span class='ocrx_word' id='word_1_114' title='bbox 822 1407 962 1474; x_wconf 90' lang='lat' dir='ltr'><strong>corpore</strong></span> <span class='ocrx_word' id='word_1_115' title='bbox 986 1407 1068 1468; x_wconf 81' lang='lat' dir='ltr'><strong>suo,</strong></span> <span class='ocrx_word' id='word_1_116' title='bbox 1095 1385 1185 1476; x_wconf 92' lang='lat' dir='ltr'><strong>quod</strong></span> <span class='ocrx_word' id='word_1_117' title='bbox 1216 1390 1271 1454; x_wconf 90' lang='lat' dir='ltr'><strong>est</strong></span> <span class='ocrx_word' id='word_1_118' title='bbox 1293 1407 1403 1454; x_wconf 92' lang='lat' dir='ltr'><strong>unum</strong></span> <span class='ocrx_word' id='word_1_119' title='bbox 1426 1410 1541 1457; x_wconf 88' lang='lat' dir='ltr'><strong>nume·</strong></span> 
     </span>
     <span class='ocr_line' id='line_1_14' title="bbox 369 1493 1542 1580; baseline 0.001 -15"><span class='ocrx_word' id='word_1_120' title='bbox 369 1519 421 1580; x_wconf 90' lang='lat' dir='ltr'><strong>ro,</strong></span> <span class='ocrx_word' id='word_1_121' title='bbox 446 1497 485 1562; x_wconf 93' lang='lat' dir='ltr'><strong>in</strong></span> <span class='ocrx_word' id='word_1_122' title='bbox 509 1500 724 1563; x_wconf 84' lang='lat' dir='ltr'><strong>sacramento</strong></span> <span class='ocrx_word' id='word_1_123' title='bbox 747 1493 994 1563; x_wconf 76' lang='lat' dir='ltr'><strong>Eucharistiae</strong></span> <span class='ocrx_word' id='word_1_124' title='bbox 1018 1498 1072 1562; x_wconf 89' lang='lat' dir='ltr'><strong>est</strong></span> <span class='ocrx_word' id='word_1_125' title='bbox 1105 1513 1209 1561; x_wconf 89' lang='lat' dir='ltr'><strong>causa</strong></span> <span class='ocrx_word' id='word_1_126' title='bbox 1241 1498 1278 1562; x_wconf 93' lang='lat' dir='ltr'><strong>et</strong></span> <span class='ocrx_word' id='word_1_127' title='bbox 1307 1494 1434 1564; x_wconf 88' lang='lat' dir='ltr'><strong>uniens</strong></span> <span class='ocrx_word' id='word_1_128' title='bbox 1468 1496 1542 1566; x_wconf 87' lang='lat' dir='ltr'><strong>vin·</strong></span> 
     </span>
     <span class='ocr_line' id='line_1_15' title="bbox 369 1599 1542 1690; baseline 0 -18"><span class='ocrx_word' id='word_1_129' title='bbox 369 1601 485 1672; x_wconf 92' lang='lat' dir='ltr'><strong>culum</strong></span> <span class='ocrx_word' id='word_1_130' title='bbox 509 1600 697 1670; x_wconf 89' lang='lat' dir='ltr'><strong>charitatis</strong></span> <span class='ocrx_word' id='word_1_131' title='bbox 719 1600 887 1670; x_wconf 83' lang='lat' dir='ltr'><strong>fidelium.</strong></span> <span class='ocrx_word' id='word_1_132' title='bbox 911 1601 1028 1690; x_wconf 82' lang='lat' dir='ltr'><strong>Atque</strong></span> <span class='ocrx_word' id='word_1_133' title='bbox 1045 1600 1099 1668; x_wconf 83' lang='lat' dir='ltr'><strong>its</strong></span> <span class='ocrx_word' id='word_1_134' title='bbox 1117 1599 1399 1689; x_wconf 88' lang='lat' dir='ltr'><strong>supernaturalis</strong></span> <span class='ocrx_word' id='word_1_135' title='bbox 1424 1603 1542 1672; x_wconf 84' lang='lat' dir='ltr'><strong>unitas</strong></span> 
     </span>
     <span class='ocr_line' id='line_1_16' title="bbox 368 1706 1542 1797; baseline 0.001 -19"><span class='ocrx_word' id='word_1_136' title='bbox 368 1708 524 1778; x_wconf 86' lang='lat' dir='ltr'><strong>fidelium</strong></span> <span class='ocrx_word' id='word_1_137' title='bbox 546 1713 704 1797; x_wconf 82' lang='lat' dir='ltr'><strong>spectata</strong></span> <span class='ocrx_word' id='word_1_138' title='bbox 726 1729 803 1775; x_wconf 90' lang='lat' dir='ltr'><strong>oum</strong></span> <span class='ocrx_word' id='word_1_139' title='bbox 826 1728 889 1774; x_wconf 88' lang='lat' dir='ltr'><strong>suo</strong></span> <span class='ocrx_word' id='word_1_140' title='bbox 913 1706 1086 1797; x_wconf 89' lang='lat' dir='ltr'><strong>principio</strong></span> <span class='ocrx_word' id='word_1_141' title='bbox 1108 1712 1163 1775; x_wconf 87' lang='lat' dir='ltr'><strong>est</strong></span> <span class='ocrx_word' id='word_1_142' title='bbox 1186 1707 1301 1796; x_wconf 80' lang='lat' dir='ltr'><strong>imago</strong></span> <span class='ocrx_word' id='word_1_143' title='bbox 1318 1706 1542 1779; x_wconf 85' lang='lat' dir='ltr'><strong>illiusexem·</strong></span> 
     </span>
     <span class='ocr_line' id='line_1_17' title="bbox 368 1813 1543 1908; baseline 0.003 -25"><span class='ocrx_word' id='word_1_144' title='bbox 368 1815 503 1908; x_wconf 80' lang='lat' dir='ltr'><strong>pluris,</strong></span> <span class='ocrx_word' id='word_1_145' title='bbox 528 1814 590 1883; x_wconf 93' lang='lat' dir='ltr'><strong>ubi</strong></span> <span class='ocrx_word' id='word_1_146' title='bbox 612 1834 684 1882; x_wconf 86' lang='lat' dir='ltr'><strong>une</strong></span> <span class='ocrx_word' id='word_1_147' title='bbox 705 1835 847 1882; x_wconf 90' lang='lat' dir='ltr'><strong>numero</strong></span> <span class='ocrx_word' id='word_1_148' title='bbox 877 1819 1006 1882; x_wconf 88' lang='lat' dir='ltr'><strong>natura</strong></span> <span class='ocrx_word' id='word_1_149' title='bbox 1032 1813 1154 1882; x_wconf 85' lang='lat' dir='ltr'><strong>divina</strong></span> <span class='ocrx_word' id='word_1_150' title='bbox 1176 1819 1232 1883; x_wconf 85' lang='lat' dir='ltr'><strong>est</strong></span> <span class='ocrx_word' id='word_1_151' title='bbox 1261 1815 1422 1885; x_wconf 86' lang='lat' dir='ltr'><strong>formalis</strong></span> <span class='ocrx_word' id='word_1_152' title='bbox 1449 1818 1543 1886; x_wconf 85' lang='lat' dir='ltr'><strong>ratio</strong></span> 
     </span>
     <span class='ocr_line' id='line_1_18' title="bbox 368 1920 1542 2009; baseline 0.002 -16"><span class='ocrx_word' id='word_1_153' title='bbox 368 1923 520 1993; x_wconf 82' lang='lat' dir='ltr'><strong>unitatis</strong></span> <span class='ocrx_word' id='word_1_154' title='bbox 541 1922 670 2005; x_wconf 84' lang='lat' dir='ltr'><strong>Patris,</strong></span> <span class='ocrx_word' id='word_1_155' title='bbox 688 1920 775 1990; x_wconf 83' lang='lat' dir='ltr'><strong>Filii</strong></span> <span class='ocrx_word' id='word_1_156' title='bbox 791 1927 828 1990; x_wconf 89' lang='lat' dir='ltr'><strong>et</strong></span> <span class='ocrx_word' id='word_1_157' title='bbox 850 1920 1006 2009; x_wconf 85' lang='lat' dir='ltr'><strong>Spiritus</strong></span> <span class='ocrx_word' id='word_1_158' title='bbox 1030 1920 1163 1990; x_wconf 87' lang='lat' dir='ltr'><strong>Sancti.</strong></span> <span class='ocrx_word' id='word_1_159' title='bbox 1185 1920 1301 1990; x_wconf 73' lang='lat' dir='ltr'><strong>«Cum</strong></span> <span class='ocrx_word' id='word_1_160' title='bbox 1317 1922 1359 1991; x_wconf 88' lang='lat' dir='ltr'><strong>de</strong></span> <span class='ocrx_word' id='word_1_161' title='bbox 1375 1923 1478 1993; x_wconf 89' lang='lat' dir='ltr'><strong>nobis</strong></span> <span class='ocrx_word' id='word_1_162' title='bbox 1492 1925 1542 1995; x_wconf 88' lang='lat' dir='ltr'><strong>di·</strong></span> 
     </span>
     <span class='ocr_line' id='line_1_19' title="bbox 368 2028 1541 2122; baseline 0 -22"><span class='ocrx_word' id='word_1_163' title='bbox 368 2032 424 2100; x_wconf 88' lang='lat' dir='ltr'><strong>xit</strong></span> <span class='ocrx_word' id='word_1_164' title='bbox 447 2030 624 2101; x_wconf 88' lang='lat' dir='ltr'><strong>Salvator:</strong></span> <span class='ocrx_word' id='word_1_165' title='bbox 650 2029 742 2098; x_wconf 86' lang='lat' dir='ltr'><strong>sicut</strong></span> <span class='ocrx_word' id='word_1_166' title='bbox 764 2034 805 2097; x_wconf 89' lang='lat' dir='ltr'><strong>tu</strong></span> <span class='ocrx_word' id='word_1_167' title='bbox 828 2028 933 2096; x_wconf 90' lang='lat' dir='ltr'><strong>Pater</strong></span> <span class='ocrx_word' id='word_1_168' title='bbox 956 2028 994 2096; x_wconf 94' lang='lat' dir='ltr'><strong>in</strong></span> <span class='ocrx_word' id='word_1_169' title='bbox 1014 2050 1066 2097; x_wconf 93' lang='lat' dir='ltr'><strong>me</strong></span> <span class='ocrx_word' id='word_1_170' title='bbox 1090 2034 1125 2097; x_wconf 86' lang='lat' dir='ltr'><strong>et</strong></span> <span class='ocrx_word' id='word_1_171' title='bbox 1147 2051 1212 2118; x_wconf 79' lang='lat' dir='ltr'><strong>ego</strong></span> <span class='ocrx_word' id='word_1_172' title='bbox 1228 2029 1265 2097; x_wconf 90' lang='lat' dir='ltr'><strong>in</strong></span> <span class='ocrx_word' id='word_1_173' title='bbox 1281 2035 1329 2114; x_wconf 83' lang='lat' dir='ltr'><strong>te,</strong></span> <span class='ocrx_word' id='word_1_174' title='bbox 1347 2036 1389 2099; x_wconf 87' lang='lat' dir='ltr'><strong>ut</strong></span> <span class='ocrx_word' id='word_1_175' title='bbox 1411 2036 1448 2099; x_wconf 87' lang='lat' dir='ltr'><strong>et</strong></span> <span class='ocrx_word' id='word_1_176' title='bbox 1473 2032 1541 2122; x_wconf 89' lang='lat' dir='ltr'><strong>ipsi</strong></span> 
     </span>
     <span class='ocr_line' id='line_1_20' title="bbox 368 2135 1542 2226; baseline 0.003 -18"><span class='ocrx_word' id='word_1_177' title='bbox 368 2140 407 2208; x_wconf 92' lang='lat' dir='ltr'><strong>in</strong></span> <span class='ocrx_word' id='word_1_178' title='bbox 429 2139 527 2208; x_wconf 89' lang='lat' dir='ltr'><strong>nobis</strong></span> <span class='ocrx_word' id='word_1_179' title='bbox 551 2160 657 2206; x_wconf 91' lang='lat' dir='ltr'><strong>unum</strong></span> <span class='ocrx_word' id='word_1_180' title='bbox 681 2136 765 2221; x_wconf 88' lang='lat' dir='ltr'><strong>sint,</strong></span> <span class='ocrx_word' id='word_1_181' title='bbox 791 2158 858 2204; x_wconf 90' lang='lat' dir='ltr'><strong>non</strong></span> <span class='ocrx_word' id='word_1_182' title='bbox 881 2135 1101 2205; x_wconf 81' lang='lat' dir='ltr'><strong>identitatem</strong></span> <span class='ocrx_word' id='word_1_183' title='bbox 1124 2159 1202 2206; x_wconf 92' lang='lat' dir='ltr'><strong>cum</strong></span> <span class='ocrx_word' id='word_1_184' title='bbox 1225 2137 1301 2226; x_wconf 91' lang='lat' dir='ltr'><strong>ipso</strong></span> <span class='ocrx_word' id='word_1_185' title='bbox 1323 2160 1386 2205; x_wconf 90' lang='lat' dir='ltr'><strong>nos</strong></span> <span class='ocrx_word' id='word_1_186' title='bbox 1402 2138 1542 2211; x_wconf 80' lang='lat' dir='ltr'><strong>habitu·</strong></span> 
     </span>
    </p>
   </div>
   <div class='ocr_carea' id='block_1_2' title="bbox 369 2244 1543 2446">
    <p class='ocr_par' dir='ltr' id='par_1_2' title="bbox 369 2244 1543 2446">
     <span class='ocr_line' id='line_1_21' title="bbox 369 2244 1543 2336; baseline -0.002 -19"><span class='ocrx_word' id='word_1_187' title='bbox 369 2270 426 2317; x_wconf 88' lang='lat' dir='ltr'><strong>ros</strong></span> <span class='ocrx_word' id='word_1_188' title='bbox 449 2245 715 2336; x_wconf 86' lang='lat' dir='ltr'><strong>significatur...</strong></span> <span class='ocrx_word' id='word_1_189' title='bbox 736 2245 795 2314; x_wconf 88' lang='lat' dir='ltr'><strong>sed</strong></span> <span class='ocrx_word' id='word_1_190' title='bbox 818 2251 872 2313; x_wconf 90' lang='lat' dir='ltr'><strong>est</strong></span> <span class='ocrx_word' id='word_1_191' title='bbox 895 2244 1085 2334; x_wconf 83' lang='lat' dir='ltr'><strong>postulatio</strong></span> <span class='ocrx_word' id='word_1_192' title='bbox 1109 2245 1153 2313; x_wconf 88' lang='lat' dir='ltr'><strong>ad</strong></span> <span class='ocrx_word' id='word_1_193' title='bbox 1176 2245 1335 2329; x_wconf 88' lang='lat' dir='ltr'><strong>Patrem,</strong></span> <span class='ocrx_word' id='word_1_194' title='bbox 1361 2245 1417 2314; x_wconf 87' lang='lat' dir='ltr'><strong>uti</strong></span> <span class='ocrx_word' id='word_1_195' title='bbox 1441 2246 1543 2316; x_wconf 89' lang='lat' dir='ltr'><strong>Ioan-</strong></span> 
     </span>
     <span class='ocr_line' id='line_1_22' title="bbox 369 2351 1543 2446; baseline 0.001 -23"><span class='ocrx_word' id='word_1_196' title='bbox 369 2377 430 2424; x_wconf 87' lang='lat' dir='ltr'><strong>nes</strong></span> <span class='ocrx_word' id='word_1_197' title='bbox 453 2354 589 2438; x_wconf 88' lang='lat' dir='ltr'><strong>scribit,</strong></span> <span class='ocrx_word' id='word_1_198' title='bbox 615 2359 658 2421; x_wconf 93' lang='lat' dir='ltr'><strong>ut</strong></span> <span class='ocrx_word' id='word_1_199' title='bbox 679 2376 741 2444; x_wconf 91' lang='lat' dir='ltr'><strong>per</strong></span> <span class='ocrx_word' id='word_1_200' title='bbox 764 2352 879 2443; x_wconf 90' lang='lat' dir='ltr'><strong>ipsum</strong></span> <span class='ocrx_word' id='word_1_201' title='bbox 893 2351 1072 2421; x_wconf 86' lang='lat' dir='ltr'><strong>Christum</strong></span> <span class='ocrx_word' id='word_1_202' title='bbox 1088 2352 1250 2422; x_wconf 90' lang='lat' dir='ltr'><strong>fidelibus</strong></span> <span class='ocrx_word' id='word_1_203' title='bbox 1266 2353 1450 2442; x_wconf 56' lang='lat' dir='ltr'><strong>imfflrtiat</strong></span> <span class='ocrx_word' id='word_1_204' title='bbox 1465 2355 1543 2446; x_wconf 85' lang='lat' dir='ltr'><strong>Spi-</strong></span> 
     </span>
    </p>
   </div>
   <div class='ocr_carea' id='block_1_3' title="bbox 323 2459 1544 4170">
    <p class='ocr_par' dir='ltr' id='par_1_3' title="bbox 323 2459 1544 4170">
     <span class='ocr_line' id='line_1_23' title="bbox 369 2459 1543 2551; baseline 0.001 -19"><span class='ocrx_word' id='word_1_205' title='bbox 369 2462 490 2546; x_wconf 88' lang='lat' dir='ltr'><strong>ritum,</strong></span> <span class='ocrx_word' id='word_1_206' title='bbox 516 2483 577 2551; x_wconf 90' lang='lat' dir='ltr'><strong>per</strong></span> <span class='ocrx_word' id='word_1_207' title='bbox 601 2482 701 2551; x_wconf 88' lang='lat' dir='ltr'><strong>quem</strong></span> <span class='ocrx_word' id='word_1_208' title='bbox 724 2466 760 2529; x_wconf 89' lang='lat' dir='ltr'><strong>et</strong></span> <span class='ocrx_word' id='word_1_209' title='bbox 784 2460 942 2529; x_wconf 89' lang='lat' dir='ltr'><strong>videmur</strong></span> <span class='ocrx_word' id='word_1_210' title='bbox 965 2459 1003 2528; x_wconf 97' lang='lat' dir='ltr'><strong>in</strong></span> <span class='ocrx_word' id='word_1_211' title='bbox 1026 2460 1097 2529; x_wconf 89' lang='lat' dir='ltr'><strong>Deo</strong></span> <span class='ocrx_word' id='word_1_212' title='bbox 1119 2483 1195 2530; x_wconf 88' lang='lat' dir='ltr'><strong>esse</strong></span> <span class='ocrx_word' id='word_1_213' title='bbox 1211 2465 1248 2530; x_wconf 90' lang='lat' dir='ltr'><strong>et</strong></span> <span class='ocrx_word' id='word_1_214' title='bbox 1264 2460 1454 2546; x_wconf 90' lang='lat' dir='ltr'><strong>secundum</strong></span> <span class='ocrx_word' id='word_1_215' title='bbox 1478 2462 1543 2534; x_wconf 90' lang='lat' dir='ltr'><strong>hoc</strong></span> 
     </span>
     <span class='ocr_line' id='line_1_24' title="bbox 369 2565 1540 2659; baseline 0.003 -21"><span class='ocrx_word' id='word_1_216' title='bbox 369 2569 407 2638; x_wconf 93' lang='lat' dir='ltr'><strong>in</strong></span> <span class='ocrx_word' id='word_1_217' title='bbox 430 2569 506 2657; x_wconf 93' lang='lat' dir='ltr'><strong>ipso</strong></span> <span class='ocrx_word' id='word_1_218' title='bbox 530 2567 669 2658; x_wconf 85' lang='lat' dir='ltr'><strong>Spiritu</strong></span> <span class='ocrx_word' id='word_1_219' title='bbox 691 2566 868 2656; x_wconf 87' lang='lat' dir='ltr'><strong>coniungi.</strong></span> <span class='ocrx_word' id='word_1_220' title='bbox 896 2565 989 2648; x_wconf 79' lang='lat' dir='ltr'><strong>Quia</strong></span> <span class='ocrx_word' id='word_1_221' title='bbox 1011 2565 1102 2635; x_wconf 92' lang='lat' dir='ltr'><strong>enim</strong></span> <span class='ocrx_word' id='word_1_222' title='bbox 1118 2567 1271 2635; x_wconf 80' lang='lat' dir='ltr'><strong>Verbum</strong></span> <span class='ocrx_word' id='word_1_223' title='bbox 1286 2574 1341 2636; x_wconf 86' lang='lat' dir='ltr'><strong>est</strong></span> <span class='ocrx_word' id='word_1_224' title='bbox 1356 2566 1401 2633; x_wconf 83' lang='lat' dir='ltr'><strong>in</strong></span> <span class='ocrx_word' id='word_1_225' title='bbox 1420 2568 1540 2659; x_wconf 87' lang='lat' dir='ltr'><strong>Patre,</strong></span> 
     </span>
     <span class='ocr_line' id='line_1_25' title="bbox 370 2666 1544 2766; baseline -0.001 -23"><span class='ocrx_word' id='word_1_226' title='bbox 370 2674 528 2765; x_wconf 87' lang='lat' dir='ltr'><strong>Spiritus</strong></span> <span class='ocrx_word' id='word_1_227' title='bbox 550 2678 667 2742; x_wconf 82' lang='lat' dir='ltr'><strong>autem</strong></span> <span class='ocrx_word' id='word_1_228' title='bbox 689 2695 731 2742; x_wconf 89' lang='lat' dir='ltr'><strong>ex</strong></span> <span class='ocrx_word' id='word_1_229' title='bbox 747 2672 862 2742; x_wconf 87' lang='lat' dir='ltr'><strong>Verbo</strong></span> <span class='ocrx_word' id='word_1_230' title='bbox 877 2672 983 2741; x_wconf 86' lang='lat' dir='ltr'><strong>datur</strong></span> <span class='ocrx_word' id='word_1_231' title='bbox 1002 2666 1049 2762; x_wconf 81' lang='grc' dir='ltr'><strong>(ἐκ</strong></span> <span class='ocrx_word' id='word_1_232' title='bbox 1067 2696 1118 2738; x_wconf 79' lang='grc' dir='ltr'><strong>του</strong></span> <span class='ocrx_word' id='word_1_233' title='bbox 1133 2666 1378 2766; x_wconf 69' lang='grc' dir='ltr'><strong>λογοιὶδιδοται),</strong></span> <span class='ocrx_word' id='word_1_234' title='bbox 1390 2678 1544 2754; x_wconf 69' lang='lat' dir='ltr'><strong>vultnog</strong></span> 
     </span>
     <span class='ocr_line' id='line_1_26' title="bbox 369 2780 1543 2880; baseline 0.009 -28"><span class='ocrx_word' id='word_1_235' title='bbox 369 2782 525 2872; x_wconf 87' lang='lat' dir='ltr'><strong>accipere</strong></span> <span class='ocrx_word' id='word_1_236' title='bbox 549 2780 734 2870; x_wconf 88' lang='lat' dir='ltr'><strong>Spiritum,</strong></span> <span class='ocrx_word' id='word_1_237' title='bbox 753 2787 795 2849; x_wconf 92' lang='lat' dir='ltr'><strong>ut</strong></span> <span class='ocrx_word' id='word_1_238' title='bbox 810 2780 874 2849; x_wconf 89' lang='lat' dir='ltr'><strong>hoo</strong></span> <span class='ocrx_word' id='word_1_239' title='bbox 890 2785 1030 2871; x_wconf 86' lang='lat' dir='ltr'><strong>accepto</strong></span> <span class='ocrx_word' id='word_1_240' title='bbox 1053 2787 1157 2874; x_wconf 86' lang='lat' dir='ltr'><strong>atque</strong></span> <span class='ocrx_word' id='word_1_241' title='bbox 1180 2783 1348 2856; x_wconf 84' lang='lat' dir='ltr'><strong>habentes</strong></span> <span class='ocrx_word' id='word_1_242' title='bbox 1368 2789 1543 2880; x_wconf 89' lang='lat' dir='ltr'><strong>Spiritum</strong></span> 
     </span>
     <span class='ocr_line' id='line_1_27' title="bbox 323 2887 1544 2987; baseline 0.01 -29"><span class='ocrx_word' id='word_1_243' title='bbox 323 2940 326 2945; x_wconf 89' lang='lat'><em>-</em></span> <span class='ocrx_word' id='word_1_244' title='bbox 369 2889 478 2960; x_wconf 86' lang='lat' dir='ltr'><strong>Verbi</strong></span> <span class='ocrx_word' id='word_1_245' title='bbox 510 2887 600 2980; x_wconf 90' lang='lat' dir='ltr'><strong>qnod</strong></span> <span class='ocrx_word' id='word_1_246' title='bbox 623 2887 736 2956; x_wconf 89' lang='lat' dir='ltr'><strong>estin</strong></span> <span class='ocrx_word' id='word_1_247' title='bbox 759 2888 888 2972; x_wconf 85' lang='lat' dir='ltr'><strong>Patre,</strong></span> <span class='ocrx_word' id='word_1_248' title='bbox 921 2887 1103 2958; x_wconf 84' lang='lat' dir='ltr'><strong>videamur</strong></span> <span class='ocrx_word' id='word_1_249' title='bbox 1124 2896 1162 2960; x_wconf 85' lang='lat' dir='ltr'><strong>et</strong></span> <span class='ocrx_word' id='word_1_250' title='bbox 1183 2914 1246 2962; x_wconf 91' lang='lat' dir='ltr'><strong>nos</strong></span> <span class='ocrx_word' id='word_1_251' title='bbox 1275 2916 1337 2984; x_wconf 89' lang='lat' dir='ltr'><strong>per</strong></span> <span class='ocrx_word' id='word_1_252' title='bbox 1368 2896 1544 2987; x_wconf 90' lang='lat' dir='ltr'><strong>Spiritum</strong></span> 
     </span>
     <span class='ocr_line' id='line_1_28' title="bbox 370 2994 1543 3096; baseline 0.006 -29"><span class='ocrx_word' id='word_1_253' title='bbox 370 3021 476 3067; x_wconf 90' lang='lat' dir='ltr'><strong>unum</strong></span> <span class='ocrx_word' id='word_1_254' title='bbox 500 3018 573 3064; x_wconf 86' lang='lat' dir='ltr'><strong>esse</strong></span> <span class='ocrx_word' id='word_1_255' title='bbox 597 2995 633 3063; x_wconf 92' lang='lat' dir='ltr'><strong>in</strong></span> <span class='ocrx_word' id='word_1_256' title='bbox 656 2994 770 3063; x_wconf 89' lang='lat' dir='ltr'><strong>Verbo</strong></span> <span class='ocrx_word' id='word_1_257' title='bbox 793 3000 831 3063; x_wconf 87' lang='lat' dir='ltr'><strong>et</strong></span> <span class='ocrx_word' id='word_1_258' title='bbox 853 3017 914 3085; x_wconf 92' lang='lat' dir='ltr'><strong>per</strong></span> <span class='ocrx_word' id='word_1_259' title='bbox 929 2995 1082 3065; x_wconf 86' lang='lat' dir='ltr'><strong>Verbum</strong></span> <span class='ocrx_word' id='word_1_260' title='bbox 1097 2998 1292 3070; x_wconf 85' lang='lat' dir='ltr'><strong>inPatre...</strong></span> <span class='ocrx_word' id='word_1_261' title='bbox 1308 3001 1409 3072; x_wconf 89' lang='lat' dir='ltr'><strong>Unda</strong></span> <span class='ocrx_word' id='word_1_262' title='bbox 1426 3028 1543 3096; x_wconf 89' lang='lat' dir='ltr'><strong>quem-</strong></span> 
     </span>
     <span class='ocr_line' id='line_1_29' title="bbox 369 3102 1543 3194; baseline 0.007 -20"><span class='ocrx_word' id='word_1_263' title='bbox 369 3104 552 3175; x_wconf 78' lang='lat' dir='ltr'><strong>admodum</strong></span> <span class='ocrx_word' id='word_1_264' title='bbox 575 3103 642 3171; x_wconf 91' lang='lat' dir='ltr'><strong>filii</strong></span> <span class='ocrx_word' id='word_1_265' title='bbox 665 3109 701 3172; x_wconf 89' lang='lat' dir='ltr'><strong>et</strong></span> <span class='ocrx_word' id='word_1_266' title='bbox 723 3102 774 3170; x_wconf 93' lang='lat' dir='ltr'><strong>dii</strong></span> <span class='ocrx_word' id='word_1_267' title='bbox 796 3103 963 3172; x_wconf 86' lang='lat' dir='ltr'><strong>efficimur</strong></span> <span class='ocrx_word' id='word_1_268' title='bbox 994 3126 1054 3194; x_wconf 87' lang='lat' dir='ltr'><strong>per</strong></span> <span class='ocrx_word' id='word_1_269' title='bbox 1076 3104 1230 3175; x_wconf 89' lang='lat' dir='ltr'><strong>Verbum</strong></span> <span class='ocrx_word' id='word_1_270' title='bbox 1252 3106 1291 3177; x_wconf 90' lang='lat' dir='ltr'><strong>in</strong></span> <span class='ocrx_word' id='word_1_271' title='bbox 1313 3109 1412 3179; x_wconf 91' lang='lat' dir='ltr'><strong>nobis</strong></span> <span class='ocrx_word' id='word_1_272' title='bbox 1444 3112 1543 3183; x_wconf 87' lang='lat' dir='ltr'><strong>habi-</strong></span> 
     </span>
     <span class='ocr_line' id='line_1_30' title="bbox 369 3209 1543 3298; baseline 0.008 -16"><span class='ocrx_word' id='word_1_273' title='bbox 369 3218 462 3297; x_wconf 86' lang='lat' dir='ltr'><strong>tans,</strong></span> <span class='ocrx_word' id='word_1_274' title='bbox 488 3210 541 3280; x_wconf 84' lang='lat' dir='ltr'><strong>ita</strong></span> <span class='ocrx_word' id='word_1_275' title='bbox 563 3211 601 3278; x_wconf 90' lang='lat' dir='ltr'><strong>in</strong></span> <span class='ocrx_word' id='word_1_276' title='bbox 623 3209 717 3280; x_wconf 82' lang='lat' dir='ltr'><strong>Filio</strong></span> <span class='ocrx_word' id='word_1_277' title='bbox 733 3209 821 3280; x_wconf 88' lang='lat' dir='ltr'><strong>etin</strong></span> <span class='ocrx_word' id='word_1_278' title='bbox 844 3211 949 3280; x_wconf 87' lang='lat' dir='ltr'><strong>Patre</strong></span> <span class='ocrx_word' id='word_1_279' title='bbox 973 3211 1114 3298; x_wconf 86' lang='lat' dir='ltr'><strong>erimus,</strong></span> <span class='ocrx_word' id='word_1_280' title='bbox 1137 3218 1175 3283; x_wconf 86' lang='lat' dir='ltr'><strong>et</strong></span> <span class='ocrx_word' id='word_1_281' title='bbox 1196 3217 1412 3287; x_wconf 83' lang='lat' dir='ltr'><strong>causabimur</strong></span> <span class='ocrx_word' id='word_1_282' title='bbox 1434 3242 1543 3291; x_wconf 92' lang='lat' dir='ltr'><strong>unum</strong></span> 
     </span>
     <span class='ocr_line' id='line_1_31' title="bbox 369 3316 1543 3420; baseline 0.008 -32"><span class='ocrx_word' id='word_1_283' title='bbox 369 3318 457 3388; x_wconf 83' lang='lat' dir='ltr'><strong>iacti</strong></span> <span class='ocrx_word' id='word_1_284' title='bbox 481 3318 518 3385; x_wconf 91' lang='lat' dir='ltr'><strong>in</strong></span> <span class='ocrx_word' id='word_1_285' title='bbox 540 3316 635 3385; x_wconf 83' lang='lat' dir='ltr'><strong>Filio</strong></span> <span class='ocrx_word' id='word_1_286' title='bbox 656 3323 692 3386; x_wconf 88' lang='lat' dir='ltr'><strong>et</strong></span> <span class='ocrx_word' id='word_1_287' title='bbox 715 3318 751 3385; x_wconf 94' lang='lat' dir='ltr'><strong>in</strong></span> <span class='ocrx_word' id='word_1_288' title='bbox 776 3318 893 3402; x_wconf 81' lang='lat' dir='ltr'><strong>Patre,</strong></span> <span class='ocrx_word' id='word_1_289' title='bbox 920 3318 1007 3410; x_wconf 91' lang='lat' dir='ltr'><strong>quia·</strong></span> <span class='ocrx_word' id='word_1_290' title='bbox 1025 3319 1063 3387; x_wconf 90' lang='lat' dir='ltr'><strong>in</strong></span> <span class='ocrx_word' id='word_1_291' title='bbox 1085 3320 1184 3389; x_wconf 85' lang='lat' dir='ltr'><strong>nobis</strong></span> <span class='ocrx_word' id='word_1_292' title='bbox 1210 3328 1264 3392; x_wconf 90' lang='lat' dir='ltr'><strong>cst</strong></span> <span class='ocrx_word' id='word_1_293' title='bbox 1287 3323 1455 3416; x_wconf 86' lang='lat' dir='ltr'><strong>Spiritus,</strong></span> <span class='ocrx_word' id='word_1_294' title='bbox 1482 3330 1543 3420; x_wconf 90' lang='lat' dir='ltr'><strong>qui</strong></span> 
     </span>
     <span class='ocr_line' id='line_1_32' title="bbox 368 3424 1538 3505; baseline 0.009 -10"><span class='ocrx_word' id='word_1_295' title='bbox 368 3431 423 3496; x_wconf 88' lang='lat' dir='ltr'><strong>est</strong></span> <span class='ocrx_word' id='word_1_296' title='bbox 444 3425 483 3493; x_wconf 90' lang='lat' dir='ltr'><strong>in</strong></span> <span class='ocrx_word' id='word_1_297' title='bbox 505 3424 620 3494; x_wconf 89' lang='lat' dir='ltr'><strong>Verbo</strong></span> <span class='ocrx_word' id='word_1_298' title='bbox 642 3431 679 3493; x_wconf 91' lang='lat' dir='ltr'><strong>et</strong></span> <span class='ocrx_word' id='word_1_299' title='bbox 701 3426 854 3494; x_wconf 88' lang='lat' dir='ltr'><strong>Verbum</strong></span> <span class='ocrx_word' id='word_1_300' title='bbox 877 3433 931 3495; x_wconf 87' lang='lat' dir='ltr'><strong>est</strong></span> <span class='ocrx_word' id='word_1_301' title='bbox 953 3429 991 3494; x_wconf 92' lang='lat' dir='ltr'><strong>in</strong></span> <span class='ocrx_word' id='word_1_302' title='bbox 1005 3427 1141 3497; x_wconf 82' lang='lat' dir='ltr'><strong>Patren</strong></span> <span class='ocrx_word' id='word_1_303' title='bbox 1155 3430 1330 3501; x_wconf 87' lang='lat' dir='ltr'><strong>Athenas.</strong></span> <span class='ocrx_word' id='word_1_304' title='bbox 1345 3432 1371 3501; x_wconf 96' lang='lat' dir='ltr'><strong>l.</strong></span> <span class='ocrx_word' id='word_1_305' title='bbox 1386 3458 1416 3503; x_wconf 92' lang='lat' dir='ltr'><strong>c.</strong></span> <span class='ocrx_word' id='word_1_306' title='bbox 1432 3459 1468 3505; x_wconf 92' lang='lat' dir='ltr'><strong>n.</strong></span> <span class='ocrx_word' id='word_1_307' title='bbox 1483 3437 1538 3505; x_wconf 76' lang='lat'><strong>25.</strong></span> 
     </span>
     <span class='ocr_line' id='line_1_33' title="bbox 372 3531 1538 3622; baseline 0.015 -25"><span class='ocrx_word' id='word_1_308' title='bbox 372 3531 483 3622; x_wconf 68' lang='lat' dir='ltr'><strong>«Ego</strong></span> <span class='ocrx_word' id='word_1_309' title='bbox 505 3531 543 3599; x_wconf 93' lang='lat' dir='ltr'><strong>in</strong></span> <span class='ocrx_word' id='word_1_310' title='bbox 565 3531 617 3600; x_wconf 91' lang='lat' dir='ltr'><strong>eis</strong></span> <span class='ocrx_word' id='word_1_311' title='bbox 640 3539 676 3601; x_wconf 92' lang='lat' dir='ltr'><strong>et</strong></span> <span class='ocrx_word' id='word_1_312' title='bbox 697 3538 739 3601; x_wconf 86' lang='lat' dir='ltr'><strong>tu</strong></span> <span class='ocrx_word' id='word_1_313' title='bbox 761 3531 799 3600; x_wconf 91' lang='lat' dir='ltr'><strong>in</strong></span> <span class='ocrx_word' id='word_1_314' title='bbox 823 3556 887 3619; x_wconf 90' lang='lat' dir='ltr'><strong>me,</strong></span> <span class='ocrx_word' id='word_1_315' title='bbox 914 3539 955 3603; x_wconf 87' lang='lat' dir='ltr'><strong>ut</strong></span> <span class='ocrx_word' id='word_1_316' title='bbox 977 3535 1051 3604; x_wconf 90' lang='lat' dir='ltr'><strong>sint</strong></span> <span class='ocrx_word' id='word_1_317' title='bbox 1073 3539 1302 3607; x_wconf 89' lang='lat' dir='ltr'><strong>consummati</strong></span> <span class='ocrx_word' id='word_1_318' title='bbox 1319 3541 1363 3609; x_wconf 88' lang='lat' dir='ltr'><strong>in</strong></span> <span class='ocrx_word' id='word_1_319' title='bbox 1387 3565 1538 3616; x_wconf 92' lang='lat' dir='ltr'><strong>unum...</strong></span> 
     </span>
     <span class='ocr_line' id='line_1_34' title="bbox 368 3620 1543 3742; baseline 0.014 -35"><span class='ocrx_word' id='word_1_320' title='bbox 368 3620 513 3708; x_wconf 75' lang='lat' dir='ltr'><strong>domuc</strong></span> <span class='ocrx_word' id='word_1_321' title='bbox 534 3639 687 3708; x_wconf 89' lang='lat' dir='ltr'><strong>Verbum</strong></span> <span class='ocrx_word' id='word_1_322' title='bbox 703 3640 740 3708; x_wconf 92' lang='lat' dir='ltr'><strong>in</strong></span> <span class='ocrx_word' id='word_1_323' title='bbox 756 3640 856 3709; x_wconf 88' lang='lat' dir='ltr'><strong>nobis</strong></span> <span class='ocrx_word' id='word_1_324' title='bbox 871 3642 1003 3711; x_wconf 84' lang='lat' dir='ltr'><strong>iactum</strong></span> <span class='ocrx_word' id='word_1_325' title='bbox 1019 3665 1105 3728; x_wconf 87' lang='lat' dir='ltr'><strong>esse,</strong></span> <span class='ocrx_word' id='word_1_326' title='bbox 1124 3650 1281 3714; x_wconf 85' lang='lat' dir='ltr'><strong>nostrum</strong></span> <span class='ocrx_word' id='word_1_327' title='bbox 1304 3647 1396 3716; x_wconf 91' lang='lat' dir='ltr'><strong>enim</strong></span> <span class='ocrx_word' id='word_1_328' title='bbox 1416 3673 1543 3742; x_wconf 89' lang='lat' dir='ltr'><strong>corpus</strong></span> 
     </span>
     <span class='ocr_line' id='line_1_35' title="bbox 369 3747 1542 3838; baseline 0.012 -25"><span class='ocrx_word' id='word_1_329' title='bbox 369 3750 539 3834; x_wconf 82' lang='lat' dir='ltr'><strong>(nostram</strong></span> <span class='ocrx_word' id='word_1_330' title='bbox 555 3750 731 3833; x_wconf 81' lang='lat' dir='ltr'><strong>usturam)</strong></span> <span class='ocrx_word' id='word_1_331' title='bbox 749 3747 952 3838; x_wconf 87' lang='lat' dir='ltr'><strong>assumpsit.</strong></span> <span class='ocrx_word' id='word_1_332' title='bbox 966 3748 1016 3817; x_wconf 90' lang='lat' dir='ltr'><strong>Et</strong></span> <span class='ocrx_word' id='word_1_333' title='bbox 1030 3755 1071 3817; x_wconf 93' lang='lat' dir='ltr'><strong>tu</strong></span> <span class='ocrx_word' id='word_1_334' title='bbox 1087 3749 1125 3818; x_wconf 93' lang='lat' dir='ltr'><strong>in</strong></span> <span class='ocrx_word' id='word_1_335' title='bbox 1140 3773 1193 3820; x_wconf 91' lang='lat' dir='ltr'><strong>me</strong></span> <span class='ocrx_word' id='word_1_336' title='bbox 1205 3752 1322 3821; x_wconf 87' lang='lat' dir='ltr'><strong>Pater:</strong></span> <span class='ocrx_word' id='word_1_337' title='bbox 1337 3759 1438 3824; x_wconf 85' lang='lat' dir='ltr'><strong>tuum</strong></span> <span class='ocrx_word' id='word_1_338' title='bbox 1451 3760 1542 3827; x_wconf 89' lang='lat' dir='ltr'><strong>enim</strong></span> 
     </span>
     <span class='ocr_line' id='line_1_36' title="bbox 369 3853 1542 3951; baseline 0.011 -28"><span class='ocrx_word' id='word_1_339' title='bbox 369 3853 522 3923; x_wconf 90' lang='lat' dir='ltr'><strong>Verbum</strong></span> <span class='ocrx_word' id='word_1_340' title='bbox 545 3875 640 3940; x_wconf 82' lang='lat' dir='ltr'><strong>sum3</strong></span> <span class='ocrx_word' id='word_1_341' title='bbox 666 3859 702 3922; x_wconf 89' lang='lat' dir='ltr'><strong>et</strong></span> <span class='ocrx_word' id='word_1_342' title='bbox 724 3853 894 3945; x_wconf 88' lang='lat' dir='ltr'><strong>siquidem</strong></span> <span class='ocrx_word' id='word_1_343' title='bbox 918 3861 959 3924; x_wconf 91' lang='lat' dir='ltr'><strong>tu</strong></span> <span class='ocrx_word' id='word_1_344' title='bbox 982 3856 1020 3925; x_wconf 95' lang='lat' dir='ltr'><strong>in</strong></span> <span class='ocrx_word' id='word_1_345' title='bbox 1036 3880 1088 3926; x_wconf 91' lang='lat' dir='ltr'><strong>me</strong></span> <span class='ocrx_word' id='word_1_346' title='bbox 1104 3880 1153 3944; x_wconf 89' lang='lat' dir='ltr'><strong>es,</strong></span> <span class='ocrx_word' id='word_1_347' title='bbox 1169 3859 1252 3951; x_wconf 90' lang='lat' dir='ltr'><strong>qnia</strong></span> <span class='ocrx_word' id='word_1_348' title='bbox 1272 3865 1373 3931; x_wconf 87' lang='lat' dir='ltr'><strong>tuum</strong></span> <span class='ocrx_word' id='word_1_349' title='bbox 1388 3863 1542 3935; x_wconf 87' lang='lat' dir='ltr'><strong>Verbum</strong></span> 
     </span>
     <span class='ocr_line' id='line_1_37' title="bbox 369 3962 1542 4064; baseline 0.011 -35"><span class='ocrx_word' id='word_1_350' title='bbox 369 3982 457 4046; x_wconf 87' lang='lat' dir='ltr'><strong>sum,</strong></span> <span class='ocrx_word' id='word_1_351' title='bbox 483 3984 547 4051; x_wconf 87' lang='lat' dir='ltr'><strong>ego</strong></span> <span class='ocrx_word' id='word_1_352' title='bbox 570 3966 687 4031; x_wconf 82' lang='lat' dir='ltr'><strong>eutem</strong></span> <span class='ocrx_word' id='word_1_353' title='bbox 710 3983 786 4029; x_wconf 88' lang='lat' dir='ltr'><strong>sum</strong></span> <span class='ocrx_word' id='word_1_354' title='bbox 809 3962 846 4030; x_wconf 92' lang='lat' dir='ltr'><strong>in</strong></span> <span class='ocrx_word' id='word_1_355' title='bbox 869 3963 920 4033; x_wconf 89' lang='lat' dir='ltr'><strong>eis</strong></span> <span class='ocrx_word' id='word_1_356' title='bbox 942 3987 1003 4054; x_wconf 89' lang='lat' dir='ltr'><strong>per</strong></span> <span class='ocrx_word' id='word_1_357' title='bbox 1027 3988 1138 4035; x_wconf 90' lang='lat' dir='ltr'><strong>meum</strong></span> <span class='ocrx_word' id='word_1_358' title='bbox 1162 3990 1298 4060; x_wconf 87' lang='lat' dir='ltr'><strong>corpus,</strong></span> <span class='ocrx_word' id='word_1_359' title='bbox 1323 3976 1360 4040; x_wconf 90' lang='lat' dir='ltr'><strong>et</strong></span> <span class='ocrx_word' id='word_1_360' title='bbox 1382 3973 1467 4063; x_wconf 89' lang='lat' dir='ltr'><strong>quia</strong></span> <span class='ocrx_word' id='word_1_361' title='bbox 1482 3997 1542 4064; x_wconf 91' lang='lat' dir='ltr'><strong>per</strong></span> 
     </span>
     <span class='ocr_line' id='line_1_38' title="bbox 368 4067 1540 4170; baseline 0.01 -33"><span class='ocrx_word' id='word_1_362' title='bbox 368 4074 405 4137; x_wconf 85' lang='lat' dir='ltr'><strong>te</strong></span> <span class='ocrx_word' id='word_1_363' title='bbox 427 4067 524 4139; x_wconf 88' lang='lat' dir='ltr'><strong>salus</strong></span> <span class='ocrx_word' id='word_1_364' title='bbox 547 4067 723 4140; x_wconf 90' lang='lat' dir='ltr'><strong>hominum</strong></span> <span class='ocrx_word' id='word_1_365' title='bbox 740 4069 778 4139; x_wconf 93' lang='lat' dir='ltr'><strong>in</strong></span> <span class='ocrx_word' id='word_1_366' title='bbox 793 4093 846 4140; x_wconf 90' lang='lat' dir='ltr'><strong>me</strong></span> <span class='ocrx_word' id='word_1_367' title='bbox 868 4073 1023 4161; x_wconf 86' lang='lat' dir='ltr'><strong>perfecta</strong></span> <span class='ocrx_word' id='word_1_368' title='bbox 1046 4081 1111 4160; x_wconf 88' lang='lat' dir='ltr'><strong>est,</strong></span> <span class='ocrx_word' id='word_1_369' title='bbox 1136 4097 1222 4165; x_wconf 80' lang='lat' dir='ltr'><strong>rogo</strong></span> <span class='ocrx_word' id='word_1_370' title='bbox 1239 4082 1279 4145; x_wconf 89' lang='lat' dir='ltr'><strong>ut</strong></span> <span class='ocrx_word' id='word_1_371' title='bbox 1294 4083 1331 4147; x_wconf 86' lang='lat' dir='ltr'><strong>et</strong></span> <span class='ocrx_word' id='word_1_372' title='bbox 1347 4078 1417 4170; x_wconf 89' lang='lat' dir='ltr'><strong>ipsi</strong></span> <span class='ocrx_word' id='word_1_373' title='bbox 1432 4103 1540 4152; x_wconf 93' lang='lat' dir='ltr'><strong>unum</strong></span> 
     </span>
    </p>
   </div>
   <div class='ocr_carea' id='block_1_4' title="bbox 0 0 1591 4950">
    <p class='ocr_par' dir='ltr' id='par_1_4' title="bbox 0 0 1591 4950">
     <span class='ocr_line' id='line_1_39' title="bbox 0 0 1591 4950; baseline 0 0"><span class='ocrx_word' id='word_1_374' title='bbox 0 0 1591 4950; x_wconf 95' lang='lat' dir='ltr'><strong> </strong></span> 
     </span>
    </p>
   </div>
  </div>
 </body>
</html>
