3172 4950
531 331 710 389 -147-

77 434 308 508 famutatui
330 435 437 506 aliua.
463 434 549 504 Cum
572 434 682 503 alium
706 435 795 521 dico,
820 456 891 504 uon
914 435 990 504 dico
1006 434 1092 504 duoe
1107 436 1209 520 Deos,

74 547 112 617 eod
129 547 212 618 deut
233 545 352 614 lumen
375 568 418 614 ex
441 544 596 628 lumine,
622 543 678 613 vel
702 544 796 613 sicut
818 565 943 636 aquam
961 567 1003 614 ex
1021 546 1129 630 fonte,
1155 544 1214 614 vel

70 656 136 725 dcet
153 653 289 724 radium
313 674 335 721 a
359 652 442 722 acle.
468 653 547 722 Una
570 651 662 721 enim
685 652 825 737 virtus,
864 674 951 746 quae
974 675 1017 721 ex
1040 657 1115 721 toto
1138 658 1211 740 est;

67 770 150 834 totum
172 784 254 831 vero
278 762 396 845 Pater,
422 784 465 830 ex
488 783 555 853 quo
580 759 698 829 virtue
721 760 874 829 Verbum
898 760 949 847 (l)
974 759 1035 849 (h.
1052 782 1081 830 a.
1108 761 1214 830 Pater

63 871 245 941 etVerbum
269 869 482 938 una'virtua
504 874 559 937 eat
581 873 618 937 ct
640 868 717 937 ideo
752 890 842 937 unua
876 868 994 954 Daus3
1021 868 1081 937 ead
1106 869 1214 939 Pater

63 978 169 1049 dicitur
203 984 317 1047 totum
352 977 452 1046 velut
475 977 553 1045 fona
575 982 613 1045 et
635 975 870 1067 principium,
901 998 943 1044 an
967 998 1033 1068 quo
1056 976 1215 1068 procedit

63 1087 201 1168 Verbum,
219 1090 258 1154 et
279 1084 357 1155 ideo
379 1084 484 1152 Pater
507 1089 543 1152 et
566 1085 718 1154 Verbum
734 1083 794 1176 qui
812 1088 897 1153 aunt
918 1105 989 1152 una
1013 1084 1141 1169 virtue,
1162 1084 1213 1154 di·

59 1195 270 1286 otiuguuntur
294 1199 336 1261 ut
358 1191 569 1284 principium
592 1199 629 1261 et
643 1190 918 1284 principiatum).
937 1192 1011 1261 Hoc
1030 1192 1213 1279 (Verbum)

58 1325 133 1372 neue
160 1306 239 1386 eat,
272 1301 363 1393 quod
386 1300 549 1391 prodiens
573 1305 660 1391 (per
688 1300 994 1387 incarnationem)
1018 1300 1056 1368 in
1087 1300 1214 1368 mundo

58 1409 236 1478 ostenditur
258 1408 375 1477 Filius
397 1408 463 1477 Dei
487 1416 499 1492 (
514 1430 582 1480 παις
598 1407 673 1472 θεον
690 1407 854 1476 Christus
883 1405 984 1475 homo
996 1411 1021 1494 ).
1037 1458 1044 1476 .
1059 1442 1089 1475 .·.
1115 1406 1215 1476 Hanc

58 1517 268 1588 oeconomiam
291 1515 404 1585 tradit
426 1515 526 1584 nobie
548 1515 696 1584 loannes
718 1514 755 1583 in
778 1514 986 1604 Evangelio,
1004 1513 1216 1584 ethocVer·

58 1624 122 1693 bum
143 1624 218 1714 ipse
242 1623 427 1691 confitetur
460 1622 569 1692 Deum
594 1622 644 1691 sic
668 1622 852 1714 inquiens:
878 1621 916 1689 in
938 1621 1112 1712 principio
1137 1627 1218 1691 erat

58 1731 205 1815 Verbum,
234 1736 271 1799 et
298 1730 451 1798 Verbum
474 1736 551 1799 erat
573 1729 666 1821 apud
692 1729 815 1813 Deum,
842 1736 879 1799 et
900 1729 995 1798 Deua
1027 1740 1104 1799 erat
1130 1730 1215 1800 Ver·

47 1839 135 1908 tum.
153 1837 192 1907 Si
215 1838 369 1908 Verbum
391 1843 469 1909 arat
492 1838 584 1928 apud
607 1839 718 1906 Deum
733 1843 770 1905 ct
784 1838 878 1906 Deua
902 1843 989 1924 erat3
1016 1838 1100 1931 quid
1118 1861 1213 1929 argo,

57 1944 137 2016 dicet
156 1968 200 2014 ne
221 1945 364 2035 aliquia,
389 1944 553 2012 Ioannem
578 1944 700 2014 docere
724 1945 811 2012 duos
833 1944 942 2013 Deos?
965 1944 1061 2015 Duoa
1078 1945 1216 2037 quidem

56 2053 131 2123 Daoe
153 2074 221 2121 non
244 2051 357 2120 dicam
382 2052 440 2120 aad
464 2074 583 2135 unum,
610 2073 775 2141 personae
799 2074 882 2121 vero
906 2053 993 2122 duaa
1016 2057 1054 2121 et
1077 2074 1216 2122 oecono-

57 2162 145 2230 miam
167 2160 321 2244 tertiam,
350 2159 511 2229 Gratiam
535 2159 657 2228 Sancti
681 2159 838 2249 Spiritus
861 2160 923 2247 (2).
951 2159 1055 2230 Pater
1079 2159 1218 2251 quidem

57 2292 145 2356 num,
170 2290 337 2362 personae
361 2291 443 2338 vero
467 2268 567 2352 duae,
594 2266 678 2359 quia
700 2267 805 2336 etiam
828 2268 956 2352 Filius,
976 2268 1085 2338 tertia
1101 2277 1217 2339 autern

58 2377 199 2470 Spiritus
222 2378 416 2447 Sanctae...
443 2376 561 2445 Aliter
584 2399 691 2444 unum
714 2376 826 2446 Deum
841 2376 1042 2466 intelligere
1056 2400 1125 2445 non
1141 2400 1218 2469 poa·

59 2509 163 2557 eumue
186 2492 241 2574 (ut
262 2483 441 2554 revelatur
464 2488 543 2571 eat),
563 2484 634 2552 nisi
650 2506 733 2553 vere
748 2483 848 2552 Patri
871 2489 909 2553 ct
930 2484 1024 2553 Filio
1047 2491 1084 2553 et
1107 2485 1219 2574 Spiri-

59 2595 103 2665 tui
124 2595 250 2665 Sancto
285 2592 500 2663 credamuen
538 2592 630 2661 Ibid.
655 2615 691 2659 n.
719 2592 841 2660 10-14.
869 2591 994 2661 Totam
1025 2592 1218 2662 doctrinam

59 2701 232 2794 Hippolyti
244 2701 441 2792 complexus
457 2706 512 2770 aet
525 2707 563 2771 et
574 2699 776 2771 illustravit
786 2698 1009 2791 Epiphanius
1021 2698 1217 2769 laureati.

61 2808 94 2878 Τ.
109 2810 137 2878 Ι.
154 2811 269 2903 p.480
292 2833 365 2902 aeq.
436 2840 439 2845 ·

114 2917 193 2987 Pari
215 2918 352 2987 ratione
377 2917 623 2987 Tertullianus
646 2916 821 2987 consentit
832 2940 909 2986 cum
922 2915 1056 2985 Praxea
1067 2916 1106 2985 in
1121 2938 1220 3008 praa·

62 3022 192 3094 dicanda
213 3026 351 3094 unitate
373 3025 451 3110 Dei,
478 3025 660 3094 dummodo
682 3024 744 3094 ille
762 3027 935 3094 fateretur
951 3024 1056 3093 etiam
1073 3024 1218 3094 distinc-

63 3129 170 3200 tionem
200 3152 448 3223 personarum,
483 3153 571 3224 quaa
607 3132 744 3201 unitate
776 3132 996 3201 substantiae
1023 3141 1107 3201 aunt
1129 3154 1221 3201 unua

65 3234 150 3309 Deua.
177 3269 194 3304 a
210 3239 362 3310 Unicum
386 3238 525 3330 quidem
547 3239 658 3307 Deum
684 3237 875 3322 credimus,
910 3238 1040 3330 inquit,
1067 3237 1221 3308 subhac

122 3466 286 3541 (1)Δυναμις
296 3467 443 3540 *supputari
455 3469 484 3522 ir
497 3488 542 3523 roc
552 3488 660 3533 παντος,
670 3488 699 3520 ro
714 3472 739 3521 δε
750 3487 803 3522 παν
819 3486 915 3539 πατήρ,
925 3467 955 3534 ἐξ
967 3467 998 3521 dc
1011 3471 1120 3539 δυναμις
1131 3472 1223 3538 lepor·

120 3552 158 3630 (2)
176 3560 227 3613 Δυο
240 3578 288 3630 μιν
301 3558 347 3611 dor
359 3553 407 3628 ἐρῶ
419 3553 497 3618 dcccc
509 3557 569 3610 aaa*
582 3558 599 3616 ἢ
611 3557 664 3615 iou,
675 3576 805 3627 προσωπα
816 3560 842 3610 dr
854 3560 906 3617 doc,
922 3557 1074 3619 ὀικονομιαν
1086 3560 1113 3610 δι
1127 3569 1223 3624 τριτην’

71 3661 105 3699 mv
113 3666 180 3719 χαριι
195 3667 240 3702 που
254 3645 334 3717 etymo
349 3666 511 3717 πνευματος.
524 3648 631 3702 liudem
644 3648 704 3702 iere
720 3648 818 3702 verbio
834 3647 1046 3714 responderunt
1058 3645 1222 3714 preabyterl

71 3731 230 3802 inmensas
248 3738 350 3805 ilceto,
365 3740 395 3792 et
413 3736 441 3791 S.
456 3738 598 3792 callistus
612 3739 749 3792 Pontifex
768 3739 879 3792 auctori
893 3738 993 3806 Operis
1010 3737 1221 3806 aPlriloaophu-

72 3838 160 3894 norm
174 3830 224 3897 qui
242 3829 275 3881 iu
294 3843 390 3882 erroro
409 3830 540 3895 opposito
561 3829 710 3883 dithciemi
729 3845 791 3884 aeae
812 3829 976 3884 videbatur.

122 3916 278 3972 Universim
303 3915 400 3971 eadem
429 3922 475 3971 eat
496 3919 652 3986 explicatio
673 3919 830 3987 Hippolyti
855 3934 886 3973 ac
910 3917 1050 3985 Ociliati,
1082 3922 1222 3985 qnantum

74 3999 138 4059 ilinc
152 4008 297 4063 mutantia
315 4022 351 4061 ex
372 4008 512 4062 relatione
533 4010 752 4063 calumniatoris
773 4009 872 4075 colligi
895 4012 1000 4076 potest.
1013 4007 1092 4062 Setia
1114 4008 1155 4062 ait
1176 4008 1224 4062 hic

73 4098 206 4165 aoranae,
228 4099 395 4152 acerrimum
422 4099 510 4151 ictum
533 4100 730 4153 adversarium
750 4099 799 4153 SS.
820 4099 991 4152 Pontificum
1014 4102 1044 4151 at
1064 4097 1223 4166 principem

74 4187 142 4240 ”cicc
158 4192 258 4243 saltem
282 4189 484 4242 schismaticae
511 4191 558 4243 vel
582 4190 668 4244 etiam
691 4189 851 4243 haereticae
876 4191 976 4242 contra
995 4186 1151 4241 Ecclesiam
1171 4187 1224 4240 Ro·

76 4286 159 4332 man
177 4295 233 4334 nou
253 4293 335 4348 pocae
354 4295 372 4333 a
393 4280 476 4333 uobia
498 4279 615 4334 admitti
633 4278 662 4333 S.
675 4279 879 4347 Hippolytum,
899 4278 994 4331 virum
1011 4277 1044 4330 in
1066 4276 1223 4330 traditione

77 4361 174 4506 pigmen
191 4371 335 4426 &manae
355 4369 498 4426 Ecclesiae
517 4369 567 4440 pia
585 4370 768 4426 veneratione
791 4372 821 4423 ct
843 4368 964 4424 nummio
993 4365 1127 4423 laudibus
1153 4366 1222 4421 celo·

115 4458 171 4514 pm
1042 4480 1045 4487 .

1117 4560 1134 4596 t
