3172 4950
73 414 143 484 bilia
164 419 203 484 et
225 412 389 485 visibiles
416 411 548 507 species
570 412 637 501 (ita
659 412 710 482 ibi
733 412 833 483 docet
854 410 1094 501 Augustinus)
1124 430 1232 502 aeque

73 529 170 614 potest
192 543 364 614 apparere
386 520 423 593 h.
438 544 468 591 e.
482 543 646 613 praeseus
669 520 865 612 significari
887 520 992 589 Pater
1008 540 1048 588 ac
1064 516 1182 586 Filius
1197 523 1234 588 et

73 630 215 722 Spiritus
238 630 418 717 Sanctus,
443 638 486 701 ut
506 631 777 700 manifestentur
800 627 858 700 vel
881 627 1044 719 singulae
1067 646 1232 718 personae

72 737 266 824 dietinctim,
292 738 447 809 veltres
469 739 574 809 simul
597 759 774 830 personae,
793 736 852 808 vel
874 736 981 806 etiam
1002 736 1097 805 Deus
1113 743 1232 828 quate·

72 868 124 914 rua
136 842 229 914 untia
241 850 310 932 est,
325 853 362 916 et
374 846 448 915 sine
460 845 718 937 significatione
730 865 954 935 personarum
969 841 1231 912 distinctarum«

72 950 221 1021 Omnibus
243 952 342 1022 hisce
365 952 475 1022 modis
498 953 649 1023 diversis
673 958 791 1022 censat
811 949 1060 1041 Augustinus,
1086 947 1228 1019 divinas

73 1080 219 1147 personas
242 1059 282 1128 iu
305 1059 419 1130 veteri
442 1060 665 1158 Testameuto
689 1082 763 1129 sese
786 1058 1041 1146 manifestase03
1060 1076 1230 1150 quaenam

75 1189 136 1236 vero
158 1189 311 1259 persona
333 1168 371 1237 in
394 1169 549 1261 singulis
571 1168 795 1264 theophaniis
817 1167 984 1239 distincte
1007 1166 1227 1251 exhibeatur,

75 1296 104 1342 cx
122 1282 287 1345 contextu
309 1276 525 1345 narrationis
539 1298 613 1346 esse
631 1274 878 1346 desumendum
893 1274 956 1363 (1).
975 1277 1005 1360 c)
1019 1272 1142 1343 Modus
1159 1294 1229 1343 ma·

75 1381 296 1463 miesmtionis
317 1385 363 1452 ab
384 1383 586 1474 Augustino
609 1384 662 1453 ita
685 1383 896 1453 declaratur:
915 1382 1019 1474 signa
1033 1379 1226 1467 sensibilia,

76 1490 132 1559 sive
153 1491 230 1561 sint
252 1491 384 1583 species
407 1490 547 1585 aliquae
570 1491 645 1562 sive
669 1512 770 1563 voces
800 1490 1005 1577 sensibiles,
1038 1495 1121 1558 sunt
1152 1490 1227 1580 effi-

75 1599 179 1665 omen
200 1619 224 1665 a
245 1597 319 1668 Deo
341 1620 410 1667 uno
431 1605 468 1668 et
489 1599 584 1668 trino
608 1598 702 1668 siout
723 1597 839 1667 omnia
856 1618 961 1688 opera
976 1595 1020 1665 ad
1037 1601 1150 1683 extra;
1168 1617 1227 1665 ue·

76 1727 125 1796 que
154 1704 248 1775 enim
281 1727 449 1797 personae
483 1706 624 1776 divinae
659 1712 848 1797 operantur
879 1706 924 1775 ad
956 1709 1080 1791 extra,
1110 1709 1248 1797 quate·
1348 1759 1351 1765 .

74 1835 125 1882 uus
144 1813 335 1884 distinctae
357 1819 452 1900 sunt,
478 1815 537 1885 sed
560 1819 732 1907 quatenus
757 1819 840 1883 suut
862 1836 954 1884 unus
981 1812 1077 1882 Deus
1099 1818 1137 1881 ot
1158 1832 1229 1880 nna

74 1927 185 1991 natura
210 1921 346 1991 divina.
371 1923 423 1992 Ab
452 1921 679 2015 sipisifloucsdo
715 1916 891 2009 (δεικτικως)
925 1921 1053 1991 referri
1081 1924 1229 2012 posenni

75 2035 191 2098 ostenta
212 2027 279 2098 illa
301 2028 483 2098 sensibilia
504 2030 549 2100 ad
573 2052 677 2098 unam
693 2030 750 2100 vel
765 2029 872 2098 aliam
888 2050 1069 2120 personam
1083 2028 1227 2098 distino-

74 2136 339 2207 teexhibeudam
366 2136 431 2224 (2).
456 2136 564 2206 Porro
588 2138 619 2206 si
642 2138 726 2207 illae
749 2137 881 2229 species
903 2143 940 2207 et
966 2159 1067 2207 voces
1083 2134 1227 2206 sensibi-

75 2241 114 2313 les
132 2244 329 2315 immediate
352 2266 375 2312 a
393 2244 467 2314 Deo
489 2245 566 2338 ipso
588 2245 847 2333 efficiebantur,
876 2245 914 2314 in
944 2243 1139 2330 illisloois,
1166 2242 1227 2313 ubi

76 2352 212 2442 inpetus
236 2354 379 2420 Domini
400 2357 436 2422 et
459 2353 549 2423 idem
572 2354 738 2423 Dominae
762 2353 966 2447 apparuisse
989 2352 1141 2438 dicitur,
1174 2350 1225 2421 in·

129 2540 167 2617 (1)
186 2542 378 2600 assuetarum
397 2544 689 2615 seripturarumloois
712 2549 788 2603 nihil
809 2547 899 2616 aliud,
922 2551 1060 2618 quantum
1080 2546 1224 2616 existimo,

75 2630 216 2691 divinornm
230 2642 470 2693 sacramentorum
484 2637 610 2693 modesta
627 2643 656 2694 et
675 2644 760 2694 caute
779 2638 970 2694 consideratio
990 2637 1151 2708 persuadet,
1163 2638 1226 2692 ulai

74 2728 99 2775 ut
113 2729 211 2781 umere
231 2742 288 2780 uon
312 2726 448 2797 dlcamua,
469 2744 608 2797 quaenam
623 2746 658 2784 ex
669 2731 814 2785 Trinitate
831 2744 953 2799 persons
970 2729 1092 2784 cullibet
1109 2730 1226 2783 Petrum

74 2815 108 2867 sel
124 2817 325 2886 Prophetarum
339 2818 371 2872 in
394 2820 493 2887 aliquo
514 2835 630 2888 corpore
651 2821 698 2874 vel
722 2821 916 2876 similitudine
939 2820 1065 2889 corporis
1088 2833 1225 2889 apparue-
1239 2842 1260 2881 ο

72 2901 174 2969 sitnisi
190 2921 252 2961 cum
265 2909 444 2962 confluentia
459 2908 595 2963 lectionis
611 2910 712 2977 aliqua
729 2909 894 2976 probabilia
905 2909 1094 2978 circumponit
1104 2908 1224 2962 indicia.

71 2991 124 3059 ipss
141 2998 214 3051 enim
233 3001 341 3054 natura
358 3001 406 3054 vel
423 2999 587 3054 substantia
604 3002 651 3055 vel
671 3001 816 3068 essentia,
836 3002 883 3056 vel
901 3002 1031 3070 quolibet
1050 3000 1164 3055 nomine
1177 3015 1226 3068 ap·

70 3085 217 3150 pellandum
236 3088 330 3142 estid
352 3089 456 3157 ipsum,
478 3090 552 3159 quod
569 3091 645 3145 Deus
661 3094 719 3157 est,
742 3091 883 3158 quidquid
901 3091 977 3147 illud
996 3096 1059 3159 est,
1074 3090 1227 3159 corporali·
1294 3141 1301 3154 ,

69 3174 103 3225 ter
121 3174 213 3229 sideri
237 3191 293 3229 nou
313 3182 420 3245 poteet;
440 3194 492 3247 per
511 3180 667 3234 subiectam
685 3195 753 3235 sero
778 3184 936 3235 creaturam
948 3196 1006 3234 non
1021 3180 1225 3235 solumliiium

67 3264 102 3316 sei
120 3263 258 3332 Spiritum
270 3266 404 3321 Sanctum
425 3268 475 3322 aed
495 3269 584 3322 etlam
602 3270 716 3323 Patrem
734 3271 876 3338 corporali
891 3271 986 3340 specie
1005 3271 1067 3326 eive
1088 3271 1225 3325 similitu·

63 3350 117 3407 diue
144 3357 314 3411 mortalibus
333 3358 466 3412 sensibus
488 3359 725 3424 significationem
748 3360 793 3413 eui
807 3360 875 3416 dare
894 3361 1033 3431 potuisse,
1055 3359 1224 3416 credendum

63 3450 119 3498 ests
137 3446 213 3513 Aug.
225 3445 260 3500 de
274 3448 356 3502 'l'rim
370 3450 442 3503 1.11.
454 3449 542 3503 mdb.

117 3534 161 3610 (2)
181 3557 195 3585 ι
206 3539 409 3618 Verumtamen
428 3540 454 3593 el
473 3541 550 3596 solae
569 3556 652 3596 voces
665 3545 695 3596 et
712 3543 825 3598 sonitus
838 3544 954 3612 flebant,
967 3542 1072 3613 quibua
1085 3541 1224 3612 quasdam

58 3627 197 3682 sensibilis
217 3630 384 3696 praesentia
401 3631 454 3684 Dei
467 3632 570 3701 primia
595 3633 659 3686 illis
685 3633 849 3689 homiuibus
873 3636 1078 3704 praeberetur,
1105 3648 1156 3688 eur
1180 3634 1224 3687 lbi

56 3730 197 3782 pomonam
210 3719 264 3773 Dei
282 3720 379 3774 Patria
392 3726 454 3774 non¹
461 3722 633 3792 intelligam,
653 3725 759 3791 neeoio;
780 3724 1008 3794 quandoquidem
1027 3739 1149 3794 persona
1160 3725 1224 3778 eius

56 3809 212 3863 ostenditur
230 3813 260 3863 et
277 3810 309 3864 lu
328 3825 458 3880 eesoae,
479 3827 542 3866 eum
560 3813 641 3866 lesus
661 3815 692 3867 in
711 3819 806 3868 monte
830 3831 924 3870 coram
949 3816 1044 3871 tribue
1070 3814 1222 3883 discipulis

54 3898 232 3966 praefulgens
252 3900 397 3968 apparuit,
417 3903 448 3953 et
469 3901 500 3954 iu
519 3901 584 3969 illa,
606 3902 718 3970 quando
732 3919 818 3972 anper
838 3905 1015 3974 baptisatam
1034 3906 1164 3960 columba
1176 3904 1222 3960 de·

52 3987 189 4043 mitt...
200 3988 274 4063 ‘lion
293 3989 362 4055 quia
379 3988 442 4042 fleri
460 3991 557 4058 potuit
575 4006 632 4044 vox
651 3993 715 4047 siue
733 4008 817 4062 opere
835 3995 951 4049 sius-ee
964 3994 1092 4064 Spiritus
1111 3995 1220 4064 Sancti,

52 4073 175 4134 irinitas
195 4079 302 4147 quippe
320 4078 560 4146 inseparabiliter
578 4084 731 4151 operatur,
753 4082 801 4137 aed
822 4086 891 4154 quia
919 4101 953 4139 es
977 4100 1033 4140 vex
1047 4085 1138 4143 ¹iacta
1157 4088 1219 4152 eet,

50 4181 112 4234 qm
130 4169 225 4223 soline
244 4184 395 4238 personam
413 4170 510 4225 Patria
536 4171 733 4227 ostenderet...
755 4175 801 4229 ibi
829 4176 905 4230 enlm
929 4177 1056 4244 cogimur
1081 4191 1137 4230 non
1162 4175 1222 4230 niel

49 4254 137 4311 Patris
154 4255 334 4333 (personam)
352 4259 489 4328 accipere,
509 4261 559 4314 ubi
579 4260 687 4316 dietum
707 4266 771 4316 eet:
791 4265 838 4320 hie
856 4269 903 4321 eet
920 4267 1016 4321 liiliua
1035 4281 1113 4320 meus
1133 4264 1220 4318 dilec-

49 4348 107 4415 tsa;
124 4362 218 4417 aeque
238 4349 316 4402 euim
333 4350 415 4403 lesus
433 4351 521 4404 etiam
539 4349 668 4418 Spiritus
686 4351 786 4408 Sancti
798 4353 894 4411 Filius
912 4360 962 4412 eut
982 4358 1070 4415 etism
1089 4371 1157 4412 anua
1171 4352 1219 4415 lt·

50 4433 100 4492 lisa
117 4438 195 4494 eradi
214 4444 267 4495 aut
287 4440 418 4508 intessigi
431 4431 558 4510 'potesta
576 4442 653 4497 Ibld.
664 4443 685 4496 l.
698 4445 737 4499 11.
749 4458 778 4497 n.
793 4445 836 4500 18.
