3172 4950
688 342 727 358 -
747 311 807 375 253
828 341 866 357 -

190 419 362 493 creaturis
377 421 550 512 medices)
564 419 856 515 apprehendimus
870 420 1052 511 analogice
1071 418 1306 511 processiones
1324 422 1360 489 et

190 530 377 601 relationes
405 529 564 601 internae
588 531 650 617 (ci.
660 530 696 600 S.
709 529 775 601 rh.
788 529 866 623 l.q.
878 525 1202 615 32.a.1.a‹11.).si
1222 526 1358 618 quaudo

190 638 300 729 igitur
311 639 451 723 Patres,
465 643 508 708 ut
520 635 740 707 Athanasius
759 642 848 707 orat.
858 637 889 706 1.
904 643 1027 707 eontra
1037 636 1163 706 Ariau.
1174 659 1210 704 n.
1222 633 1356 719 11.12.,

192 747 354 817 videntur
381 746 423 816 de
446 745 627 817 distinctis
650 747 806 838 personis
832 745 1060 838 interpretari
1086 744 1178 814 illud
1195 742 1359 834 Apostoli

192 854 283 923 Rom.
298 853 330 924 Ι.
354 854 435 922 20.:
463 853 696 925 «invisibilia
719 854 832 944 ipsius
855 877 877 922 a
899 858 1061 923 creatura
1085 851 1206 922 mundi
1234 875 1295 944 psr
1318 873 1360 922 ea

193 983 274 1055 quas
297 963 511 1047 factasunt,
537 962 719 1033 intellecta
747 962 1024 1053 conspiciuntur,
1043 961 1254 1052 sempiterna
1277 981 1358 1053 quo·

195 1092 252 1163 qne
270 1070 350 1140 eius
375 1069 494 1140 virtus
516 1076 552 1140 et
575 1070 749 1155 diuinitas
776 1095 814 1158 »3
840 1069 926 1140 haec
950 1070 1097 1140 Petrum
1124 1067 1357 1138 accomodatio

195 1176 342 1267 intelligi
368 1177 472 1247 debet
494 1177 536 1247 de
559 1177 760 1248 immediata
779 1179 977 1270 cognitione
1002 1177 1239 1248 absolutorum
1255 1175 1358 1245 attri-

196 1285 348 1354 butorum
371 1309 414 1355 ex
437 1287 633 1372 creaturis,
659 1294 695 1357 et
718 1287 760 1356 ds
775 1286 924 1357 mediate
941 1286 1089 1355 deducto
1105 1288 1270 1375 conceptu
1281 1305 1358 1374 per·

197 1416 349 1465 mnarum
373 1398 553 1486 supposito
575 1396 794 1465 revelatione.
806 1395 864 1465 Ita
881 1395 917 1464 S.
932 1393 1093 1485 tyrillus
1107 1398 1289 1485 postquam
1304 1391 1357 1461 iu-

199 1502 341 1588 dicavit,
367 1502 611 1594 sempiternam
636 1503 804 1574 virtutem
834 1502 873 1572 in
902 1502 966 1571 illo
995 1506 1096 1571 textu
1125 1499 1230 1570 Pauli
1259 1520 1358 1590 posse

199 1610 343 1701 intelligi
364 1609 509 1696 Filium,
535 1609 596 1704 qui
618 1617 674 1682 est
694 1611 761 1680 Dei
776 1610 934 1702 potentia
947 1616 984 1680 et
995 1611 1061 1680 Dei
1076 1608 1261 1700 sepientis,
1280 1628 1357 1677 con·

201 1719 286 1789 tiuuo
308 1717 455 1788 subiicit
477 1718 778 1790 commentarium:
808 1718 1012 1812 ascriptum
1035 1722 1111 1803 est,
1136 1738 1236 1787 nemo
1257 1714 1360 1788 novit

202 1827 324 1898 Petram
346 1828 418 1897 uisi
439 1827 569 1916 Filius,
587 1833 623 1900 et
645 1830 703 1899 oui
723 1828 840 1899 Filius
856 1828 1081 1899 revelaverit.
1097 1825 1136 1897 si
1158 1831 1275 1896 auteur
1291 1823 1359 1895 soli

204 1934 280 2007 lilio
301 1936 408 2008 Pater
431 1938 676 2028 cognoscitur,
702 1943 739 2008 et
766 1960 829 2029 per
852 1937 964 2008 solum
987 1936 1089 2007 illum
1112 1935 1195 2005 aliis
1224 1933 1357 2006 revela·

205 2047 271 2129 tur,
295 2066 365 2113 uon
385 2060 471 2136 ergo
494 2068 556 2137 psr
578 2052 776 2117 creaturam
799 2068 909 2141 neque
925 2044 1028 2117 exiis
1044 2042 1247 2116 intellectus
1270 2065 1358 2135 quae

207 2152 284 2223 tota
297 2161 393 2239 sunt,
419 2154 525 2225 Pater
541 2155 773 2248 conspicitur,
800 2155 861 2225 sed
883 2159 1046 2225 creatura
1069 2153 1207 2246 quidem
1230 2152 1359 2223 clamat

208 2281 288 2330 suum
308 2268 511 2332 creatorem·
523 2264 633 2333 Deum
656 2264 809 2335 Verbum
833 2267 915 2352 (nou
938 2268 980 2332 ut
995 2261 1201 2331 distinctum
1216 2280 1238 2327 a
1252 2259 1358 2329 Patro

209 2369 252 2439 ted
271 2374 311 2440 ut
334 2375 564 2459 creatorem);
589 2370 742 2442 Verbum
766 2375 884 2440 autem
907 2369 991 2457 (iam
1022 2391 1083 2460 per
1110 2367 1358 2438 revelationem

210 2478 366 2568 cognitum
389 2485 431 2549 ut
452 2500 600 2571 persona
623 2479 806 2565 distincta)
822 2477 860 2546 in
877 2500 913 2547 se
928 2477 1004 2568 ipso
1029 2474 1182 2546 ostendit
1202 2475 1354 2545 Patrem.

209 2579 321 2656 Idcirco
344 2584 510 2678 Philippo
535 2585 686 2656 dicanti:
712 2587 855 2656 ostende
887 2585 987 2655 uobis
1018 2584 1181 2670 Patrem,
1214 2606 1283 2652 uon
1313 2605 1356 2652 ex

209 2698 427 2764 uaaturarnm
450 2693 713 2785 pulchritudine
738 2693 971 2764 concludendo
989 2715 1066 2763 eum
1081 2691 1282 2782 intelligere
1303 2690 1357 2759 iu·

209 2797 250 2872 let
269 2802 338 2889 (1),
363 2803 423 2873 sed
446 2825 482 2872 se
505 2802 620 2893 ipsum
647 2802 801 2873 ostendit
823 2803 955 2873 diceus:
975 2801 1037 2897 qni
1059 2800 1152 2871 vidit
1174 2822 1239 2887 me,
1265 2798 1360 2871 vidit

206 2912 231 2978 o
246 2910 384 2981 Patrem
399 2937 416 2974 o
435 2909 562 3001 cyrill.
575 2911 747 2981 Theseus.
758 2912 800 2981 Τ.
811 2910 857 2981 V.
867 2912 907 2981 P.
919 2910 951 2980 1.
961 2909 1063 3002 p.20.
1074 2909 1131 2980 21.

253 3017 319 3087 His
342 3019 560 3110 praenotatis
582 3019 627 3088 ad
644 3017 973 3089 demonstrationem
988 3017 1126 3087 theseos
1143 3015 1355 3110 quaerimus,

203 3126 271 3218 quid
293 3126 465 3197 revelatio
488 3126 573 3219 ipsa
588 3133 625 3197 et
640 3126 870 3199 revelationis
885 3126 1081 3197 catholicus
1096 3124 1300 3196 intellectus
1316 3125 1358 3195 de

201 3233 535 3325 superrationalitate
558 3234 720 3325 mysterii
743 3235 874 3304 duecte
890 3257 953 3303 uos
976 3234 1117 3321 dooeat;
1136 3233 1260 3303 deinde
1273 3234 1357 3326 quid

199 3339 343 3434 iuspecto
365 3341 442 3433 ipso
464 3342 626 3431 dogmate
648 3348 692 3413 ut
713 3341 909 3414 revelatum
932 3346 1011 3428 est,
1037 3348 1074 3410 st
1088 3340 1258 3411 instituta
1269 3365 1357 3411 com·

197 3451 367 3538 paratione
385 3472 463 3519 oum
478 3455 599 3519 nostro
623 3450 853 3541 cognoscendi
869 3449 968 3520 modo
984 3448 1164 3535 rationali,
1183 3449 1225 3519 de
1240 3449 1357 3520 eadem

196 3556 533 3652 superrationalitate
556 3558 829 3629 concludendum
854 3558 914 3628 sit.

250 3666 497 3738 LUniversim
521 3667 655 3737 1·.dari
677 3667 817 3762 aliquas
847 3667 1016 3738 veritates
1046 3664 1355 3758 supernaturales,

194 3797 332 3869 quarum
353 3773 485 3846 notitia
505 3776 701 3866 necessaria
724 3776 774 3848 sit
795 3775 994 3847 hominibus
1016 3780 1053 3847 et
1067 3797 1156 3869 quas
1170 3781 1288 3845 tamen
1301 3795 1357 3844 ra

192 3884 312 3956 tionem
335 3889 513 3976 superent,
531 3906 595 3955 uec
616 3885 688 3955 nisi
711 3908 773 3977 per
796 3885 898 3956 fidem
914 3886 953 3954 in
968 3885 1046 3958 vita
1060 3884 1237 3977 praesenti
1248 3888 1285 3954 et
1296 3906 1357 3975 per

192 3993 480 4086 capmamrolem
502 3991 672 4065 visionem
696 3993 734 4063 iu
757 3993 835 4063 vita
857 3993 984 4064 future
1005 3993 1168 4085 cognosci
1189 3992 1351 4084 possint,

250 4266 295 4345 (1)
307 4271 378 4327 'Ova
394 4269 423 4324 ia
444 4289 490 4332 της
510 4289 662 4341 aucupamur
682 4274 815 4355 nattum
835 4270 976 4342 ἀναλογως
995 4265 1076 4324 uictor
1092 4266 1194 4341 Sacram
1214 4268 1361 4334 incrassa,

190 4356 253 4415 But
268 4359 361 4416 verba
378 4357 529 4428 desumpta
547 4375 582 4415 ox
602 4359 672 4430 Sap.
687 4359 732 4427 ld,
745 4358 777 4412 5:
799 4360 828 4414 ia
841 4380 893 4431 pap
909 4355 1043 4431 μεγεθους
1059 4363 1192 4421 zailam
1205 4378 1357 4430 κτισματων

191 4447 321 4522 ιἠλογυς
335 4448 348 4505 o'
363 4469 549 4522 γενεσιουργος
566 4451 650 4505 άντων
664 4447 805 4522 tempores.
815 4448 882 4507 vid.
893 4450 988 4506 Tratt·
1002 4447 1038 4505 dt
1056 4450 1126 4505 Deo.
