3172 4950
697 349 734 362 -
755 317 817 377 263
837 349 876 362 -

213 423 290 492 nino
312 422 478 492 notitiam
502 444 681 516 quaerere,
707 445 795 516 quae
817 446 880 491 nec
903 421 1036 511 scripta
1059 427 1143 491 snut
1164 444 1226 490 nec
1242 421 1286 490 ad
1299 422 1369 511 pie·

210 537 306 600 atem
328 530 483 622 aliquem
506 530 676 598 ordinem.
694 529 858 598 habente
893 528 1026 597 Athen.
1061 529 1103 597 de
1133 529 1263 599 decret.
1288 529 1368 598 Nic.

206 659 235 706 n.
252 638 306 707 12.
337 668 355 703 a
371 639 468 706 Haec
490 638 625 707 veritas
648 642 702 705 est
725 644 980 706 sacramentum
1004 637 1081 720 Dei,
1100 636 1165 704 hoc
1190 636 1372 727 imperspi-

205 747 321 817 abilis
344 753 495 816 naturae
518 769 640 821 nomen
662 747 701 814 in
723 746 840 816 Patre.
865 746 960 813 Deus
983 745 1188 830 invisibilis,
1214 745 1372 814 ineffabi-

203 852 267 939 lis,
292 853 481 940 infinitus,
507 851 552 920 ad
576 875 676 945 quem
700 852 929 944 eloquendum
961 876 1071 922 sermo
1095 853 1222 937 sileat,
1252 859 1289 921 ct
1318 852 1370 921 iu·

205 963 449 1053 vestigandum
480 986 577 1033 mens
607 963 818 1047 hebetetur,
852 969 888 1030 et
916 961 1209 1050 complectendum
1241 961 1372 1030 intelli·

205 1074 321 1163 gentia
344 1075 603 1142 coarctatum...
631 1070 706 1139 Soli
728 1069 822 1138 Filio
845 1076 972 1154 notus,
999 1070 1082 1161 quia
1112 1073 1252 1139 Patrem
1274 1093 1372 1139 nemo

206 1181 301 1249 novit
314 1181 388 1249 nisi
403 1180 563 1250 Filius...
577 1180 627 1248 Et
642 1181 725 1272 quia
741 1180 879 1249 Patrem
895 1202 993 1248 nemo
1013 1179 1117 1248 novit
1139 1179 1209 1246 nisi
1230 1179 1371 1264 Filius,

208 1288 243 1359 de
263 1289 370 1359 Patre
394 1311 466 1357 una
488 1313 566 1359 oum
588 1288 769 1367 revelante
791 1287 908 1372 Filio,
935 1287 995 1378 qui
1020 1286 1115 1355 solus
1131 1288 1236 1355 testis
1259 1286 1374 1355 fidelis

208 1406 265 1483 at,
282 1398 503 1467 sentiamus»
521 1398 637 1466 Hilar.
652 1397 694 1466 de
707 1395 807 1464 Trin.
818 1396 844 1464 l.
856 1395 907 1464 11.
918 1419 953 1462 n.
969 1396 1002 1462 6.
1018 1396 1064 1463 ot.
1075 1419 1111 1464 n.
1127 1393 1227 1463 9.10.
1249 1396 1374 1463 «Deus

210 1507 402 1598 ingenitus,
427 1516 529 1577 etex
552 1507 628 1597 ipso
652 1506 816 1596 genitus,
843 1512 880 1574 et
903 1504 1059 1595 Spiritus
1083 1504 1234 1573 Sanctus
1256 1527 1372 1596 proee-

212 1614 325 1685 dens...
343 1616 465 1708 Neque
487 1639 566 1685 cum
588 1616 693 1683 rebus
715 1613 892 1682 universis
915 1613 1103 1704 quidquam
1121 1637 1297 1683 commune
1313 1615 1375 1705 huj

213 1723 271 1807 bet,
284 1746 397 1816 neque
410 1721 582 1814 quispiam
596 1723 760 1813 cumipse
778 1721 1008 1789 communicat
1020 1720 1206 1810 dignitate3
1222 1730 1373 1811 praeter·

214 1832 323 1901 volant
345 1832 439 1900 enim
461 1838 499 1900 et
521 1832 648 1900 cedunt
671 1831 787 1899 omnia
812 1830 857 1917 (si
881 1829 973 1897 ratic
989 1853 1030 1899 ex
1049 1829 1094 1896 iis
1111 1830 1200 1899 velit
1215 1831 1372 1900 intellec·

215 1941 328 2010 tionem
344 1940 537 2028 colligere),
552 1948 589 2008 et
600 1962 663 2030 pro
678 1938 876 2009 ratiociniis
890 1946 1000 2007 totam
1013 1959 1152 2006 oausam
1169 1939 1375 2031 relinquunt

216 2051 305 2119 verbo
327 2048 517 2119 doctrinali
543 2048 580 2116 in
603 2048 726 2118 diviua
758 2047 961 2138 Scriptura,
987 2071 1055 2140 quo
1086 2047 1242 2117 dicitur:
1277 2071 1375 2116 nemo

217 2156 301 2225 norit
321 2156 457 2225 Filium
480 2156 552 2225 nisi
573 2158 702 2241 Pater,
728 2179 840 2248 neque
863 2158 1003 2225 Patrem
1027 2156 1097 2224 nisi
1120 2157 1250 2242 Filius,
1266 2164 1302 2226 et
1317 2157 1375 2226 cui

217 2265 425 2335 revelaverit.
440 2264 591 2333 Revelat
612 2271 727 2334 autem
752 2287 812 2355 per
836 2264 1008 2355 Spiritum
1033 2265 1199 2335 Sanctum
1222 2290 1290 2333 non
1313 2266 1371 2352 iis,

219 2374 265 2465 qui
285 2373 508 2466 syllogismis
532 2373 646 2464 ipsum
669 2373 871 2462 intelligere
902 2372 1053 2457 volunt,
1087 2373 1147 2441 sed
1175 2373 1309 2443 sincere
1338 2381 1375 2442 et

220 2486 354 2570 perfecte
388 2482 427 2549 in
461 2482 576 2571 ipsum
615 2482 837 2551 credentibus
864 2510 880 2545 n
919 2483 969 2568 (1)
1005 2482 1041 2550 S.
1071 2481 1246 2572 Epiphan.
1284 2481 1374 2550 hae-

220 2588 442 2660 samm.
457 2587 501 2656 ad
524 2611 601 2680 cap.
615 2588 698 2658 VII.
713 2588 810 2657 Astii
823 2589 880 2676 (T.
895 2589 925 2657 Ι.
941 2615 975 2680 p.
989 2589 1100 2673 ata).
1122 2590 1294 2671 «Quoties
1311 2589 1373 2658 hu·

220 2716 321 2766 uanae
344 2695 554 2766 conditionis
576 2695 776 2783 iufirmitas,
802 2697 1021 2787 semetipsam
1036 2697 1197 2786 protinus
1215 2697 1373 2786 cognitu-

220 2827 268 2895 ra,
291 2811 378 2880 fines
400 2808 544 2878 molitur
566 2809 791 2901 aliquatenus
813 2832 896 2880 snae
919 2811 1111 2900 paucitatis
1127 2810 1303 2896 excedere,
1322 2817 1373 2879 at·

220 2938 269 3007 que
291 2917 452 2987 coelestis
474 2916 756 2986 inluminationis
780 2925 976 3007 praegnata
998 2926 1165 3009 conceptu
1190 2919 1239 3004 (h.
1252 2941 1282 2987 e.
1295 2941 1374 3010 sup·

219 3027 316 3115 posita
337 3025 552 3096 revelatione
576 3033 612 3094 et
634 3026 768 3115 gratia)
791 3025 990 3095 Conditcris
1014 3027 1070 3096 sui
1101 3049 1142 3095 ac
1165 3027 1374 3117 Redempto-

218 3133 255 3203 ris
275 3135 538 3227 inquisitionem
560 3135 715 3225 coeperit
737 3135 938 3224 parturire,
965 3136 1039 3203 sola
1063 3141 1146 3222 (non
1162 3136 1284 3227 utique
1300 3136 1375 3203 sola

217 3241 422 3335 sinpliciter,
434 3246 494 3314 sed
511 3245 548 3312 iu
564 3243 818 3334 comparatione
834 3267 913 3312 cum
925 3245 996 3313 Deo
1012 3244 1170 3312 absolute
1186 3248 1372 3334 spectato),

216 3361 370 3442 quntum
392 3352 558 3436 arbitror,
573 3351 804 3420 immutabilis
826 3352 891 3420 illa
907 3353 1168 3443 sempiternitas
1185 3352 1375 3421 Trinitatis

215 3462 397 3552 reperietur
419 3460 852 3551 incomprehensibilitatis
876 3460 984 3550 digua
1007 3461 1189 3546 miraculo,
1215 3484 1304 3551 quac
1325 3463 1375 3526 sic

217 3570 335 3638 cecedit
358 3594 453 3638 omne
476 3567 566 3662 qaod
589 3571 743 3659 copitare
764 3569 818 3636 vel
840 3592 959 3657 capere
977 3593 1174 3658 poscumus,
1199 3571 1289 3634 cicccc
1319 3590 1373 3634 su-

215 3694 301 3766 peret
324 3704 420 3747 omne
442 3677 533 3771 qaod
555 3702 691 3746 eumuna
712 3677 749 3746 S.
768 3677 935 3767 Fulgent.
952 3677 996 3744 ad
1014 3676 1260 3745 Transimund.
1277 3674 1303 3741 l.
1321 3673 1372 3743 H.

218 3806 240 3854 c.
255 3787 286 3857 1.
303 3787 415 3857 «Sola
439 3810 521 3857 vero
545 3810 580 3855 se
603 3792 717 3878 potest
741 3786 900 3854 Trinitas
923 3784 1105 3870 revelare,
1132 3784 1215 3877 quia
1238 3782 1313 3851 sola
1336 3804 1373 3850 se

219 3891 302 3980 plene
324 3900 441 3986 potest
463 3896 542 3986 ipsa
565 3894 725 3963 Trinitas
748 3914 874 3978 nosse,
900 3900 937 3961 et
969 3899 1140 3983 qnantum
1171 3913 1207 3960 se
1238 3888 1376 3959 dederit

277 4091 317 4168 (1)
335 4098 430 4148 Παντα
444 4116 498 4166 γαρ
527 4113 708 4166 adportatas,
727 4112 769 4145 aar
798 4097 997 4163 καταλιμπανιι
1021 4111 1112 4145 ucoca
1133 4089 1223 4146 αἶτιαν
1247 4097 1375 4163 συλλογι-

224 4196 296 4241 στιιην
311 4205 345 4254 ψ
362 4183 416 4238 ἀπο
437 4203 484 4244 της
501 4180 577 4244 Sciat
597 4197 703 4254 penpm
724 4185 901 4251 διδασκαλικῳ
921 4187 1000 4252 λογῳ,
1020 4202 1054 4250 τῳ
1075 4180 1159 4242 dodau
1181 4181 1235 4235 c'rdr
1254 4202 1297 4234 roa
1321 4181 1375 4238 droa

226 4264 283 4336 ἶῑμη
302 4273 315 4328 o'
335 4294 438 4346 πατηρ,
452 4274 512 4329 dulc
531 4293 575 4326 roa
592 4292 695 4344 πατερα
712 4272 735 4326 ir
754 4271 820 4343 μηὸ
841 4270 906 4333 ὄιος,
926 4292 968 4325 και
988 4269 1006 4342 p'
1026 4271 1059 4324 ἀν
1077 4269 1253 4339 ἁποκαλυψῃ·
1274 4271 1377 4325 dnona-

226 4358 297 4415 iurrn
311 4367 335 4417 ta
348 4364 375 4418 e·
394 4364 474 4436 ἅγιον
497 4383 656 4436 πνευματος,
676 4363 705 4416 io
725 4383 780 4424 τοις
797 4362 879 4415 deror
899 4360 1140 4433 συλλογιζομινοις
1163 4360 1240 4414 ἀλλα
1263 4380 1318 4422 τοις
1338 4360 1375 4422 irc

228 4443 409 4525 ὶυτοιγησιως
432 4476 476 4511 aas
496 4461 601 4519 τιλιιως
623 4472 825 4511 nunccupatur.
