3172 4950
710 327 889 387 ..536-

681 490 825 551 THESIS
846 492 914 550 XL.

428 606 474 666 Dc
494 606 707 666 distinctione
728 606 812 664 Filii
832 612 863 665 et
885 604 1029 682 Spiritus
1050 603 1169 665 Sancti

509 723 568 781 per
589 709 689 765 solam
711 707 903 765 relationem
928 705 1082 781 originis.

266 856 359 909 acum
378 871 413 908 ex
431 856 592 909 certissima
619 855 751 909 doctrina
767 855 799 908 in
820 855 930 908 divinis
950 870 1006 908 non
1029 856 1127 922 possit
1145 871 1207 909 esse
1234 854 1352 910 reuse

213 967 225 993 s
241 946 359 999 stinctio
378 945 437 997 uisi
456 944 608 997 secuudum
627 945 794 998 relationem
812 944 950 1013 priucipii
962 948 993 997 et
1005 944 1189 1012 procedentia
1201 962 1219 998 a
1231 945 1353 1014 principie,

213 1033 334 1086 »Filius
353 1037 382 1085 et
404 1032 530 1100 Spiritus
556 1032 678 1086 Sanctus
698 1032 851 1086 distinctae
871 1047 1011 1100 personae
1030 1048 1087 1086 nou
1108 1038 1208 1087 essent
1219 1073 1226 1101 ,
1247 1034 1298 1087 uIsi
1315 1049 1355 1086 uus

213 1122 407 1190 »procederet
425 1123 460 1176 ab
480 1124 613 1176 altera.»

278 1285 403 1352 Omnes
434 1286 506 1352 fere
534 1283 690 1372 theologi
719 1283 931 1353 scholastici
960 1284 1063 1352 adl.
1093 1285 1180 1353 dist.
1206 1284 1259 1352 11.
1282 1284 1360 1353 etad

209 1396 246 1464 S.
262 1393 495 1483 uh.-1.q.ee.
511 1391 732 1459 simultis
763 1391 822 1460 sed
853 1413 954 1481 saepe
984 1414 1053 1460 non
1084 1413 1213 1482 parum
1244 1394 1361 1461 obscure

210 1490 339 1570 habent
361 1500 620 1591 quaestionem,
641 1505 761 1567 utrum
779 1497 936 1588 Spiritus
952 1499 1105 1568 Sanctus
1123 1500 1156 1568 si
1172 1521 1195 1567 a
1209 1500 1299 1568 Filio
1311 1521 1362 1567 uon

210 1609 438 1700 procederet,
465 1606 695 1674 nihilominus
718 1609 761 1674 ab
785 1629 824 1675 eo
847 1606 1142 1695 distingueretur.
1159 1609 1238 1677 Non
1261 1609 1364 1677 dmunt

211 1716 316 1783 etiam
340 1719 418 1804 post
433 1711 626 1780 Concilium
646 1711 909 1795 Florentinum,
936 1713 996 1803 qui
1019 1714 1227 1784 affirmando
1250 1738 1362 1805 respon·

211 1822 335 1908 deant,
354 1821 456 1911 longe
471 1827 587 1889 tamen
605 1821 817 1890 communior
833 1826 926 1888 etex
943 1822 1164 1911 argumentis
1180 1822 1366 1913 theologicis

212 1949 297 1994 vera
320 1926 494 1996 sententia
518 1932 572 1995 est
598 1926 661 2013 (1),
687 1927 822 1994 nullam
845 1949 920 1995 esse
943 1933 1006 1997 aut
1028 1928 1190 2019 intelligi
1213 1928 1365 2021 possedi·

212 2033 434 2103 stinctionem
458 2033 552 2102 inter
572 2055 738 2123 personas
761 2034 902 2103 divinas
925 2034 1077 2126 adeoque
1093 2036 1205 2104 etiam
1222 2037 1310 2106 inter
1322 2035 1365 2102 Fi·

211 2142 299 2210 lium
322 2148 358 2210 et
381 2140 553 2232 Spiritum
578 2142 769 2228 Sanctum,
794 2141 865 2210 nisi
888 2141 1024 2211 ratione
1054 2142 1228 2236 principii
1249 2152 1285 2214 et
1304 2165 1363 2234 pro

212 2250 367 2319 cedentis
390 2269 412 2315 a
434 2248 620 2338 principio.

278 2356 445 2438 Quaestio
467 2357 646 2447 proposita
668 2381 736 2425 nou
759 2363 874 2446 potest
896 2357 1053 2446 intelligi
1066 2357 1110 2427 de
1125 2358 1364 2429 obiectivarea·

211 2464 315 2532 Iitate
338 2466 398 2534 sed
421 2464 462 2533 de
486 2470 605 2533 nostro
630 2464 726 2533 modo
750 2464 967 2554 concipiendi
983 2471 1020 2534 et
1036 2467 1223 2556 probandi,
1249 2465 1365 2535 saredi-

212 2571 346 2655 xerim,
374 2571 531 2663 quaestio
554 2594 622 2640 non
645 2576 708 2639 est·
722 2571 921 2659 entologica
937 2571 997 2639 sed
1019 2571 1223 2642 dialectica.
1233 2573 1364 2663 Namque

212 2679 249 2747 in
273 2679 411 2768 reipsa
435 2684 572 2747 constat
595 2703 655 2770 per
679 2679 902 2749 infallibilem
926 2678 1176 2749 revelationem
1201 2678 1364 2771 profunde

264 2896 307 2969 (1)
325 2897 463 2951 Claudius
482 2899 604 2952 Frasseu
625 2899 654 2951 in
675 2915 726 2951 suo
745 2900 826 2952 Scoto
844 2898 1008 2952 AcademIco
1028 2899 1136 2952 statuit
1154 2900 1271 2953 thesim:
1293 2922 1305 2946 ι
1317 2896 1364 2950 Etsi

212 3005 262 3057 per
284 2989 462 3056 impossibile
480 2988 608 3054 Spiritus
627 2988 749 3042 Sanctus
768 3004 824 3042 nou
843 2988 1008 3056 procederet
1025 3005 1043 3041 a
1060 2988 1148 3054 Filio,
1166 3005 1270 3042 revera
1290 2991 1364 3041 &men

212 3082 247 3132 ab
264 3095 295 3131 eo
317 3079 547 3143 distingueretur
566 3079 696 3132 realiter.
719 3080 794 3132 Haec
812 3083 857 3131 est
875 3078 1006 3131 Doctoris
1029 3074 1133 3148 (Sonti)
1147 3079 1308 3132 etomnium
1320 3076 1365 3128 eius

213 3167 417 3234 discipulorum
433 3188 445 3211 s
460 3168 558 3219 Frass.
570 3168 666 3220 Tract.
676 3169 727 3220 IlI.
745 3167 819 3234 disp.
835 3169 966 3220 111.s.2.
981 3183 1009 3233 q.
1024 3168 1049 3218 2.
1062 3167 1129 3218 n.4.
1141 3166 1247 3235 Aliqui
1262 3161 1365 3227 theologi

212 3272 268 3308 non
286 3261 409 3322 parcunt
429 3258 558 3309 censuris
577 3261 676 3309 contra
698 3257 770 3310 hauc
791 3257 980 3323 seutentiam,
1000 3256 1070 3322 quia
1091 3257 1219 3310 Ioannes
1238 3257 1366 3320 theologus

212 3346 379 3399 Latinorum
392 3346 422 3397 in
436 3345 519 3398 (lonc.
532 3347 660 3399 Floreat.
677 3344 761 3418 (sess.
771 3342 882 3415 XVIII)
895 3348 996 3398 contre
1013 3344 1135 3398 Graecos
1154 3360 1227 3399 usus
1248 3348 1293 3398 est
1306 3356 1368 3407 argu·

212 3442 315 3499 mento,
343 3435 419 3502 quod
433 3436 459 3488 si
477 3436 605 3503 SpirItus
623 3437 746 3491 Sanctus
765 3451 823 3488 nou
849 3435 1017 3502 procederet
1035 3451 1052 3487 a
1070 3435 1158 3500 FilIo,
1185 3451 1278 3503 nequo
1297 3435 1330 3487 ab
1346 3446 1368 3484 ee

211 3525 450 3589 distingueretur.
472 3525 546 3577 Ruiz
568 3525 650 3578 aiens
671 3541 701 3578 se
724 3526 801 3578 velle
822 3524 917 3577 vitare
939 3527 1067 3578 extrema
1088 3523 1198 3578 nimiae
1220 3521 1369 3579 severitatis

210 3618 239 3667 et
259 3615 365 3667 nimiae
384 3614 593 3681 indulgentiae,
618 3615 778 3682 opinionem
801 3615 877 3668 Scoti
899 3614 1029 3682 appellet
1049 3628 1131 3667 «uon
1144 3615 1320 3681 probabilem
1332 3625 1371 3664 neo

210 3704 240 3754 iu
251 3702 305 3755 fide
320 3706 410 3755 tutem
423 3724 434 3750 n
451 3702 524 3769 disp.
540 3703 585 3754 68.
602 3707 670 3755 sect.
685 3703 712 3753 5.
725 3719 753 3753 u.
765 3703 810 3754 45.
826 3702 879 3755 Sed
892 3701 1051 3756 rectissime
1063 3703 1248 3756 monetViva
1260 3699 1370 3775 (displ.

210 3811 238 3858 q.
250 3793 277 3844 6.
290 3809 319 3844 n.
330 3789 381 3861 6.);
399 3812 411 3837 a
425 3793 460 3845 ab
474 3792 519 3843 his
530 3792 660 3844 censuris
672 3792 786 3844 omuino
799 3791 1015 3858 abstinendum,
1032 3795 1092 3844 tum
1106 3790 1178 3857 quia
1191 3792 1228 3845 ab
1239 3789 1371 3844 Innocxl.

209 3883 240 3933 iu
258 3882 368 3934 virtuto
389 3886 504 3935 sauctae
524 3882 704 3935 obedientiae
724 3880 910 3934 interdicitur
930 3882 960 3935 in
980 3881 1136 3948 diplomate
1157 3881 1286 3935 thesium
1303 3879 1373 3934 coni·

208 3986 318 4034 aarum,
341 3986 376 4022 ne
396 3987 516 4024 censura
535 3973 596 4025 ulla
618 3975 756 4024 notentur
770 3971 931 4039 opiuiouos,
956 3987 1027 4036 quae
1050 3969 1120 4022 hinc
1143 3969 1213 4022 iude
1236 3969 1311 4037 apud
1332 3969 1372 4022 (la-

209 4061 331 4112 tholicos
352 4065 616 4126 controvertuntur,
642 4064 701 4114 tum
718 4062 806 4113 etiam
828 4061 897 4128 quia
919 4075 1001 4113 secra
1021 4060 1215 4124 congregatio
1244 4059 1327 4113 Pauli
1345 4059 1372 4111 V.

207 4150 288 4202 iussu
307 4151 475 4217 declaravit,
498 4153 649 4204 immunem
671 4167 763 4205 essee
784 4152 914 4203 censuris
935 4151 1094 4205 doctrinam
1115 4152 1206 4219 Secti,
1227 4151 1373 4217 edixitque,

208 4256 242 4293 ue
266 4242 331 4307 quis
350 4243 488 4296 librorum
501 4259 600 4296 censor
623 4242 774 4309 prohibere
793 4241 872 4306 typis
892 4241 1025 4309 auderet,
1046 4242 1121 4310 quod
1140 4245 1222 4296 certo
1243 4240 1375 4296 assuat

208 4343 244 4383 ex
262 4330 344 4383 Scoto
360 4331 557 4400 depromptum
569 4348 658 4385 esse.»
673 4329 731 4403 (cf.
747 4331 880 4395 vesques
894 4331 969 4399 disp.
984 4332 1045 4385 147.
1058 4333 1128 4399 c-3.;
1143 4331 1250 4386 rrius.
1265 4330 1375 4393 delirat

211 4417 286 4486 disp.
302 4422 345 4474 l'l.
359 4439 382 4476 c.
394 4422 422 4476 3.
434 4439 463 4476 ιι.
474 4419 543 4493 20.).
