3172 4950
687 382 726 398 ..
747 350 808 412 545
828 383 867 399 .-

193 457 283 551 qnod
310 478 352 525 ea
385 454 561 546 particula
593 455 757 524 edicitur.
788 457 976 526 Bessarion
1009 458 1146 550 quidem
1182 458 1372 547 prudenter

193 564 362 636 suadebat
381 562 454 630 suis
483 561 652 648 Graecis,
684 569 727 631 ut
760 565 950 633 secundum
985 565 1140 633 ordinem
1176 587 1277 656 quem
1313 587 1370 634 res

192 674 287 763 ipsae
311 669 548 761 postulabant,
568 669 717 759 primum
737 677 905 759 ageretur
928 671 970 739 de
992 671 1147 739 veritate
1171 670 1369 757 doctrinae,

193 787 313 849 utrum
339 799 421 848 vore
444 776 603 866 Spiritus
626 776 777 846 Sanctus
800 778 965 867 procedat
987 800 1029 846 ex
1053 778 1159 846 Patre
1193 782 1229 846 et
1263 778 1368 848 Filio.

191 888 373 977 Namque,
398 885 526 970 aiebat,
555 890 728 953 «ostensa
751 885 911 954 falsitate
934 885 1121 973 dogmatis,
1149 887 1307 976 quaestio
1330 885 1372 954 de

192 994 254 1062 illo
276 1015 347 1060 non
370 992 527 1061 addendo
549 1015 618 1060 non
641 992 792 1082 amplius
816 992 957 1061 habebit
979 992 1107 1062 locum.
1137 1019 1153 1052 n
1181 993 1221 1060 Si
1252 999 1369 1062 autem

192 1100 314 1169 ordine
336 1098 476 1167 inverso
500 1098 742 1185 contendatur,
768 1099 875 1168 etiam
898 1098 1080 1189 supposita
1099 1100 1251 1167 veritate
1273 1099 1371 1167 addi·

191 1212 322 1281 tionem
346 1209 383 1278 in
407 1207 566 1298 symbolo
589 1206 755 1275 illicitam
778 1229 864 1294 esse,
887 1208 1064 1292 «ostendi,
1083 1207 1210 1299 inquit,
1229 1206 1374 1274 infirmi-

191 1325 302 1388 tatem
325 1315 585 1409 propositionis,
612 1315 772 1406 quodque
795 1313 986 1384 ridiculum
1010 1315 1058 1382 sit
1073 1312 1286 1397 existimare,
1303 1335 1371 1380 non

189 1426 299 1495 licere
322 1424 507 1495 veritatem
531 1421 687 1510 symbolo
710 1422 867 1490 addere»
893 1422 1048 1509 (Bessan.
1063 1422 1267 1511 deprooess.
1293 1421 1371 1509 Spi-

189 1534 287 1602 ritus
310 1531 431 1601 Sancti
455 1554 490 1620 p.
518 1529 595 1615 185.
618 1528 712 1613 187).
732 1527 794 1596 Illi
817 1528 1048 1596 nihilominus
1078 1529 1116 1596 in
1140 1550 1202 1597 suo
1226 1528 1371 1596 oonsilio

190 1639 298 1708 semel
329 1643 489 1727 suscepto
523 1635 773 1725 perstiterunt;
803 1640 840 1703 et
863 1636 954 1727 quod
978 1657 1060 1704 sane
1084 1637 1121 1703 in
1144 1659 1182 1704 re
1204 1641 1277 1704 tam
1301 1658 1370 1703 ma·

189 1747 325 1815 nifesta
355 1744 462 1813 aliter
484 1742 561 1812 fieri
584 1764 653 1810 non
676 1743 804 1832 potnit,
831 1743 883 1810 ita
917 1743 1005 1813 victi
1030 1749 1114 1812 sunt
1136 1749 1226 1813 teste
1249 1743 1366 1811 codem

189 1852 399 1922 Bessarione
427 1851 488 1938 (ib.
508 1874 541 1940 p.
560 1850 662 1936 207),
696 1879 712 1914 o
730 1855 771 1918 ut
792 1872 860 1918 non
884 1849 1052 1919 habentes
1074 1852 1165 1942 quod
1187 1849 1370 1941 responde·

190 1967 284 2046 rent,
309 1959 569 2045 obmutuerint,
596 1957 680 2050 quid
703 1959 795 2026 enim
817 1957 949 2048 aliquis
973 1964 1096 2026 contra
1120 1963 1255 2026 tantam
1279 1957 1369 2028 veri·

190 2075 304 2137 tatem
327 2066 508 2156 impudens
531 2065 781 2155 responderet?
796 2093 812 2126 n

193 2290 279 2352 rant
312 2304 384 2351 rem
411 2287 483 2349 tam
515 2279 751 2349 insuadibilem
782 2279 898 2349 evinci
929 2301 1051 2369 posse,
1086 2288 1164 2348 crat
1194 2280 1370 2348 decretum

191 2388 343 2457 Consilii
364 2385 534 2477 Ephesini
556 2388 637 2455 Act.
667 2386 731 2454 VI.
759 2385 942 2455 Charisius
964 2387 1149 2475 presbyter
1173 2384 1370 2473 symbolum

193 2496 368 2565 Theodori
390 2494 637 2585 Mopsuesteni,
656 2516 723 2586 quo
747 2494 1029 2563 manifestissime
1052 2493 1223 2561 haeresim
1246 2494 1369 2563 Nesto·

193 2605 331 2673 rianam
354 2603 551 2672 continente
575 2604 731 2671 fautores
753 2600 910 2671 Nestorii
925 2600 1115 2669 utebantur
1129 2607 1165 2669 et
1183 2601 1240 2668 oui
1257 2600 1369 2682 Quar-

192 2710 428 2781 todecimanos
440 2709 576 2800 Lydiae
592 2709 809 2778 subscribere
833 2709 1021 2792 iusserant,
1039 2706 1170 2777 detulit
1186 2707 1230 2775 ad
1246 2708 1369 2777 Patres

192 2817 407 2908 Ephesinos,
433 2824 475 2885 ut
497 2819 540 2884 ab
563 2817 614 2885 cis
637 2816 863 2885 damnaretur
894 2818 955 2902 (cf.
982 2836 1089 2905 supra
1112 2839 1146 2905 p.
1170 2815 1236 2882 512
1261 2823 1365 2907 sqq.).

193 2927 320 2992 Patres
344 2945 420 2991 cum
443 2923 625 2993 audissent
650 2923 869 3012 «impiorum
892 2923 1094 3011 dogmatum
1121 2921 1369 3010 expositionem

193 3032 231 3099 in
255 3029 405 3120 symboli
429 3031 575 3098 formam
598 3030 774 3099 redactam
791 3057 830 3115 n,
857 3035 898 3098 ut
924 3051 999 3098 eam
1023 3027 1218 3117 appellavit
1243 3028 1370 3097 Petrus

192 3137 419 3208 Notariorum
442 3137 675 3228 primicerius,
702 3137 791 3205 hano
814 3136 928 3207 tulere
952 3136 1184 3207 sententiam:
1213 3135 1369 3205 «defini-

192 3246 251 3316 vit
273 3253 395 3314 sancta
417 3245 596 3334 synodus,
629 3244 735 3311 aliam
758 3245 860 3312 fidem
888 3241 1002 3337 (impar
1027 3243 1139 3336 πιστιν)
1166 3245 1297 3321 nemini
1325 3245 1367 3314 li·

191 3375 272 3423 cere
296 3353 452 3443 proferre
483 3356 546 3419 aut
569 3350 783 3419 conscribere
806 3357 871 3421 aut
894 3374 1094 3443 componere
1125 3361 1263 3446 praeter
1286 3352 1368 3422 defi·

192 3461 308 3529 nitam
332 3481 353 3527 a
376 3459 439 3529 SS.
464 3459 649 3543 Patribus,
676 3459 737 3549 qui
760 3458 797 3527 in
820 3459 950 3530 Nicaea
974 3486 1051 3531 cum
1075 3463 1214 3553 Spiritu
1238 3462 1369 3531 Sancto

195 3568 402 3658 congregati
426 3569 582 3636 fuerunt.
620 3566 692 3648 Qui
717 3588 799 3636 vero
822 3568 901 3636 ausi
924 3569 1058 3638 fuerint
1082 3578 1145 3638 aut
1168 3590 1369 3658 componere

194 3677 300 3745 fidem
324 3674 429 3743 aliem
458 3680 521 3744 aut
552 3676 709 3765 proferre
736 3680 800 3744 aut
829 3676 955 3745 offerre
978 3676 1135 3746 converti
1169 3675 1370 3746 volentibus

196 3782 242 3852 ad
266 3781 483 3872 agnitionem
506 3780 730 3851 veritatis...
757 3780 820 3850 hos
844 3783 1004 3875 quidem,
1037 3784 1068 3852 si
1099 3789 1183 3852 sunt
1204 3782 1370 3873 Episcopi

195 3894 263 3960 aut
285 3887 439 3974 Clerici,
465 3888 598 3957 alienos
632 3909 706 3957 esse
736 3887 925 3979 Episcopos
948 3890 991 3957 ab
1014 3889 1237 3980 episcopatu,
1262 3888 1370 3958 Cleri-

195 4018 255 4066 cos
279 4016 302 4063 a
324 3994 493 4064 clericatu
516 3996 684 4083 decrevit,
718 3996 749 4064 si
772 4017 854 4065 vero
877 3995 960 4064 laici
984 3997 1129 4082 fuerint,
1155 3996 1370 4065 anathemati

196 4102 339 4173 subiici.
367 4100 485 4173 Simili
507 4102 614 4172 etiam
637 4103 746 4188 modo,
766 4103 797 4171 si
814 4103 874 4195 qui
890 4103 1029 4173 inventi
1052 4103 1187 4173 fuerint
1208 4103 1265 4173 vel
1287 4104 1370 4194 Epi·

195 4209 293 4299 scopi
315 4209 374 4278 vel
389 4207 517 4279 Clerici
540 4208 598 4279 vel
620 4208 705 4278 laici
728 4210 856 4279 sentire
881 4210 956 4279 sive
979 4210 1099 4280 docere
1115 4231 1167 4295 ea,
1182 4230 1270 4300 quae
1293 4231 1370 4278 con·

192 4316 358 4386 tinentur
387 4318 425 4385 in
455 4319 572 4385 oblata
604 4317 819 4408 expositione
850 4341 872 4385 a
904 4317 1066 4388 Charisio
1100 4318 1305 4409 presbytero
1328 4319 1370 4387 de

194 4424 376 4514 unigeniti
391 4425 479 4495 Filii
501 4426 567 4496 Dei
589 4426 843 4514 incarnatione,
869 4426 944 4498 sive
968 4426 1138 4498 scelerata
1153 4434 1189 4496 et
1204 4448 1370 4518 perversa

1187 4555 1211 4604 u
