3172 4950
548 115 585 130 -
609 84 667 145 197
688 115 725 130 -

8 214 13 223 ·
124 189 191 258 Hae
213 188 439 260 distinetione
462 188 614 280 dupliois
637 190 896 280 generationis,
922 190 979 260 oui
1011 191 1218 281 respondeat

74 296 188 367 dvorsa
200 296 435 367 consideratio
447 302 484 366 et
492 296 681 388 appellatio
689 296 787 383 Filii,
801 296 891 367 solvi
903 296 1011 366 etiam
1026 302 1141 387 potest
1152 297 1220 367 dif·
1256 320 1258 324 ·

70 403 187 472 inultm
205 427 250 474 ex
269 402 423 472 Tertull.
436 407 547 473 oontr.
557 402 807 493 Hermogenem
817 403 888 473 ab.
899 403 1066 473 Defendit
1078 405 1219 473 Hermo-

66 533 151 601 neges
160 510 347 581 materiam
355 518 531 581 aeternam
543 518 579 580 et
589 511 779 582 increatam
792 512 857 582 hao
869 512 1015 598 ratione,
1025 511 1115 604 quod
1126 512 1222 581 Deus

64 619 139 688 deut
152 641 291 711 semper
305 620 412 705 Deus,
427 618 480 688 ita
495 625 532 688 et
544 641 676 710 semper
692 620 861 689 Dominus
876 626 965 708 erat;
981 619 1071 689 uude
1084 642 1221 689 neeesse

63 733 180 813 aeaut
188 750 325 819 semper
337 727 448 797 fuerit
458 727 675 818 aliquid,eui
684 727 932 814 dominaretur;
944 727 1008 798 hoo
1020 733 1138 797 autem
1147 751 1222 798 esse

63 835 244 906 nuteriam.
266 833 510 905 Tertullianus
526 841 645 927 negat,
658 858 696 905 eo
711 836 801 928 quod
817 858 950 927 semper
962 837 1132 922 estDeus,
1147 860 1223 907 esse

65 944 152 1013 etiam
166 965 305 1035 semper
315 943 512 1032 Dominum;
528 966 650 1013 nomen
663 943 754 1012 enim
766 945 857 1011 Deus
869 943 1048 1034 significat
1062 946 1222 1014 substan·

65 1050 210 1122 tiamDei
225 1050 385 1121 absoluta
400 1053 486 1122 etin
503 1073 551 1138 se,
566 1053 859 1121 nomeuDominue
871 1052 961 1122 dicit
971 1059 1165 1144 respectum
1177 1053 1222 1123 ad

67 1165 147 1229 ntra
159 1166 199 1230 et
213 1164 380 1230 connotat
394 1165 592 1230 ereaturam
607 1160 833 1246 existentem,
853 1160 952 1230 ouius
968 1166 1022 1229 est
1036 1160 1216 1230 Dominus.

9 1262 12 1287 '
68 1264 123 1338 llos
135 1266 301 1337 illustrat
310 1267 466 1359 exemplo
478 1266 627 1337 aliorum
643 1266 790 1337 duorum
802 1267 979 1352 nominum
989 1271 1105 1358 putris
1122 1273 1157 1336 et
1169 1270 1219 1334 iu·

70 1369 148 1441 oea·
163 1374 432 1467 equiaetpaber
445 1375 542 1445 Deus
557 1382 623 1461 est,
638 1381 674 1443 et
690 1374 795 1444 iudex
810 1376 905 1445 Deus
920 1382 974 1445 est
988 1400 996 1463 ;
1015 1398 1083 1444 nou
1106 1381 1222 1444 tamen

69 1476 126 1551 ideo
134 1489 237 1574 pater
247 1487 286 1552 et
296 1480 403 1552 iudex
415 1505 559 1575 semper,
575 1484 659 1575 quia
670 1484 765 1553 Deus
780 1507 924 1574 semper.
939 1484 1028 1554 Nam
1044 1506 1107 1553 nee
1123 1488 1224 1573 pater

68 1587 162 1675 potuit
183 1610 261 1658 esee
284 1595 366 1659 aute
389 1588 513 1676 lilium,
538 1613 601 1660 neo
623 1590 728 1660 iudex
752 1597 834 1659 ante
857 1589 1035 1660 delictum.
1051 1589 1139 1659 Fuit
1161 1611 1221 1657 au·

66 1696 120 1765 lam
137 1702 303 1789 tempus,
328 1720 406 1768 oum
429 1705 465 1769 et
487 1697 654 1768 delictum
677 1705 713 1768 et
735 1698 832 1767 lilius
847 1722 915 1768 non
939 1697 1032 1785 fuit,
1059 1697 1148 1790 quod
1165 1698 1219 1767 in·

65 1799 158 1875 linem
180 1812 219 1876 et
240 1805 302 1899 qni
325 1813 459 1899 patrem
481 1807 666 1877 Dominum
690 1808 833 1877 laceret.
850 1807 909 1877 Sic
925 1815 961 1878 et
975 1808 1144 1877 Dominus
1155 1828 1223 1876 nou

63 1918 132 1982 anta
152 1935 206 2000 ea,
232 1935 379 2006 quorum
401 1914 571 1983 Dominus
593 1913 781 1999 existeret,
807 1914 866 1984 sad
889 1915 1059 1983 Dominus
1083 1919 1222 1983 tantum

62 2012 196 2090 luemus
218 2020 446 2114 qnandoque;
473 2021 566 2090 siout
588 2026 688 2117 pater
711 2044 772 2113 per
795 2020 910 2089 filium
933 2020 1026 2090 sieut
1041 2020 1145 2090 iudex
1162 2043 1224 2110 per

60 2119 240 2213 lebetum,
276 2125 331 2197 ita
361 2132 398 2196 et
425 2125 597 2197 Dominus
627 2150 689 2219 per
724 2147 787 2212 ea,
822 2146 910 2218 quae
940 2125 1008 2195 sibi
1041 2126 1220 2196 servitura

60 2227 204 2304 fuisset.
222 2261 240 2298 r
1104 2240 1107 2246 ’

116 2339 170 2411 Ex
192 2348 270 2413 tota
291 2342 454 2414 doetrina
476 2341 691 2412 Tertulliani
721 2347 797 2413 tum
831 2343 868 2412 in
899 2342 1004 2413 libris
1035 2341 1117 2411 aliis
1147 2348 1223 2411 tum

60 2444 182 2522 lnboo
211 2451 289 2544 ipso
319 2459 442 2524 eontra
471 2452 770 2544 Hermog.o.18.
796 2452 986 2522 absurdum
1011 2457 1066 2520 est
1092 2449 1219 2519 dicere:

61 2555 125 2629 nit
155 2565 317 2652 tempus,
354 2561 493 2654 quando
525 2560 642 2630 Filius
673 2561 733 2654 qui
764 2567 819 2630 est
849 2559 955 2630 Ratio
985 2566 1021 2629 et
1044 2557 1225 2651 Sapientia

11 2666 13 2673 '
62 2659 139 2754 bei,
162 2667 314 2737 nondum
338 2669 422 2738 fuit.
447 2667 612 2760 Adeoque
628 2669 729 2760 filius
745 2668 776 2738 si
799 2667 1018 2758 intelligitur
1048 2667 1084 2736 h.
1100 2666 1125 2736 l.
1145 2688 1220 2757 per·

66 2792 135 2843 aona
159 2775 312 2847 seeuuda
334 2777 548 2862 Trinitatis,
573 2777 769 2847 neeessario
791 2777 946 2866 intelligi
970 2776 1127 2860 deberet,
1153 2797 1223 2844 non

68 2893 223 2972 qmteuua
255 2883 361 2953 Pater
382 2891 420 2954 et
440 2883 557 2954 Filius
581 2899 629 2952 est
653 2891 689 2954 et
713 2887 860 2967 exierit,
888 2884 947 2954 sed
968 2889 1143 2976 quatenus
1165 2880 1225 2950 Fi-

69 2983 125 3058 lius
150 2997 188 3061 et
212 3013 275 3082 per
304 2990 438 3060 Filium
469 2990 574 3061 Pater
606 2998 661 3062 est
692 2992 949 3081 manifestatus.
984 2990 1115 3061 Verum
1147 3012 1225 3059 oum

71 3090 294 3168 Tertullianus
326 3098 385 3169 hio
411 3098 523 3170 Deum
555 3105 690 3190 speotet
718 3099 878 3170 absolute
909 3106 946 3169 et
975 3098 1050 3168 siue
1081 3097 1225 3168 distine-
1308 3136 1311 3141 ·

73 3199 144 3275 bone
165 3226 415 3297 personarum,
440 3210 476 3276 et
498 3212 631 3296 speotet
653 3207 858 3277 relationem
880 3207 946 3276 Dei
969 3206 1014 3276 ad
1037 3205 1225 3275 terminum

75 3313 284 3384 extrinsecum
302 3365 310 3400 ,
336 3320 374 3384 et
395 3312 566 3385 rationem
589 3315 703 3406 patris
720 3304 911 3404 coniungat
927 3337 1004 3383 eum
1020 3313 1156 3382 ratione
1169 3311 1221 3380 iu·

32 3480 37 3487 .
76 3411 153 3505 diois,
169 3442 210 3491 ao
225 3420 431 3493 relationem
447 3420 515 3490 lilii
531 3421 575 3491 ad
590 3423 702 3491 Deum
717 3429 851 3514 patrem
868 3445 945 3492 oum
960 3420 1131 3491 relatione
1146 3441 1222 3509 pee-

77 3526 181 3598 auris
202 3528 248 3599 ad
270 3529 383 3600 Deum
404 3528 573 3616 iudicem,
592 3531 734 3601 videtur
751 3530 875 3599 saltem
890 3530 993 3619 longe
1009 3526 1222 3619 probabilior

78 3632 265 3723 aelafio,
293 3659 397 3731 quam
426 3637 531 3708 alteri
560 3639 715 3730 praefert
744 3638 851 3708 etiam
884 3636 1121 3707 Bellarminus
1145 3635 1221 3723 (De

78 3731 191 3814 (bristo
211 3744 285 3815 1.1.
304 3768 336 3815 e.
351 3745 436 3833 10.),
461 3752 505 3815 ut
527 3745 625 3816 filius
647 3745 873 3835 intelligatur
896 3745 1097 3837 adoptivus,
1123 3743 1225 3812 homo

79 3843 121 3914 tol
138 3850 304 3942 angelus,
329 3874 416 3945 quae
438 3851 575 3923 soilioet
598 3859 761 3923 ereatura
790 3851 977 3922 rationalis
1006 3851 1224 3922 extrinsecus

79 3955 215 4028 amem
235 3959 349 4030 Deum
370 3981 414 4029 ex
436 3965 590 4051 tempore
612 3967 746 4051 patrem
769 3959 1018 4031 denominavit.
