3180 4944
835 332 872 345 ..
893 299 955 361 600
974 332 1013 345 -

334 410 398 478 ΤΗ.
424 408 471 477 X.
567 406 618 473 De
649 404 712 474 SS.
742 404 919 474 Trinitate
953 404 1123 495 professio
1156 402 1333 472 eatholioa

637 511 755 581 eadem
772 517 855 581 ante
871 511 974 580 Cone.
984 510 1176 580 Nicaenum
1193 509 1332 578 demon·

637 622 775 687 stratur
802 640 846 687 ex
867 617 1034 686 Patribus
1056 616 1114 685 III
1136 624 1172 687 et
1194 616 1233 685 Π
1256 638 1331 685 see·

639 725 711 793 auli
724 774 1269 792 ..........
1329 746 1420 812 paq.
1447 718 1527 786 138·

197 786 203 797 ’
334 835 398 902 nn.
425 833 489 901 xl.
569 832 620 900 ne
657 830 915 901 difficilioribus
953 831 1169 918 concipiendi
1209 837 1246 899 et
1282 830 1333 898 10-

637 939 765 1032 quondi
788 939 916 1024 modis,
942 939 1069 1030 quibus
1084 938 1208 1008 Patres
1231 942 1331 1007 vetu-

639 1047 687 1115 sti
702 1046 962 1115 distinctionem
978 1045 1105 1114 realem
1128 1045 1332 1115 divinarum

638 1175 862 1243 personarum
889 1151 1094 1242 significant
1140 1205 1148 1221 .
1201 1204 1209 1219 .
1261 1204 1269 1219 .
1321 1202 1330 1218 .
1380 1178 1397 1211 ι·

334 1264 398 1331 ΤΗ.
426 1262 509 1330 ΧΠ.
569 1261 620 1329 Da
644 1261 891 1329 communitate
911 1259 1002 1329 reali
1025 1261 1276 1329 attributorum
1294 1266 1333 1327 et

637 1368 747 1435 omnis
764 1367 974 1457 operationis
987 1366 1032 1434 ad
1047 1383 1146 1434 rotro
1162 1367 1199 1435 in
1214 1365 1332 1434 tribus

636 1474 792 1565 personis
816 1474 971 1543 divinis.
1024 1526 1031 1542 .
1083 1526 1091 1541 .
1140 1461 1150 1542 .
1321 1524 1329 1541 .
1381 1499 1397 1534 n

334 1584 399 1653 ΤΗ.
424 1584 528 1651 ΧΙΠ.
569 1583 620 1651 De
643 1581 791 1666 ratione,
815 1602 884 1671 qna
907 1581 1083 1650 attributa
1106 1582 1272 1672 quaedam
1296 1587 1333 1649 et

641 1689 857 1780 operationes
881 1691 1156 1779 appropriantur
1171 1687 1233 1757 nni
1255 1710 1332 1778 per·

641 1819 744 1865 sonae
767 1818 851 1886 praa
874 1796 947 1863 alia
962 1845 1329 1865 .......
1380 1822 1397 1855 n

336 1906 401 1973 ΤΗ.
427 1903 525 1974 XIV.
570 1905 622 1973 Da
644 1910 767 1973 mutua
789 1903 991 1974 divinarum
1018 1926 1243 1995 personarum
1266 1904 1333 1969 cir·

640 2033 897 2077 ffllmtmssssfliom
905 2060 1329 2079 ........
1381 2036 1398 2068 ὓ

335 2118 400 2185 ΤΗ.
427 2117 506 2186 XV.
571 2119 621 2186 De
638 2116 775 2185 unitate
791 2118 1017 2207 perfeetionis
1031 2117 1067 2186 in
1084 2118 1241 2207 personis
1257 2119 1334 2186 sive

641 2223 793 2312 singulis
808 2224 883 2292 sive
894 2224 1010 2293 tribus
1026 2224 1130 2293 simul
1147 2225 1328 2315 spectatis.
1379 2252 1398 2286 n
1444 2222 1508 2290 230

335 2329 400 2398 ΤΗ.
426 2329 524 2399 XVI.
568 2331 619 2399 De
643 2329 857 2421 aequalitate
880 2337 917 2400 et
938 2329 1168 2400 similitudine
1194 2330 1332 2400 divina-

642 2461 719 2508 rum
742 2461 967 2531 personarum
1024 2490 1330 2509 ......
1381 2467 1398 2502 n
1444 2440 1508 2507 245

795 2755 976 2837 SEOTIO
1003 2759 1051 2836 ll.

446 2907 496 2965 DE
519 2907 753 2968 ANALOGIGO
773 2908 938 2971 NOSI'RO
960 2910 1174 2972 OONOEPTU
1194 2910 1401 2971 MYS'PERII

756 3015 811 3074 SS.
837 3017 1088 3077 TRINITA'llS.

336 3172 399 3239 ΤΗ.
427 3171 543 3240 XVII.
570 3172 612 3240 In
643 3174 857 3244 revelatione
891 3176 968 3267 ipsa
993 3178 1168 3263 docetur,
1205 3178 1332 3267 dogma

640 3280 703 3349 SS.
724 3281 913 3351 Trinitatis
932 3306 1006 3353 essa
1029 3285 1237 3374 mysterium
1253 3308 1331 3375 pro·

639 3387 714 3476 prie
738 3388 870 3458 dietum
897 3391 1064 3461 excedens
1087 3393 1158 3461 vim
1182 3392 1333 3461 rationis

640 3493 810 3564 humanae
844 3547 1327 3569 .........
1381 3528 1398 3564 n
1445 3501 1513 3567 250

336 3596 400 3666 ΤΗ.
421 3597 556 3667 XVIII.
572 3599 623 3668 De
647 3600 791 3670 fellaoia
812 3609 848 3671 et
861 3605 1017 3693 periculo
1040 3608 1270 3676 tentaminum
1286 3609 1331 3677 ad

566 3784 569 3788 ,
642 3706 968 3779 demonstrationem
1004 3734 1094 3781 mere
1124 3714 1331 3784 rationalem

641 3821 804 3907 mysterii
845 3871 867 3893 .,
904 3872 1329 3892 ........
1381 3852 1398 3886 r
1446 3825 1514 3893 270

337 3917 402 3985 ΤΗ.
427 3917 526 3988 XIX.
571 3922 867 4013 Superrationalia
890 3929 1079 3997 eminentia
1091 3931 1252 4019 mysterii
1264 3953 1332 3999 non

640 4030 804 4119 impedit,
831 4033 1014 4124 quominus
1037 4034 1128 4106 illud
1151 4037 1332 4128 supposita

640 4139 854 4210 revelatione
877 4150 1045 4233 conceptu
1068 4145 1249 4234 analogioo
1272 4167 1330 4237 ap·

639 4246 805 4334 prehendi
828 4248 939 4337 possit
965 4301 1329 4321 .......
1384 4283 1400 4317 n
1449 4258 1516 4326 299

215 4426 229 4449 ·
338 4342 401 4413 ΤΗ.
428 4346 508 4413 XX.
605 4347 815 4439 Mysterium
846 4352 909 4423 SS.
937 4355 1129 4426 'IrinItatis
1157 4359 1247 4450 quod
1278 4365 1333 4427 est
