3172 4950
690 328 728 345 ·—
750 298 810 361 454
830 329 868 346 —

193 406 273 473 bum
296 408 412 473 autem
434 409 471 470 et
494 401 613 471 Sermo
636 402 702 473 Dei
725 404 849 472 vivens
871 410 926 473 est
946 409 986 474 et
1008 424 1210 494 operans...
1232 404 1323 473 Curet

194 512 350 602 Spiritus
369 534 436 579 non
460 510 594 580 dicitur
615 510 733 580 Filius
754 511 847 581 Dei?
870 513 949 581 Non
973 511 1064 604 qaod
1080 536 1123 580 ex
1138 514 1206 580 Deo
1227 539 1279 591 non
1295 517 1325 583 sit

187 646 252 710 per
275 623 407 689 Filium
433 618 479 707 (ἐκ
503 623 578 687 &ece
601 615 640 683 δι’
656 618 747 707 iesu),
773 622 832 691 sed
856 645 898 689 ne
922 621 1084 691 Trinitas
1106 631 1244 713 putetur
1265 622 1325 691 mul·

191 731 307 800 titudo
331 732 482 815 infinita,
509 732 609 823 quasi
626 731 739 797 Filios
761 753 804 799 ex
827 730 946 814 Finis,
966 737 1006 798 ut
1029 730 1072 799 tit
1094 732 1132 799 in
1155 731 1325 815 homiuibus,

192 837 318 908 habere
342 840 535 909 rideretur.
553 842 604 907 At
619 840 730 907 dicis:
756 839 787 907 si
811 840 879 906 Dei
901 838 1039 931 quidem
1055 843 1171 930 imuqo
1189 855 1234 907 est
1246 840 1328 908 tuin

193 962 225 1012 et
251 950 365 1032 imopo
389 948 482 1015 Filii
504 949 671 1037 Spiritus,
697 948 781 1016 item
805 950 837 1015 si
860 948 976 1016 Filius
1001 948 1144 1015 Verbum
1160 949 1225 1015 Dei
1238 963 1265 1014 et
1277 948 1328 1036 sp

191 1056 282 1119 ricus
309 1055 447 1121 Verbum
470 1057 575 1135 Filii,
600 1078 663 1124 eur
687 1055 845 1145 Spiritus
867 1055 985 1124 dietus
1008 1078 1078 1125 nou
1101 1060 1158 1125 est
1178 1055 1283 1124 Pilius
1292 1052 1329 1124 ri·

191 1160 301 1228 tiit...
327 1161 427 1242 Quod
444 1163 474 1229 si
492 1162 718 1246 tacuerimus
738 1170 779 1231 ut
795 1163 855 1255 qui
871 1184 1016 1253 eaquae
1035 1163 1103 1231 Dei
1118 1170 1213 1248 sunt,
1229 1162 1329 1231 curius

191 1268 368 1360 inquirere
393 1271 561 1354 nolimus,
588 1270 702 1338 divini
727 1270 884 1360 Spiritus
907 1270 1057 1359 gloriam
1074 1270 1329 1340 victsmarbitre

191 1377 264 1460 ris,
294 1385 476 1467 propterea
500 1378 590 1469 quod
616 1377 704 1446 Filii
728 1377 918 1467 appellatio
945 1378 986 1447 de
1011 1379 1089 1469 ipso
1115 1377 1269 1446 adhibita
1286 1396 1330 1444 uta

190 1494 256 1567 est,
282 1487 383 1579 quasi
408 1487 589 1554 nunidem
615 1487 726 1575 possit
748 1509 790 1555 ex
814 1493 849 1555 te
877 1488 1012 1577 quaeri.
1035 1488 1126 1555 Nam
1152 1488 1185 1554 si
1205 1484 1330 1555 coutltee

191 1595 243 1663 ris
266 1619 328 1685 per
352 1594 525 1684 Spiritum
543 1594 621 1663 fieri
638 1594 731 1662 filios
755 1594 954 1685 adoptionis
978 1594 1192 1677 innumeros,
1209 1587 1329 1680 cnsp
1368 1592 1371 1601 '

191 1704 285 1772 ritus
310 1726 352 1772 ue
375 1704 559 1793 adoptione
585 1704 722 1795 quidem
747 1704 863 1772 Filius
888 1702 1160 1793 appellaturi...
1178 1702 1246 1770 Nos
1258 1718 1330 1791 porro

191 1813 296 1880 etiam
319 1812 361 1880 de
385 1814 449 1881 hoo
473 1814 572 1880 nobis
596 1814 683 1904 ipsis
709 1836 771 1902 pro
789 1813 890 1881 virili
906 1811 1195 1902 respondemus...
1209 1810 1330 1880 Dicimur

191 1941 300 2007 et'30,
337 1918 426 2010 quod
449 1924 481 1985 si
505 1924 584 2010 quis
608 1919 753 1986 dixisset
778 1921 910 1989 Filium
936 1943 977 1986 cx
1000 1921 1124 2001 Fidis,
1164 1921 1331 1988 Trinitate!

194 2024 338 2092 deitatis
360 2025 561 2094 adduxisset
586 2034 622 2094 in
646 2028 883 2095 multitudinis
905 2032 1132 2118 suspicionem
1148 2026 1239 2119 apud
1253 2022 1329 2093 houl-

193 2156 265 2215 nee,
283 2135 344 2225 qui
357 2134 421 2204 hoc
436 2136 656 2205 audivissent
673 2137 736 2220 (1).
754 2135 904 2204 Pronum
920 2158 1069 2228 namque
1085 2144 1166 2205 erut
1180 2128 1328 2225 empturi.

193 2241 222 2312 si
247 2240 364 2310 Filius
388 2267 429 2311 ex
453 2243 548 2310 Filio
571 2244 714 2332 genitus
736 2250 840 2325 esset,
866 2243 971 2310 etiam
996 2265 1038 2310 ex
1063 2243 1128 2313 hoc
1152 2242 1255 2311 alium
1279 2259 1328 2307 rur

193 2375 254 2419 sus
278 2352 435 2441 genitum
461 2352 571 2419 tuisse
593 2359 629 2419 et
652 2374 775 2419 rursus
804 2351 971 2418 alium...
990 2352 1182 2441 Propterea
1196 2348 1329 2441 Spiritu
1369 2388 1371 2435 Ι

191 2482 233 2528 ex
259 2460 330 2528 Deo
353 2482 427 2528 esse
449 2457 641 2548 Apostolus
664 2467 784 2547 aperte
809 2457 947 2549 quidem
971 2459 1193 2549 praedicavit
1220 2456 1326 2533 diceus,

192 2568 353 2658 quoniam
372 2567 542 2656 Spiritum
561 2567 678 2655 quiex
696 2569 768 2636 Deo
783 2572 850 2646 est,
868 2567 1065 2654 accepimus
1077 2559 1327 2652 (1.c‹›r.11.1t);
1366 2620 1371 2653 ἵ

192 2686 228 2745 et
251 2673 343 2765 qnod
363 2700 426 2764 per
453 2677 482 2742 F
484 2677 580 2739 ilium
607 2675 739 2760 effulsit
766 2666 829 2755 {dist
855 2672 917 2737 ὐιευ
934 2670 1120 2764 reparetur),
1145 2672 1329 2759 manifeste!
1368 2658 1371 2733 l

191 2781 370 2853 reddidit.
395 2785 565 2872 Spiritum
590 2786 682 2851 Filii
705 2789 815 2874 ipsum
851 2782 1057 2850 nominando
1080 2787 1171 2850 sicut
1199 2784 1330 2872 Spin-itta
1369 2778 1371 2787 '

193 2894 288 2962 Dei.
313 2899 349 2960 et
373 2892 582 2981 appellando
614 2910 752 2959 urentem
786 2893 920 2962 Olristi
950 2896 1040 2959 sicut
1071 2893 1242 2981 Spiritum
1268 2887 1329 2963 llei,

193 3000 476 3094 quemadmodum
495 3002 601 3067 etiarn
618 3010 671 3068 eet
701 3000 849 3090 spiritus
876 2998 1025 3066 hominis
1052 3000 1101 3084 (1.
1116 2994 1330 3077 cor.11.11.);

192 3109 324 3179 Filium
348 3118 464 3177 utitem
495 3110 582 3178 Filii
613 3110 727 3179 dicere
751 3110 849 3179 cavit
867 3136 882 3165 u
911 3115 977 3177 ete.
1003 3107 1115 3175 Basil.
1138 3107 1165 3174 l.
1187 3106 1230 3175 V.
1252 3110 1331 3174 coutt·

192 3216 339 3285 Eunom.
356 3217 398 3285 Τ.
413 3217 443 3283 Ι.
455 3243 488 3308 p.
502 3218 579 3286 304.
596 3243 648 3311 sq.

246 3361 289 3433 (1)
307 3365 444 3427 Quoniam
464 3380 499 3416 ex
521 3368 699 3419 resolutione
718 3367 870 3427 norimus,
894 3366 983 3417 solam
1003 3365 1092 3417 Verbi
1112 3380 1170 3417 uon
1189 3368 1276 3417 autea
1291 3356 1333 3424 su·

193 3456 269 3509 ritus
289 3456 496 3523 processionem
520 3458 549 3509 iu
572 3458 628 3509 Deo
647 3472 709 3508 esse
731 3456 964 3521 generationem.
983 3457 1035 3508 hoc
1054 3456 1119 3523 ipso
1136 3455 1282 3513 discimus,
1296 3458 1334 3501 ¹⁰¹

193 3558 300 3595 omueru
324 3544 531 3608 processionem
552 3543 681 3595 uirentis
700 3557 717 3593 a
740 3542 858 3592 virente
876 3555 910 3592 ex
929 3541 1072 3607 principio
1091 3542 1248 3593 intrinseco
1263 3546 1288 3591 et
1301 3542 1335 3601 pt!

193 3633 470 3686 communicationem
493 3642 612 3683 naturae
631 3647 694 3683 esse
714 3630 828 3697 proprio
848 3643 932 3681 seusu
954 3632 1178 3694 generationem.
1198 3634 1228 3683 et
1242 3628 1299 3681 litut
1311 3632 1335 3672 et

194 3722 332 3787 mysterio
355 3723 511 3773 Trinitatis
531 3721 731 3786 expolitiorem
751 3719 886 3771 habemus
909 3725 1074 3784 conceptum
1098 3715 1298 3783 generationis,
1313 3714 1336 3760 lt

194 3826 280 3876 supra
295 3811 469 3863 declaratum
483 3818 537 3861 cst.
560 3811 617 3861 lloe
639 3825 725 3861 sensu
748 3816 842 3875 potest
862 3806 988 3861 admitti.
1001 3808 1077 3874 quod
1091 3809 1134 3861 ait
1150 3800 1335 3861 situentur:

196 3928 209 3946 ι
222 3901 246 3951 si
269 3900 295 3952 S.
312 3901 460 3967 Scriptura
480 3910 507 3951 et
529 3902 654 3964 theologi
674 3900 786 3967 (dicere
809 3900 974 3952 debuisset:
996 3900 1044 3952 SS.
1062 3900 1165 3951 Patres
1186 3906 1215 3950 et
1232 3896 1337 3948 unium

193 3991 370 4059 praedicatio
385 3988 590 4047 ecclesiastica)
610 3992 789 4057 quibuslibet
810 3991 973 4042 homiuibus
990 3989 1191 4056 permisissent
1213 3978 1336 4040 aceouolt

195 4082 299 4133 tionem
320 4080 354 4131 ad
379 4098 423 4132 res
442 4082 614 4145 theologicus
636 4080 839 4145 significandas
853 4096 902 4145 per
915 4079 968 4132 has
982 4094 1065 4131 rores
1078 4071 1334 4145 praemetuendum

194 4172 317 4224 tortasse
339 4173 466 4223 licuisset
489 4173 627 4237 ampliare
657 4187 756 4223 nomen
781 4171 933 4222 filiationis
953 4178 981 4221 et
1002 4171 1202 4234 generationis
1217 4167 1249 4220 ad
1269 4162 1340 4217 nint

194 4264 338 4331 propriam
361 4265 560 4329 acceptionem.
585 4264 667 4315 iuxta
687 4278 771 4328 quam
795 4263 881 4315 etiam
902 4262 1025 4328 spiratio
1044 4250 1338 4325 rorareturgeueratitr

195 4355 327 4420 quoniam
352 4356 434 4407 affert
455 4353 673 4405 similitudinem
697 4354 727 4404 iu
748 4362 861 4405 natura.
884 4353 953 4406 licet
974 4368 1031 4404 nou
1052 4367 1088 4404 ex
1103 4338 1339 4404 nrionetoradit

196 4445 267 4497 aima
280 4467 292 4489 .-
312 4456 366 4497 etc.
380 4445 454 4511 disp.
464 4445 530 4497 i'll.
545 4454 615 4497 sect.
625 4444 652 4494 3.
667 4458 696 4494 n.
707 4444 735 4494 8.
