3172 4950
661 355 700 369 -
721 320 782 384 375
804 355 842 369 ..

188 446 248 495 eum
269 446 333 493 suo
355 425 528 517 principio
543 426 706 518 loquente
722 428 892 518 producut
912 448 1060 495 amorem
1076 426 1228 497 eiusdem
1246 427 1339 495 boui.

188 528 269 600 Unde
290 532 399 601 etiam
423 556 568 623 persona
591 535 785 624 producens
807 536 980 619 Verbum,
1007 557 1046 602 eo
1069 535 1144 625 ipso
1176 536 1265 626 quod
1289 544 1343 604 est

188 638 379 729 productiva
403 640 524 725 Verbi,
549 651 603 711 est
624 644 730 711 etiam
759 643 863 711 simul
895 667 972 713 oum
995 642 1110 711 Verbo
1135 644 1344 733 productiva

188 747 299 815 enoris
314 752 349 815 r:
365 748 454 817 Ruiz
471 749 559 841 disp.
577 750 695 819 XVII.
714 759 797 821 sect.
817 752 850 818 6.
867 775 901 817 u.
917 750 951 817 8.
967 750 1068 819 Siout
1086 774 1169 841 ergo
1187 752 1221 817 in
1238 751 1343 820 Patre

188 855 366 945 paternitas
388 864 425 924 et
447 856 617 947 spiratio,
643 858 695 926 ita
726 858 762 926 in
785 859 879 927 Filio
914 859 1039 927 relatio
1075 859 1259 928 filiationis
1283 881 1343 927 seu

188 985 241 1030 ure
259 966 415 1052 penitam
435 975 472 1033 et
494 965 642 1056 spiratio
659 975 741 1035 sunt
760 998 776 1031 a
790 967 877 1035 duae
895 967 1082 1036 relationes
1096 967 1156 1038 sed
1172 990 1240 1036 non
1256 967 1344 1037 duae

188 1092 348 1161 personae,
373 1072 442 1140 imo
465 1096 536 1142 una
559 1097 704 1164 persona
719 1103 750 1144 n.

237 1178 292 1247 Ex
310 1179 366 1248 his
382 1203 485 1270 porro
501 1183 730 1273 intelligitur,
757 1184 924 1276 quomodo
941 1183 1088 1275 spiratio
1105 1183 1252 1270 (activa)
1269 1206 1344 1275 per-

188 1286 287 1355 tineat
308 1287 353 1355 ad
376 1290 545 1359 rationem
569 1291 793 1361 intrinsecam
819 1299 855 1361 et
877 1292 921 1359 ad
945 1302 1146 1382 conceptum
1173 1292 1344 1384 adaequa-

188 1400 250 1464 tum
272 1402 456 1489 (quantum
479 1422 542 1468 nos
565 1399 765 1491 intelligere
789 1401 959 1488 valemus)
983 1423 1148 1492 personae
1164 1400 1281 1469 Patris
1305 1422 1345 1470 ae

188 1500 272 1571 titii.
295 1504 385 1572 Nam
410 1506 441 1575 1·
462 1508 658 1598 paternitas
685 1517 720 1577 et
743 1509 869 1577 filiatio
901 1510 932 1578 si
962 1509 1100 1599 plenius
1131 1516 1343 1595 spectentur,

188 1630 222 1677 ex
240 1612 429 1682 intrinseca
451 1615 629 1705 erigentia
651 1616 839 1687 includunt
866 1618 1106 1708 spirationem,
1131 1625 1167 1687 et
1189 1618 1263 1686 sine
1281 1616 1345 1686 lrao

188 1740 243 1787 non
257 1720 357 1810 plene
381 1723 647 1813 concipiuntur;
667 1725 811 1814 proinde
828 1725 872 1793 ad
890 1728 1136 1817 paternitatem
1152 1732 1189 1795 et
1204 1725 1345 1793 filiatio·

189 1848 251 1900 nem
266 1830 435 1917 divinam,
454 1842 496 1902 ut
511 1836 560 1902 sit
576 1834 661 1901 talis
679 1835 794 1926 qualis
810 1838 1006 1903 necessario
1022 1845 1088 1917 est,
1108 1833 1260 1926 pertinet
1276 1833 1344 1924 spi-

191 1938 267 2007 ratio
281 1939 412 2009 activa.
431 1941 523 2011 Hinc
538 1950 630 2011 recte
655 1944 708 2011 ait
730 1943 934 2013 Dominieus
958 1944 1051 2013 Viva
1068 1944 1109 2012 ‹le
1126 1943 1230 2024 Filio,
1255 1941 1347 2034 quod

192 2045 373 2133 parimodo
397 2047 495 2118 valet
518 2049 559 2117 de
581 2049 700 2118 Patre:
730 2050 874 2119 «Filius
890 2051 927 2119 in
944 2051 1132 2139 hypothesi
1160 2049 1347 2119 olrimerioa

194 2152 267 2241 quod
287 2176 354 2223 non
378 2155 553 2245 spiraret,
578 2155 724 2243 haberet
754 2166 955 2248 conceptum
979 2158 1066 2225 Filii
1090 2158 1344 2248 inadaequate,

195 2256 236 2327 ito
252 2270 365 2331 tamen
388 2270 431 2333 nt
452 2272 665 2355 repugnaret
695 2266 883 2334 seeundum
914 2265 1115 2335 huiusmodi
1145 2273 1347 2353 conceptum

196 2362 444 2461 inadaequatum
468 2394 613 2462 usquam
630 2373 777 2464 reperiri
792 2400 808 2434 n
827 2373 868 2442 de
882 2373 980 2442 'Pr-in.
997 2373 1086 2462 disp.
1102 2373 1145 2442 V.
1162 2399 1194 2464 q.
1212 2372 1244 2439 (i.
1260 2396 1295 2439 n.
1311 2370 1344 2440 9.

246 2476 426 2570 Propterea
450 2481 482 2549 2·
505 2479 588 2571 quia
611 2481 806 2571 paternitas
822 2491 857 2550 et
874 2480 1000 2549 filiatio
1016 2504 1058 2549 ex
1077 2480 1268 2549 intrinseca
1284 2500 1348 2548 sua

199 2584 308 2656 ratione
329 2587 526 2658 necessario
550 2588 654 2656 simul
678 2597 761 2658 sunt
784 2588 932 2678 spiratio
955 2590 1092 2674 activa,
1122 2588 1264 2680 etquis
1288 2610 1348 2677 per

201 2684 467 2765 Iano-formalem
497 2697 668 2765 rationem
700 2696 905 2785 spirationis
929 2698 1033 2765 Pater
1063 2705 1099 2765 et
1129 2695 1246 2765 Filius
1270 2719 1346 2765 cou-

202 2797 376 2873 stituuutur
403 2811 446 2873 ut
476 2803 688 2893 principium
719 2804 879 2873 distincti
911 2825 932 2871 a
963 2825 1109 2894 persona
1135 2802 1244 2872 tertia
1271 2825 1348 2893 pro·

203 2906 339 2998 redent03
365 2911 479 3003 quoad
510 2934 582 2979 rem
612 2912 723 3002 ipsam
754 2911 955 2980 indubitata
984 2920 1039 2983 est
1068 2919 1104 2982 et
1135 2912 1248 3005 quoad
1280 2934 1347 2981 mo·

203 3006 260 3085 iun
279 3017 444 3110 loquendi
466 3017 616 3088 solidum
640 3018 746 3088 habet
768 3019 1033 3090 fundamentum
1064 3020 1223 3091 doctrina
1252 3019 1347 3090 theo·

203 3110 355 3212 ltpornm,
383 3127 443 3219 qui
467 3128 648 3218 supposita
671 3127 896 3197 distinetione
921 3129 1068 3196 rationis
1098 3136 1135 3198 et
1160 3127 1349 3198 identitate

203 3230 267 3300 nili
285 3234 490 3326 spirationis
513 3258 592 3305 oum
614 3234 829 3326 paternitate
852 3241 888 3305 et
911 3236 1082 3306 filiatione
1110 3237 1245 3321 dicunt,
1271 3260 1348 3305 con·

202 3335 395 3411 sturionem
419 3342 537 3411 Patris
560 3350 595 3411 et
616 3341 705 3410 Filii
728 3342 765 3408 in
789 3342 890 3433 pleno
913 3365 976 3411 suo
1000 3351 1167 3434 conceptu
1194 3341 1349 3432 intelligi

203 3450 439 3527 perforantem
461 3450 632 3519 rationem
654 3451 880 3540 paternitatis
903 3458 939 3521 et
962 3451 1156 3532 filiationis,
1176 3442 1349 3543 quatenus

203 3542 264 3625 lter
283 3566 432 3650 utraque
455 3559 682 3648 spirationem
706 3559 858 3629 activam
883 3559 1046 3629 includit.
1077 3560 1211 3626 «Pater
1231 3565 1267 3626 et
1289 3555 1348 3624 Fi·

203 3651 254 3731 lios
271 3665 574 3757 distinguuntnra
592 3668 729 3759 Spiritu
747 3669 875 3738 Sancto
891 3669 1006 3736 eadem
1030 3669 1104 3758 ipsa
1121 3665 1345 3756 proprietate,

188 3784 253 3855 ¹quur
270 3775 547 3845 constituuntur.
572 3775 793 3866 Quapropter
816 3774 909 3844 siout
931 3773 1137 3843 radicaliter
1166 3779 1304 3842 tantum
1328 3793 1349 3839 a

204 3866 314 3965 Spiritu
338 3882 468 3951 Sancto
490 3884 761 3973 distinguuntur
785 3906 846 3972 per
869 3882 1116 3973 paternitatem
1143 3889 1179 3950 et
1207 3879 1349 3949 filiatio·

204 3995 268 4073 tero,
290 3989 342 4059 ita
365 3990 471 4059 etiam
487 4013 553 4057 non
578 3991 679 4079 plene
695 3997 732 4060 et
748 3991 884 4079 integre
901 3991 1168 4058 constituuntur
1183 3987 1350 4076 explicito

205 4104 342 4189 mepta
374 4099 601 4188 paternitatis
624 4106 659 4168 et
682 4097 886 4179 filiationis,
913 4119 1092 4188 quousque
1123 4095 1350 4184 intelligatur

204 4200 338 4291 0¹1tliaite
361 4205 511 4296 spiratio
534 4204 664 4289 activa,
686 4228 752 4295 per
775 4229 877 4296 quam
900 4208 988 4269 sicut
1001 4204 1208 4291 formaliter
1224 4201 1348 4269 distin·

204 4322 330 4387 tuantur
351 4336 374 4380 α
396 4315 535 4403 Spiritu
558 4316 695 4389 Sancto,
722 4316 774 4379 ita
802 4315 906 4378 etiam
923 4313 1083 4378 ultimate
1106 4328 1138 4379 et
1157 4311 1259 4401 plone
1274 4333 1347 4374 con·

206 4412 401 4489 uterentur»
431 4420 555 4491 Didae.
569 4421 661 4491 Ruiz
678 4420 767 4511 disp.
783 4418 901 4489 XVII.
925 4428 1010 4490 sect.
1033 4419 1065 4488 ii.
1088 4421 1134 4489 ef.
1157 4417 1246 4508 disp.
1269 4414 1346 4487 106.
