3172 4950
704 348 741 362 -
763 315 824 379 ³08
844 348 882 364 -

206 429 242 492 et
253 429 294 491 at
308 428 486 491 aeternam
496 419 585 490 Filii
602 443 680 490 cnm
695 421 799 490 Patre
815 421 1093 493 coniunctionem
1109 445 1172 515 per
1187 424 1265 511 baec
1281 447 1341 497 oon

206 537 386 600 monstret.
401 529 490 599 Nam
513 536 549 598 et
571 530 715 599 verbum
738 536 898 598 nostrum
922 531 1051 601 mentis
1068 533 1184 602 foetus
1199 533 1344 624 citrapec

206 639 334 707 sionem
360 645 560 727 generatur;
586 638 807 729 nequeenim
831 643 969 707 secetur
992 662 1105 731 neque
1123 641 1292 711 dividitur
1307 663 1347 713 no

207 767 273 836 que
295 743 397 827 fluit,
424 744 483 812 sed
507 767 601 813 mens
625 749 701 812 tota
717 743 754 811 in
773 766 837 812 sua
860 745 1002 835 propria
1025 747 1226 816 substantia
1247 769 1348 838 perne

207 874 314 937 nens,
341 853 484 920 verbum
507 858 620 920 totum
644 859 681 920 et
703 854 895 941 perfectum
917 853 1094 944 producit;
1112 861 1220 947 atque
1236 856 1348 925 verbra

207 961 393 1050 procedens
417 983 546 1029 omnem
572 958 698 1028 mentis
710 961 911 1050 generantis
925 961 1094 1030 virtutem
1111 962 1149 1031 in
1165 987 1203 1032 ss
1218 963 1348 1056 compleo

207 1069 310 1138 titur.
337 1070 523 1160 Postquam
546 1068 660 1158 igitur
683 1075 820 1136 tantum
844 1069 888 1137 ad
911 1069 1098 1161 Unigeniti
1113 1071 1348 1163 theologiam

208 1177 345 1245 nomine
383 1176 482 1242 Verbi
516 1175 772 1266 desumpseris,
806 1183 976 1268 quantum
1006 1178 1103 1268 pium
1136 1180 1271 1264 faerit,
1298 1185 1348 1248 tan

208 1283 379 1376 quidquid
403 1283 556 1352 alienum
579 1304 654 1351 esse
676 1304 716 1352 ac
733 1282 993 1352 dissentaneum
1009 1286 1195 1375 repereris,
1210 1287 1246 1356 id
1260 1285 1348 1355 devita

208 1399 245 1462 et
266 1391 358 1459 omni
382 1390 500 1459 studio
527 1391 843 1481 praetergrederer
876 1392 987 1460 Basil.
1014 1392 1107 1460 hom.
1125 1394 1165 1461 in
1183 1394 1282 1463 illud:
1304 1393 1348 1463 eir

208 1497 382 1591 principio
394 1505 472 1566 erat
490 1525 505 1558 a
531 1503 599 1566 etc.
614 1521 648 1565 n.
662 1497 695 1566 3.
711 1498 754 1565 Τ.
771 1497 821 1566 II.
841 1523 874 1589 p.
891 1498 969 1567 136.
983 1497 1038 1566 Ex
1051 1499 1117 1569 hoc
1134 1508 1297 1593 conceptu
1308 1500 1348 1570 ori

210 1609 305 1701 ginis
328 1630 369 1676 ac
400 1606 583 1675 relationis
613 1606 706 1675 inter
736 1606 884 1696 primam
915 1615 952 1678 et
982 1609 1169 1678 secundam
1201 1631 1348 1702 personas

209 1714 397 1786 seeundum
420 1714 618 1804 analogiam
642 1713 768 1782 mentis
791 1735 832 1783 ac
855 1714 954 1783 verbi
985 1716 1207 1806 procedentis
1237 1740 1348 1809 procu

210 1833 265 1894 est
286 1822 449 1914 progredi
480 1821 525 1889 ad
548 1821 723 1890 notionem
747 1844 913 1912 personae
936 1823 1063 1892 tertiae
1088 1832 1129 1893 ut
1153 1826 1291 1894 termini
1308 1845 1348 1894 ser

210 1930 339 1998 amoris
375 1929 538 2021 producti
573 1951 635 2019 per
670 1928 914 2015 dilectionem,
942 1938 1116 2023 quatenus
1147 1932 1287 2002 dilectio
1304 1950 1348 2000 mr

211 2039 400 2108 communis
423 2044 477 2105 est
499 2038 599 2107 Patri
625 2061 666 2107 ac
688 2038 795 2107 Filio.

278 2146 456 2237 Analogia
479 2145 530 2216 δ”.
546 2153 661 2236 potest
676 2147 746 2216 dici
763 2149 882 2240 aliquo
900 2148 994 2214 modo
1013 2148 1127 2217 media
1145 2150 1237 2222 inter
1252 2131 1348 2222 uom-

211 2278 278 2349 que
291 2253 586 2347 praecedentem,
613 2253 795 2343 desumpta
817 2254 983 2323 nimirum
1007 2278 1049 2324 ex
1073 2259 1348 2347 processionem

210 2363 331 2434 teriali
354 2362 492 2454 quidem
517 2361 712 2453 splendoris
735 2386 776 2431 ex
800 2362 931 2431 lumine
948 2386 1008 2432 seu
1025 2363 1118 2433 lucis
1135 2365 1177 2434 de
1194 2365 1279 2449 lnce,
1291 2386 1348 2457 qua

211 2478 326 2542 tamen
350 2471 426 2560 ipsa
457 2477 511 2538 est
541 2470 681 2538 sensilis
711 2469 826 2560 imago
857 2470 1086 2559 processionis
1117 2470 1348 2541 intellectualia

211 2580 411 2649 Exhibetur
433 2599 474 2648 ea
497 2579 533 2646 in
558 2578 752 2669 Scripturis
775 2580 863 2646 Heb.
882 2578 912 2648 I.
928 2579 960 2648 3.
981 2579 1190 2667 (ἂωαυγασμα
1203 2574 1348 2661 raedcbelj

213 2689 294 2778 Sap.
303 2688 386 2756 VII.
402 2689 457 2756 25.
481 2679 513 2774 (d
531 2707 620 2776 repes
643 2681 731 2770 ἀτμις
754 2708 806 2758 της
826 2709 877 2750 τευ
900 2689 974 2752 Sero
994 2681 1159 2771 δυναμεως,
1179 2711 1230 2750 και
1243 2682 1348 2777 droppen

214 2817 265 2866 roe
284 2817 334 2859 cca
365 2817 601 2886 meresaparcpee
624 2790 709 2870 δοξης
735 2790 916 2886 trineptem).
941 2795 974 2861 A
1000 2795 1064 2864 SS.
1083 2794 1250 2863 Patribus
1264 2793 1348 2863 sadra

212 2901 387 2972 excolitur
403 2901 662 2990 multipliciter.
672 2902 762 2970 Vide
775 2901 948 2969 Athenas.
959 2902 1000 2970 de
1012 2901 1165 2971 decretis
1177 2901 1254 2970 Nic.
1264 2895 1348 2977 nib,

213 3019 249 3081 et
271 3009 356 3079 ibid.
369 3034 403 3077 n.
419 3011 474 3077 25.
491 3008 684 3078 doctrinam
708 3010 936 3100 Theognosti3
962 3009 1110 3098 Gregor.
1132 3001 1348 3098 Naz.ep.14³·

214 3119 257 3186 ad
281 3117 415 3207 Evagr.
432 3118 493 3203 (al.
509 3141 558 3185 or.
575 3119 649 3202 45.)
664 3118 704 3185 T.
723 3117 771 3184 II.
792 3143 824 3206 p.
846 3117 938 3204 199.;
961 3117 1073 3184 Basil.
1094 3124 1206 3186 contr.
1233 3117 1348 3185 Eunon·

213 3226 240 3292 l.
255 3224 304 3292 H.
322 3249 358 3291 n.
378 3225 447 3311 16.;
474 3225 499 3291 l.
515 3225 578 3292 IV.
594 3249 628 3292 n.
645 3226 691 3311 1.;
710 3225 839 3314 Cyrill.
854 3224 1010 3293 thesaur.
1034 3225 1075 3292 Τ.
1095 3224 1140 3292 V.
1156 3225 1196 3294 P.
1210 3224 1242 3291 I.
1259 3248 1289 3314 p.
1302 3219 1348 3300 47,

214 3332 354 3421 Dialog.
370 3332 419 3399 II.
435 3332 481 3399 ib.
498 3358 531 3423 p.
544 3332 638 3418 453.;
654 3333 856 3401 Damascen.
874 3333 954 3401 Fid.
970 3333 1062 3400 orth.
1079 3331 1105 3399 l.
1116 3331 1147 3400 I.
1163 3357 1193 3402 c.
1209 3333 1242 3400 8.
1256 3357 1286 3423 p.
1298 3322 1348 3396 lot.

216 3439 293 3507 136.
313 3448 379 3508 etc.
397 3438 466 3520 Qui
490 3447 565 3507 tum
584 3461 655 3507 rem
678 3440 788 3529 ipsam
812 3446 887 3507 tum
911 3440 1057 3508 Petrum
1087 3439 1286 3507 testimonia
1303 3453 1348 3503 oon

215 3548 450 3631 sideraverit,
477 3547 581 3616 facile
605 3547 740 3615 videbit
764 3569 927 3636 magnum
951 3546 1139 3631 discrimen
1165 3546 1272 3616 huius
1290 3561 1348 3612 aar

215 3657 330 3747 logiae
354 3677 376 3724 a
397 3654 695 3745 praecedentibus.
713 3654 814 3722 Sicut
838 3655 875 3721 in
900 3654 1035 3722 homine
1059 3663 1095 3723 et
1119 3647 1348 3724 nominatiuil

216 3765 347 3855 spiritu
362 3769 416 3831 est
433 3764 545 3851 imapo
562 3761 639 3845 Dei,
660 3761 696 3828 in
713 3763 817 3830 rebus
834 3783 916 3828 vero
934 3760 1179 3831 materialibus
1192 3758 1348 3831 solumlou

217 3870 384 3962 ginquicr
407 3870 626 3938 adumbratio
650 3876 686 3937 et
709 3873 891 3958 corripiam
914 3869 979 3936 Dei
1003 3869 1063 3955 (S.
1091 3870 1159 3937 rh.
1187 3870 1219 3938 1.
1239 3896 1270 3962 q.
1286 3864 1342 3949 93.)

217 3979 269 4046 ita
294 3978 412 4061 Pater,
438 3979 566 4058 Filias,
594 3976 747 4058 Verbum,
773 3979 927 4067 Spiritus
951 3980 1114 4060 Sanctae,
1140 4002 1228 4071 quae
1251 3974 1348 4047 nomia

215 4083 414 4173 analogiam
429 4084 557 4154 habent
574 4085 611 4153 in
627 4085 763 4154 homine
779 4092 815 4155 et
831 4087 868 4154 in
885 4086 1018 4176 spiritu
1035 4085 1260 4177 intelligente
1273 4108 1307 4154 ao
1318 4099 1348 4148 vo

217 4192 323 4276 lente,
336 4200 466 4261 suntac
479 4194 645 4262 dicuntur
652 4197 796 4284 proprie
807 4195 844 4262 in
862 4195 1007 4279 divinis,
1023 4197 1054 4264 si
1066 4196 1237 4285 perfectio
1254 4186 1348 4283 signifi

218 4306 298 4368 cata
320 4322 380 4389 per
402 4322 437 4369 se
461 4308 660 4390 spectatum
688 4310 810 4370 contra
826 4326 909 4371 vero
926 4303 1001 4385 lux,
1018 4302 1181 4392 splendor
1200 4311 1279 4387 eto,
1295 4314 1348 4390 qu&

218 4406 451 4475 desumuntur
473 4429 516 4475 ex
540 4408 643 4476 rebus
667 4409 927 4495 materialibus,
952 4430 1142 4501 numquam
1161 4411 1348 4500 propriore
