3180 4944
514 39 601 114 ngrt
622 46 659 92 se
681 39 718 92 et
740 46 871 92 omnem
894 39 1091 93 creaturam
1115 39 1255 115 bprrrtu
1278 39 1424 108 nanum,
1454 47 1492 91 ιιι
1520 44 1582 115 qus

517 130 674 222 Spiritus
691 130 841 200 Sanetus
864 130 1024 220 procedit
1047 136 1088 199 nt
1103 152 1199 199 emor
1222 130 1390 200 bonitatis
1405 130 1553 221 primae,
1572 152 1582 197 s

516 240 597 309 dum
621 258 725 331 quom
740 240 846 308 Peter
862 245 957 309 emet
973 261 1009 309 se
1025 245 1062 309 et
1078 262 1210 309 omnem
1227 245 1434 311 creaturum.
1451 238 1502 308 Et
1516 239 1582 339 sio¹

517 352 627 438 petet,
653 346 744 439 quod
767 352 946 437 respectus
969 347 1241 437 importaturos
1258 353 1455 417 ereaturam
1470 352 1508 415 et
1522 346 1582 416 in'

517 461 553 526 et
579 454 616 523 in
639 476 754 524 amoro
777 454 981 545 procedente
1005 456 1107 548 quusi
1131 455 1352 540 essendone,
1378 456 1415 524 in
1439 461 1582 547 quantu:

517 562 602 632 lieet
625 562 762 631 bonitus
785 568 822 630 et
835 558 978 630 'veritas
1008 561 1132 632 divine
1154 568 1208 632 osi
1229 561 1441 652 principium
1463 559 1582 631 intelli

517 674 554 737 st
575 668 716 737 emendi
747 691 877 738 omnem
909 674 1106 739 ereaturam
1126 698 1142 733 n
1165 669 1202 738 S.
1230 668 1297 738 Th.
1315 668 1347 737 1.
1365 694 1399 759 q.
1414 669 1470 738 ³7.
1493 688 1528 737 e.
1548 669 1582 736 2.

517 778 563 846 of.
583 801 616 869 q.
636 777 692 845 38.
712 777 797 867 ml.

584 883 622 950 3¹·
645 885 802 977 Denique
817 908 860 955 ex
883 884 1039 976 proxime
1069 885 1176 955 dietis
1208 885 1321 954 oritur
1352 884 1536 977 quaestio,
1571 906 1582 953 ι

518 992 675 1083 Spiritus
699 992 850 1062 Sanetus
873 993 1038 1084 procedet
1060 1017 1128 1062 non
1152 993 1250 1063 modo
1273 1016 1334 1085 per
1356 993 1582 1063 dilectionem

517 1101 643 1170 nitetis
664 1100 805 1170 divinae
828 1107 870 1170 ut
893 1101 1190 1172 communicabilis
1213 1102 1258 1171 ed
1281 1106 1382 1171 extre
1415 1123 1477 1192 per
1501 1106 1582 1193 peri

518 1208 646 1279 tionem
670 1208 907 1299 euologieem,
933 1210 975 1279 de
999 1232 1066 1302 quo
1090 1210 1262 1295 diximus,
1288 1209 1477 1279 sedetiam
1502 1232 1564 1301 per

517 1315 647 1385 tionem
670 1324 911 1388 ereaturarum
928 1318 1004 1387 sive
1019 1317 1240 1408 possibilium
1263 1318 1340 1387 sive
1355 1323 1439 1387 solu
1455 1316 1582 1409 produt

519 1445 596 1492 rum
619 1424 677 1494 vel
701 1423 963 1516 producturum.
979 1424 1055 1493 Hoo
1071 1424 1235 1494 ultimum
1257 1424 1456 1515 negandum
1478 1446 1554 1494 esse
1577 1452 1582 1489 ι

519 1554 594 1600 mus
628 1533 745 1602 eodem
779 1531 878 1601 modo
914 1538 951 1601 et
984 1555 1025 1600 ex
1061 1532 1190 1602 eisdem
1224 1531 1449 1615 rationibus,
1488 1553 1532 1600 ex
1566 1556 1582 1623 q

519 1639 726 1730 negavimus
749 1640 900 1709 Verbum
925 1641 1107 1731 procedere
1130 1664 1192 1733 per
1215 1639 1487 1710 intelleotionem
1516 1660 1582 1709 orer

520 1771 597 1816 rum
620 1748 857 1818 existentium.
877 1749 1000 1833 Quoad
1015 1749 1155 1818 ordines
1178 1748 1409 1840 possibilium,
1435 1770 1525 1841 quse
1540 1746 1582 1818 (li

520 1856 759 1947 eomprehendi
775 1856 813 1925 in
828 1856 1069 1926 intellectione
1086 1880 1147 1948 per
1164 1880 1268 1950 quom
1290 1856 1445 1926 Verbum
1467 1856 1582 1946 expris

520 1962 578 2032 hio
600 1964 777 2054 responsio
800 1965 927 2055 pendet
949 1966 993 2033 eb
1015 1966 1087 2033 sliu
1110 1964 1323 2058 quaestione,
1350 1971 1469 2033 utrum
1496 1966 1582 2055 poss*

521 2072 615 2141 siout
635 2093 704 2143 non
728 2074 826 2143 modo
850 2074 1038 2144 seeundum
1062 2098 1130 2143 erre
1151 2074 1306 2144 eminens
1328 2072 1544 2143 iri-essentie
1572 2072 1582 2141 ι’

520 2180 580 2249 ssd
596 2180 792 2251 formaliter
808 2182 995 2253 seeundum
1012 2206 1112 2251 suum
1131 2206 1198 2250 erse
1209 2182 1377 2271 possibile
1400 2179 1582 2250 uertissimr

521 2288 691 2359 obieotnm
725 2287 958 2358 necessarium
992 2288 1244 2359 intellectionis
1279 2287 1445 2372 divinoe,
1483 2288 1582 2379 imp

520 2395 626 2464 etiem
648 2396 719 2465 diei
743 2396 914 2465 obiectum
938 2395 1137 2465 dilectionis
1160 2394 1387 2465 neeessariee.
1412 2393 1472 2465 Ad
1487 2394 1580 2465 beno

521 2503 665 2556 niinnnm
691 2502 871 2556 (limantium
896 2510 969 2556 nni·
996 2505 1026 2556 ni
1044 2524 1140 2556 summ·
1156 2504 1219 2556 Tlni
1237 2503 1279 2556 suri
1298 2508 1400 2556 avim
1423 2502 1577 2556 nnmiim
