3172 4950
543 111 581 126 -
602 77 663 141 255
684 110 723 125 ..

52 183 175 254 Verum
199 183 236 252 ιι.
249 182 277 253 l.
291 184 485 275 Apostolus
507 185 586 275 agit
599 185 642 255 ds
657 183 883 270 veritatibus,
908 205 997 275 quaa
1018 183 1150 256 lumine
1164 205 1219 256 rs·

52 291 154 361 tionis
177 297 266 361 suut
287 291 426 362 omniuo
447 315 516 362 nou
541 292 804 382 cognoscibiles.
829 292 939 362 Docet
960 292 1128 363 videlicet
1156 293 1219 363 du·

51 399 170 492 plicam
192 398 427 470 neeessariam
449 400 682 490 operationem
714 399 871 490 Spiritus
895 399 1041 485 Sancti,
1075 400 1133 472 vel
1163 422 1219 492 po·

54 507 122 583 tius
144 505 385 598 operationem
407 507 565 597 Spiritus
589 506 710 576 Sancti
734 507 778 576 ad
794 506 968 598 duplicem
982 507 1158 593 effectum,
1177 512 1221 577 ut

51 619 155 710 primo
181 615 391 703 mysterium
419 637 481 706 per
496 638 533 685 se
548 614 721 685 humanae
747 614 880 684 rationi
901 615 1059 684 naturali
1081 615 1220 685 omnino

54 725 290 795 absconditum
311 731 350 795 et
369 722 585 793 inaccessum
608 723 778 800 reddatur
801 723 1046 813 cognoscibile,
1064 724 1155 816 quod
1178 724 1220 793 fit

55 834 255 902 melarione
276 833 417 902 iuterna
445 831 502 902 val
532 835 696 918 exterua3
731 839 773 900 ut
802 830 944 899 secando
975 838 1217 922 cognoscatur,

57 942 139 1012 deut
167 946 326 1032 oportet,
352 938 442 1029 qnod
474 939 516 1007 fit
537 939 657 1029 gratia
687 940 828 1008 interna
858 940 1031 1010 reddendo
1063 940 1220 1010 homiues

60 1048 274 1141 :spiritales
294 1077 310 1111 n
330 1047 403 1116 Nos
418 1071 511 1118 nuno
534 1048 577 1117 de
600 1049 712 1139 priori
723 1048 788 1117 illo
803 1049 901 1118 modo
919 1071 1040 1118 sumus
1059 1047 1216 1134 solliciti,

59 1157 129 1251 quia
150 1158 188 1226 iu
213 1179 254 1226 eo
277 1155 436 1247 Spiritus
458 1155 560 1225 docet
582 1156 774 1227 veritatum
804 1156 1029 1226 eminentiam
1059 1177 1219 1247 superra-

59 1266 235 1349 tionalem,
259 1264 302 1334 de
325 1284 396 1356 qna
410 1264 624 1356 quaerimus.

111 1376 179 1444 Ait
199 1374 320 1465 itaque
343 1371 554 1463 Apostolus:
587 1372 763 1463 sapientia
793 1394 896 1467 quam
927 1373 1105 1465 loquimur
1126 1371 1220 1442 inter
1328 1442 1333 1451 ,

10 1482 292 1585 prenomen.
310 1505 341 1552 e.
367 1481 542 1572 sapientia
564 1483 758 1570 obiectiva,
785 1484 935 1568 veritas,
960 1482 1138 1568 doctrina,
1164 1502 1221 1551 res

10 1591 125 1677 :illa
147 1596 314 1685 quaeest
336 1589 507 1659 obiectum
523 1590 717 1682 sapientiae
733 1591 961 1676 subiectivae,
978 1591 1221 1680 ostsapicnttc

10 1660 15 1795 Ξ
65 1701 93 1764 is
109 1700 280 1789 mysterio.
304 1697 381 1766 Hoc
403 1697 609 1789 epitheon
592 1722 631 1764 cn
653 1701 814 1788 mysterio
838 1698 996 1768 declarat
1018 1720 1079 1789 por
1102 1697 1217 1768 alind.

10 1812 106 1879 cst
123 1806 297 1898 sapientia
320 1804 520 1873 abscondito
536 1803 642 1898 idque
665 1807 709 1874 ab
730 1811 884 1894 aeterum
907 1806 951 1875 ab
970 1814 1112 1876 aeterno
1127 1805 1220 1876 enim

10 1884 17 2009 i
67 1914 143 1986 bens
155 1912 436 2007 praedestinavit
457 1913 556 1983 illam
578 1938 651 1985 rem
667 1914 916 1985 verificandam
932 1920 1119 2009 (quatenns
1143 1936 1220 1983 oon-

69 2023 189 2116 tingcns
203 2028 270 2108 est,
288 2030 325 2094 et
339 2021 409 2091 fit
397 2044 435 2090 ιιι
451 2029 620 2114 tempora;
638 2045 718 2092 nam
734 2023 867 2093 Paulus
889 2045 973 2114 prae
988 2023 1101 2092 oculis
1116 2021 1221 2094 habet

69 2129 321 2202 humationem
343 2138 380 2201 et
394 2138 504 2201 totam
520 2135 749 2202 oeconomiam
766 2130 1036 2222 redemptionis)
1049 2136 1086 2200 et
1101 2152 1220 2221 super·

10 2280 15 2327 ι,
70 2241 262 2311 mturaliter
283 2239 507 2322 revelandam
530 2239 578 2308 ib.
594 2240 643 2310 11.
663 2241 696 2309 6.
715 2243 749 2310 7.
768 2239 869 2309 Unde
893 2239 983 2309 hanc
1010 2236 1220 2328 sapientiam

10 2334 16 2445 i
71 2372 141 2416 neno
158 2351 360 2440 principum
381 2351 481 2415 baias
496 2351 625 2417 saeculi
640 2352 810 2438 eopnooit.
828 2348 1010 2438 Principes
1027 2346 1135 2416 huius
1147 2368 1219 2417 aaa·

10 2448 17 2559 i
71 2456 124 2526 culi
135 2465 217 2526 sunt
227 2457 303 2525 sine
317 2456 423 2525 dubio
435 2456 507 2540 illi,
520 2456 583 2548 qui
595 2457 748 2526 eminent
760 2457 854 2527 inter
867 2455 1024 2524 homines
1036 2474 1221 2546 praerogo·

70 2563 258 2635 iivisbnins
273 2563 407 2634 saeculi
423 2587 486 2633 seu
501 2564 602 2632 donis
617 2564 854 2649 naturalibus,
874 2562 1023 2632 maxima
1039 2583 1123 2631 vero
1137 2582 1221 2652 prae

15 2678 19 2685 '
70 2674 204 2743 subiecta
227 2673 376 2742 materia
392 2674 460 2765 qui
483 2673 639 2742 eminent
663 2673 858 2763 sapientia,
892 2693 995 2764 quem
1019 2669 1114 2741 dixit
1136 2694 1172 2739 v.
1184 2671 1217 2739 ιι.

10 2826 17 2881 ι
70 2780 286 2872 «apientiam
308 2781 508 2872 principum
533 2779 643 2848 huius
666 2780 843 2866 saeculi»,
858 2778 920 2873 qui
944 2786 1029 2848 sunt
1053 2778 1219 2869 asapien-

10 2918 15 2969 ¹.
67 2888 103 2955 tes
114 2909 310 2978 ypnpprrne,
327 2888 556 2981 inquisitores
572 2887 681 2959 huius
697 2888 831 2959 saeculi
845 2915 862 2950 n
888 2887 951 2975 (ib.
963 2887 993 2957 Ι.
1005 2888 1060 2957 20.
1077 2887 1136 2973 26)
1154 2888 1218 2974 (1).

10 2980 13 3003 ’
65 2992 141 3067 Haeo
152 2997 406 3067 universalitas
421 2997 673 3088 propositionis
687 2997 876 3087 negativae
887 3020 1007 3063 enemo
1021 2997 1221 3086 principum

66 3100 149 3171 teias
170 3105 302 3173 socordi
323 3105 491 3195 coguovit
504 3132 536 3190 n,
553 3126 622 3173 nou
637 3104 871 3194 restringitur
887 3126 949 3195 per
963 3102 1136 3172 additum:
1158 3131 1175 3167 ι
1189 3102 1220 3172 si

64 3211 421 3304 enimoognovisssut,
446 3234 625 3304 nunqnam
648 3213 835 3282 Dominum
857 3212 993 3303 gloriae
1024 3211 1220 3281 crucifixis·

63 3328 180 3408 sento,
211 3321 271 3390 sed
295 3319 408 3391 solum
431 3321 649 3406 ostenditur,
681 3321 788 3390 etiam
811 3320 960 3390 Iudaeos
987 3319 1164 3410 sapientes
1185 3323 1222 3386 st
1261 3404 1263 3409 Ι

62 3428 180 3499 nribus
202 3428 266 3522 qui
288 3428 487 3499 reiecerunt
509 3429 758 3499 revelationem
789 3429 947 3513 Christi,
973 3423 1217 3517 comprehendi
1327 3469 1332 3476 -

61 3531 141 3604 inter
162 3535 247 3606 illos
268 3559 397 3622 omues,
415 3536 478 3628 qui
494 3535 704 3627 sapientiam
725 3534 966 3606 absconditam
995 3554 1063 3602 uon
1087 3550 1219 3622 cogno-

61 3651 190 3715 verunt.
202 3645 311 3714 Porro
327 3645 495 3736 quomodo
510 3645 686 3737 sapientia
702 3644 767 3714 illa
783 3644 884 3715 sitin
899 3645 1072 3734 mysterio,
1085 3640 1220 3708 obsonu-

101 3844 141 3919 (1)
158 3847 380 3914 θιηιοιιοιιιι
390 3849 412 3901 1.
424 3863 449 3903 o.
457 3863 487 3901 u.
498 3848 524 3902 1.
536 3849 575 3914 23
587 3847 782 3902 'theodoretus
791 3848 823 3901 iu
833 3848 862 3902 ιι.
875 3849 897 3902 ι.
911 3849 965 3902 eto.
977 3845 1123 3914 principes
1133 3843 1222 3899 buius

61 3938 153 3992 nauli
166 3954 197 3994 v.
208 3938 236 3992 ιι.
249 3937 350 3992 dicunt
367 3953 449 4004 esso,
472 3938 548 4006 «qui
567 3939 597 3991 iu
618 3938 831 4005 dignitatibus,
852 3938 884 3991 in
903 3936 1123 4003 magistratibus
1142 3937 1220 3999 suut,

62 4027 101 4092 qui
115 4027 281 4083 huiuamodl
299 4042 358 4082 rem
371 4028 547 4097 praeclaram
566 4028 757 4095 existimant,
779 4033 839 4082 tum
858 4027 1060 4096 philosophos,
1082 4027 1218 4087 oratores,

62 4118 211 4187 scriptores.
225 4138 238 4166 ι
259 4114 386 4172 Subinde
406 4133 436 4171 v.
447 4118 473 4170 8.
485 4117 660 4183 intelligunt
671 4118 797 4174 Pilatum
811 4120 842 4173 et
852 4115 1001 4182 Herodem,
1017 4116 1064 4171 vel
1077 4114 1162 4169 etlam
1176 4126 1220 4165 ss-

62 4207 176 4264 ιιιιιιοι
193 4211 225 4262 et
242 4206 354 4263 scriba
372 4205 553 4263 Iudaeorum.
