3172 4950
712 358 750 374 ..
772 327 812 389 93
833 357 871 372 -

215 433 309 501 Deum
331 439 370 502 et
392 432 505 502 Deum
527 431 684 522 dioeret;
709 454 898 503 remonon
922 452 1027 502 unam
1050 429 1236 521 imaginem
1259 431 1377 502 Patris

216 548 244 609 et
261 538 349 609 Filii
372 541 628 628 annuntiavit,
654 548 691 611 et
712 540 789 611 ideo
813 562 921 610 unum
943 540 1054 609 Deum
1077 540 1178 610 novit
1201 538 1317 610 diuers
1340 539 1377 607 in

216 649 418 719 mniessione
441 648 528 720 fides
551 648 738 735 ostholioa,
764 672 833 718 uon
856 654 972 719 temen
988 655 1030 719 nt
1045 670 1106 739 per
1130 648 1377 718 confessionem

216 758 307 828 unius
329 758 426 842 Dei,
451 758 569 828 Filius
590 764 739 849 negetur
762 781 862 844 esse,
889 758 980 851 quod
1003 757 1099 827 Deus
1122 761 1217 827 est...
1242 778 1323 825 nam
1346 755 1377 826 si

217 888 271 932 non
292 864 389 934 mont
411 865 517 934 Pater
539 865 634 936 Deus
650 874 724 951 est,
741 865 796 936 its
811 873 848 936 et
861 864 979 935 Filius
994 865 1100 953 Deus;
1120 864 1286 958 quomodo
1303 862 1377 933 illis

218 995 273 1042 uns
292 971 413 1063 imsgo
435 979 491 1043 est
512 974 699 1045 seeundum
721 973 890 1064 Moysen,
917 972 975 1043 vel
998 972 1165 1065 quomodo
1188 971 1378 1042 seeundum

219 1080 350 1151 Paulum
373 1080 484 1169 (Phil.
503 1081 553 1151 H.
571 1082 607 1169 6)
630 1083 669 1152 in
692 1083 806 1153 forma
835 1081 902 1151 Dei
937 1080 1101 1151 Christus
1133 1087 1187 1151 est
1220 1079 1378 1173 aequalis

221 1191 357 1260 existens
371 1189 493 1261 Deoln
511 1189 675 1261 Faustin.
687 1191 713 1259 l.
733 1191 776 1261 de
791 1189 890 1260 Tris.
902 1213 938 1258 ιι.
952 1190 1020 1258 5-7
1036 1187 1216 1276 (Gelland.
1231 1188 1273 1258 Τ.
1291 1187 1375 1258 VII.

222 1325 245 1390 p.
258 1300 347 1387 442).
366 1298 586 1369 Communem
608 1296 755 1382 Petrum
773 1297 1099 1389 interpretationem
1114 1297 1195 1369 vide
1211 1297 1304 1388 apud
1315 1297 1377 1368 Pe·

223 1416 278 1478 ter.
293 1407 320 1478 l.
334 1407 387 1477 H.
407 1430 437 1477 o.
457 1408 491 1476 7.
509 1431 544 1477 n.
561 1407 597 1476 4.
613 1430 688 1501 sqq.

270 1514 319 1584 11.
336 1515 382 1583 In
404 1512 628 1604 theophaniis
651 1513 784 1586 veteris
808 1513 1025 1583 Testamenti
1058 1513 1260 1607 frequenter
1282 1515 1377 1585 Deus

224 1644 308 1692 verus
331 1622 518 1693 exhibetur
541 1624 669 1694 missus
692 1644 714 1690 a
735 1623 806 1692 Deo
831 1645 925 1712 ver03
952 1623 1104 1715 adeoque
1120 1628 1174 1694 est
1189 1622 1282 1692 alius
1297 1622 1377 1693 mis·

224 1753 276 1817 sus,
294 1731 389 1801 elius
405 1732 569 1817 mittens,
595 1733 695 1801 ambo
717 1737 834 1802 tamen
858 1754 949 1802 unus
966 1754 1071 1802 verus
1087 1729 1193 1801 Deus.
1210 1732 1301 1802 Nam
1317 1732 1378 1801 ille

224 1840 269 1930 qui
287 1843 446 1931 apparet,
466 1862 527 1910 seu
551 1839 611 1933 qui
634 1846 676 1909 ut
698 1860 861 1930 praesens
884 1839 1131 1910 manifestatur
1154 1838 1379 1912 sensibilibus

224 1946 317 2036 siguis
328 1953 432 2039 (puta
447 1949 560 2019 forme
571 1948 734 2033 humant,
745 1947 884 2016 flamme
895 1947 1002 2038 ignis,
1015 1947 1171 2018 sensibili
1191 1970 1273 2019 vooe
1293 1952 1377 2035 eto.)

224 2051 336 2123 dieitur
358 2055 515 2145 Anystus
537 2054 679 2124 Domini
702 2056 803 2162 (Πᾎιᾛ
829 2043 951 2162 φῄς)
975 2058 1116 2148 legatus
1140 2056 1276 2129 scilieet
1297 2056 1375 2145 Dei;

225 2159 310 2229 unul
332 2184 417 2231 vero
439 2161 502 2233 ille
525 2163 615 2233 idem
638 2184 810 2256 apparens
833 2174 869 2238 et
891 2169 1036 2261 loquens
1059 2164 1238 2236 revelatur
1255 2173 1296 2235 ut
1319 2187 1377 2236 ve·

226 2290 272 2338 rus
291 2271 385 2340 Deus
407 2276 484 2341 tum
506 2294 669 2364 expresso
691 2277 828 2346 nomine
851 2283 927 2347 tum
956 2274 1190 2366 descriptione
1220 2274 1377 2344 adtribu-

226 2380 332 2447 terum.
347 2378 408 2448 Sio
429 2379 469 2448 in
491 2378 641 2451 historia
664 2384 775 2473 Agar:
805 2407 919 2453 reum
940 2381 1135 2453 invenisset
1165 2402 1240 2450 eam
1262 2381 1378 2472 Ampe·

226 2482 266 2550 les
285 2485 465 2558 Domini...
492 2488 652 2582 dixitque
681 2491 714 2560 ei
745 2492 902 2582 Ampelns
933 2492 1096 2559 Domini:
1124 2494 1301 2563 revertere
1332 2491 1377 2560 ad

225 2591 377 2663 dominam
400 2600 541 2667 tuum...
559 2605 595 2668 et
609 2621 761 2670 rursum:
781 2601 1033 2691 multiplicans,
1051 2598 1179 2691 iuquit,
1206 2597 1377 2688 multipli-

224 2699 288 2766 oeto
308 2726 415 2770 semen
440 2717 576 2774 mun...
602 2705 754 2777 Voeavit
776 2713 894 2777 autem
925 2707 1066 2796 (Agar)
1090 2726 1213 2773 nomeu
1236 2704 1378 2771 Domini

224 2793 349 2989 intui}
368 2811 430 2904 qui
451 2810 660 2905 loquebatur
675 2816 720 2884 ad
736 2836 832 2885 eam:
853 2829 890 2882 tn
906 2839 939 2882 es
954 2815 1058 2896 Dens,
1072 2816 1135 2906 qai
1158 2811 1281 2880 vidisti
1295 2837 1375 2881 men

223 2920 294 2990 Gen.
345 2920 410 2989 VI.
426 2919 519 2989 7-14.
537 2921 583 2991 of.
598 2922 698 2992 XXI.
718 2924 772 2993 17.
793 2923 848 2992 18.
867 2923 1022 3013 Ampelos
1034 2923 1101 2990 Dei
1115 2921 1261 3012 loquens
1275 2922 1378 2991 Iaoob

221 3024 250 3093 in
279 3026 406 3097 somnis
439 3025 591 3126 seipsum
625 3029 809 3100 declarat:
848 3029 958 3119 «Ego
990 3052 1068 3100 sum
1096 3030 1189 3097 Deus
1220 3030 1341 3098 Betbet
1359 3058 1409 3094 n.

220 3133 294 3205 Gen.
306 3134 442 3206 XXXI.
458 3137 514 3207 11.
533 3137 587 3207 13.
602 3137 697 3208 Deus
712 3139 837 3210 Betbel
852 3145 968 3208 autem
992 3145 1047 3209 est
1067 3136 1237 3207 Dominus
1260 3142 1378 3225 (mni)
1413 3224 1422 3243 ¹

216 3241 299 3314 Deus
313 3244 493 3315 Abraham
503 3234 546 3316 'et
561 3245 657 3316 Deus
671 3246 798 3317 Isaeo»
818 3247 865 3317 ib.
880 3247 1248 3330 xxvmns-lauai
1263 3247 1378 3336 Moysi

215 3352 372 3444 apperuit
393 3352 433 3421 in
454 3353 541 3423 rubo
564 3354 704 3424 ardenti
727 3355 860 3426 dieitur
883 3357 943 3443 (in
965 3361 1066 3425 textu
1090 3354 1273 3446 hebraioo)
1305 3356 1378 3424 An·

212 3460 300 3548 qeins
315 3461 472 3541 Domini,
485 3459 644 3553 idemque
656 3484 692 3531 se
705 3462 819 3552 ipsum
832 3463 966 3533 definit:
980 3462 1083 3552 «Ego
1096 3485 1171 3533 sum
1184 3464 1244 3556 qui
1257 3485 1375 3533 sum...

211 3565 298 3639 Deus
311 3565 504 3651 Abraham,
517 3568 613 3638 Deus
627 3568 727 3640 Iesse
737 3576 775 3641 et
784 3571 879 3641 Deus
894 3571 1023 3641 Iseobn
1040 3568 1152 3639 Exod.
1168 3570 1237 3640 ΠΙ.
1252 3570 1285 3639 2.
1301 3593 1375 3662 sqq.

210 3678 361 3768 inpetus
384 3677 591 3745 Testamenti
619 3684 673 3747 est
695 3677 771 3768 ipse
792 3679 997 3749 Domiustor
1020 3668 1164 3784 (qttrffl)
1195 3686 1232 3750 et
1258 3679 1375 3763 Deus,

209 3786 304 3855 ouius
314 3791 395 3856 eret
405 3784 1244 3877 templumHierosolymitanumblel.IH.1(Heb.
1254 3786 1375 3872 1113).

207 3893 268 3964 Est
288 3894 413 3986 ibique
433 3893 529 3992 Deus
552 3894 690 3980 (mm),
716 3894 777 3986 qui
800 3894 913 3965 mittit
933 3895 1129 3986 Angelum,
1155 3903 1192 3967 et
1218 3883 1378 3985 Angelus

207 4002 331 4072 missus
354 4023 377 4069 e
399 4001 548 4071 Deoest
570 4001 715 4092 ipsemet
736 4002 831 4073 Deus
855 4007 985 4092 (mm).
1011 4004 1053 4074 Id
1076 4003 1184 4075 etiam
1213 4002 1378 4095 explicite

205 4109 408 4201 declaratur
430 4106 468 4178 in
490 4107 640 4200 historia
657 4110 894 4181 subversionis
911 4112 1148 4182 Sodomorum.
1169 4112 1378 4203 «Apparuit

206 4218 236 4288 ei
258 4215 485 4307 (Abraham)
508 4214 677 4288 Dominus
701 4223 818 4308 (mut)
842 4220 878 4289 in
902 4220 1097 4294 Mambre...
1119 4220 1287 4314 Dixitque
1309 4220 1376 4289 Do·

206 4326 342 4396 minus:
367 4347 452 4394 num
476 4323 589 4395 oelsre
612 4332 732 4416 potero
753 4327 944 4414 Abraham,
964 4351 1052 4422 quae
1068 4336 1235 4421 gesturus
1256 4351 1373 4398 eum...

207 4434 307 4504 Dixit
329 4416 451 4526 iisque
473 4432 660 4504 Dominus:
686 4433 815 4506 elamor
846 4435 1070 4509 Sodomorum
1098 4444 1135 4507 et
1165 4436 1377 4507 Gomorrhee
