3172 4950
703 164 742 181 ..
762 133 823 194 362
842 163 881 179 -

206 239 343 311 ratione
358 236 589 308 relativorum
604 238 649 309 ed
665 238 816 308 invicem
833 236 1030 320 distinctos,
1048 235 1111 328 qui
1127 256 1211 304 vero
1226 233 1284 305 sub
1295 235 1343 306 lor
1389 308 1392 317 .

208 346 291 416 mali
315 346 449 414 ratione
473 345 625 414 absoluti
648 345 721 414 sint
744 345 880 414 omnino
902 366 973 413 una
987 341 1344 413 indistinctuesseutir.

275 451 375 521 Unde
400 451 436 519 in
460 451 535 519 illis
557 453 672 521 tribus
696 451 877 520 distinctis
908 448 976 520 duo
999 449 1250 521 consideranda
1275 456 1345 533 snut,

210 561 300 653 quod
325 562 355 629 1·
379 560 513 649 singuli
536 571 620 630 sunt
643 561 778 652 aliquid
801 559 1007 629 distinctum
1030 563 1075 629 ab
1097 559 1258 643 invicem,
1272 556 1347 626 etsie

210 668 531 738 incommunicabile
544 691 584 738 aa
596 669 741 761 proinde
757 670 793 737 in
809 692 846 737 se
862 669 1070 738 subsistens:
1089 666 1154 736 boo
1171 666 1348 759 exprimitur

209 776 346 844 nomine
368 799 523 868 persona.
550 777 593 845 22
619 775 914 844 Considerandum
937 783 1004 860 est,
1029 774 1121 867 quod
1143 774 1197 843 ita
1219 769 1349 843 distincti

209 892 247 954 et
269 907 330 975 per
349 907 385 953 se
408 885 637 953 subsistentes
653 907 722 952 nou
737 890 832 968 sunt,
850 883 922 952 nisi
938 884 1004 951 sub
1019 881 1162 951 formali
1177 880 1303 950 ratione
1314 900 1349 947 re·

209 990 354 1060 lationis
377 991 634 1061 substantialis.
662 993 757 1062 Haec
781 992 872 1062 ratio
894 990 1041 1060 relativi
1070 989 1208 1059 nomine
1235 1009 1350 1079 persora

209 1100 373 1192 explicite
395 1123 464 1169 uon
486 1100 717 1189 exprimitur;
743 1099 958 1192 nequeenim
975 1121 1017 1168 ex
1033 1098 1133 1166 modo
1157 1093 1350 1186 significandi

210 1207 374 1297 designat·
390 1206 591 1275 relativum.
611 1206 736 1297 Itaque
759 1206 894 1275 nomine
914 1230 1079 1295 personae
1100 1201 1241 1272 divinoe
1255 1206 1351 1272 forno·

210 1311 292 1381 liter
315 1313 539 1403 significatur
567 1313 760 1381 subsistens
791 1312 997 1381 distinctum
1020 1312 1057 1380 in
1081 1311 1206 1380 divina
1227 1317 1349 1394 natum
1389 1350 1392 1375 .

211 1419 275 1489 boe
297 1427 413 1490 tamen
435 1420 644 1489 distinctum
668 1421 703 1489 in
727 1420 799 1489 Deo
822 1441 946 1489 revera
968 1426 1023 1489 est
1044 1420 1247 1503 relativum,
1262 1438 1351 1510 quan·

211 1529 267 1597 vis
289 1529 381 1597 ratio
404 1528 550 1597 relativi
573 1528 636 1597 illo
659 1529 795 1598 nomine
809 1552 851 1598 en
868 1529 966 1598 modo
982 1527 1210 1618 significandi
1225 1523 1350 1612 (utdixi)

210 1658 277 1705 non
301 1636 530 1726 exprimatur.
556 1637 767 1704 Brevissirne
798 1637 868 1705 dici
899 1644 1035 1727 potest:
1065 1658 1187 1704 nomen
1219 1648 1351 1725 personet

212 1743 247 1811 in
271 1744 343 1811 Deo
361 1743 566 1830 formaliter
581 1743 763 1832 signifieat
777 1742 970 1812 subsistens
986 1742 1207 1827 distinctum,
1221 1741 1350 1808 moterlo

212 1849 294 1916 liter
317 1851 497 1940 significat
520 1851 728 1939 relativum;
754 1852 811 1920 vel
834 1852 960 1920 etiam:
985 1852 1164 1942 sipniſseat
1190 1849 1352 1918 subsistam

212 1955 430 2041 distinctum,
456 1961 619 2048 supponit
641 1958 831 2027 relativum
855 1959 917 2045 (cf.
937 1980 1043 2048 supra
1059 1982 1093 2048 p.
1108 1957 1196 2043 28.).
1388 1940 1392 2021 i

281 2066 457 2157 aPropria
479 2066 571 2135 ratio
593 2066 744 2136 nominis
766 2073 832 2151 est,
858 2087 961 2158 quam
985 2065 1166 2155 significet
1188 2054 1353 2146 nomen3il
1385 2024 1392 2177 l

210 2180 326 2243 autem
350 2176 408 2243 cui
431 2174 642 2244 attribuitur
665 2197 799 2259 nomen,
825 2175 856 2242 si
879 2176 928 2243 sit
950 2186 1043 2243 reete
1064 2179 1242 2264 sumptum
1264 2171 1353 2239 snbra

210 2283 412 2374 significata
435 2307 497 2374 per
520 2306 663 2368 nomen,
690 2284 783 2352 siout
805 2284 1073 2352 determinatum
1097 2284 1163 2351 sub
1186 2272 1350 2350 indetermi-

211 2401 305 2471 nato,
332 2391 463 2460 dieitur
486 2391 634 2479 supponi
658 2414 719 2481 per
742 2414 862 2459 nomen
887 2396 951 2478 (ut
975 2414 1035 2481 per
1057 2413 1182 2458 nomen
1207 2391 1293 2455 tomo
1312 2403 1350 2475 pr

210 2505 282 2568 test
297 2500 443 2591 supponi
459 2500 643 2584 Petrus)...
659 2499 725 2567 Sed
740 2500 928 2582 sciendum,
947 2499 1038 2589 quod
1055 2499 1191 2590 aliquid
1207 2493 1351 2587 significet

212 2605 414 2696 dupliciter,
436 2629 504 2674 uno
521 2606 618 2674 modo
641 2606 846 2693 formaliter
868 2606 996 2673 etalio
1019 2605 1117 2673 modo
1141 2604 1349 2672 materialiter.

210 2713 421 2782 Formaliter
437 2715 573 2805 quidem
591 2714 815 2802 significatur
827 2736 888 2803 per
900 2735 1021 2782 nomen
1035 2713 1083 2797 id,
1098 2713 1142 2781 ad
1157 2711 1247 2806 quod
1261 2723 1351 2779 nonen
1386 2738 1392 2801 ξ

211 2829 266 2891 est
288 2821 532 2912 principaliter
556 2821 768 2910 impositum,
796 2823 885 2913 quod
908 2829 962 2890 est
985 2821 1077 2889 ratio
1102 2811 1350 2890 nominis...llr
1386 2804 1392 2907 J

209 2930 386 3000 terialiter
409 2952 491 2998 vero
514 2929 737 3018 significatur
767 2952 829 3020 per
860 2953 982 2999 nomen
1005 2929 1122 3014 illud,
1149 2930 1187 2998 in
1210 2950 1275 3020 quo
1292 2918 1350 2992 tuli!
1387 2912 1392 3023 l

211 3038 303 3106 ratio
326 3036 529 3106 salvatur...
544 3037 740 3106 Secundum
771 3036 835 3106 hoe
867 3060 952 3127 ergo
983 3037 1168 3106 dicendum
1191 3041 1267 3120 est,
1289 3019 1350 3122 qull
1387 3028 1392 3115 ξ

211 3141 276 3211 hoo
299 3165 420 3212 nomen
439 3168 586 3234 persona
610 3144 837 3213 communiter
860 3149 999 3234 sumpta
1026 3143 1118 3211 nibil
1146 3140 1247 3210 aliud
1273 3130 1350 3224 sigui·
1388 3126 1392 3215 l

211 3251 296 3320 ficat
317 3274 419 3343 qnam
444 3253 676 3322 substantiam
700 3253 918 3322 individuam
942 3251 1126 3321 rationalis
1150 3258 1302 3320 naturae.
1318 3238 1351 3309 El

211 3360 294 3451 quia
310 3361 374 3428 sub
389 3361 591 3429 substantia
606 3360 793 3430 individua
809 3360 993 3430 rationalis
1015 3367 1165 3428 naturas
1187 3357 1350 3427 continetur
1387 3348 1392 3443 i

210 3465 410 3537 substantio
433 3469 621 3537 individua
651 3468 689 3537 id
719 3477 774 3538 ast
803 3467 1140 3538 incommunicabilis
1171 3474 1208 3536 et
1232 3467 1273 3534 ab
1295 3456 1350 3529 olii·
1387 3482 1392 3535 1

210 3573 379 3644 distincta
394 3582 465 3644 tam
482 3577 547 3644 Dei
572 3597 674 3668 quam
691 3575 841 3645 hominis
859 3598 960 3668 quam
977 3576 1082 3644 etiam
1099 3575 1231 3666 angeli,
1249 3564 1351 3664 oportel

210 3681 301 3772 quod
324 3705 470 3771 persona
493 3683 615 3754 divina
635 3684 812 3773 significet
836 3684 1030 3752 subsistens
1045 3682 1255 3752 distinctum
1269 3681 1351 3748 inm·

210 3792 293 3856 tura
316 3790 449 3875 divina,
469 3791 563 3860 siout
578 3814 725 3882 persona
743 3792 895 3860 humana
911 3791 1091 3880 significat
1115 3791 1303 3859 subsistens
1318 3777 1353 3847 dl·

209 3894 378 3993 stinctum
393 3897 430 3965 in
446 3907 575 3968 natura
592 3901 754 3984 bumana,
772 3906 809 3969 et
824 3898 909 3969 haee
924 3907 978 3968 est
995 3898 1154 3968 formalis
1169 3884 1368 3988 significati

209 4007 280 4069 tom
298 4025 463 4092 personae
479 4004 620 4074 divinae
636 4027 739 4098 qnam
757 4028 922 4098 personae
939 4005 1152 4074 humanae...
1167 4003 1358 4072 Distinetuu

211 4130 293 4176 vero
316 4109 636 4181 incommunicabile
660 4113 697 4179 in
721 4120 849 4181 natura
872 4112 995 4181 divina
1011 4135 1077 4180 non
1094 4118 1211 4202 potest
1226 4133 1298 4181 esse
1308 4096 1362 4174 uid

209 4213 347 4301 relatio,
369 4217 453 4308 quia
476 4240 573 4288 omne
596 4219 795 4289 absolutum
812 4226 866 4289 est
881 4241 1059 4290 commune
1080 4227 1118 4290 ct
1139 4219 1364 4290 indistinctum
