3180 4944
853 329 891 345 -
912 294 974 358 590
994 327 1033 343 ..

358 408 590 499 accipiantur,
616 404 731 474 videri
753 404 790 473 id
813 402 939 488 dicere,
955 402 1046 494 quod
1069 400 1239 473 Petavius
1261 401 1366 473 velut
1387 425 1529 475 commu·

358 539 435 586 nem
459 517 605 583 Patrum
628 512 836 581 sententiam
861 515 976 600 urget.
994 509 1235 580 Nihilominus
1249 533 1293 580 ex
1309 531 1441 581 cenom
1456 512 1530 582 her·

359 622 552 692 meneutico
575 620 661 688 alibi
684 641 706 686 a
728 618 828 687 nobis
851 618 1086 688 demonstrato
1102 617 1238 704 (Truot.
1258 619 1301 689 de
1314 619 1483 706 Tradit),
1493 627 1532 690 ut

360 732 483 800 Patres
505 752 573 798 non
597 727 703 797 facile
726 728 996 818 interpretemur
1018 726 1056 795 in
1071 749 1210 797 sensum
1225 748 1247 794 a
1264 728 1429 798 doctrina
1447 752 1530 799 com·

360 836 457 905 muni
480 835 644 920 alienum,
664 835 819 924 penitius
841 834 1079 926 inspiciendus
1091 841 1146 904 est
1160 834 1198 905 S.
1216 835 1381 906 Doctcris
1396 842 1530 907 contex-

361 951 443 1030 tus;
469 942 674 1034 praesertim
697 965 798 1025 cum,
824 942 856 1010 si
879 941 1023 1031 singule
1037 944 1146 1012 verba
1160 943 1201 1013 ll.
1217 966 1267 1014 cc.
1281 944 1390 1013 nimis
1405 966 1530 1035 preme·

360 1057 506 1136 rentur,
532 1071 654 1119 sensus
678 1055 881 1140 sequeretur
904 1071 974 1118 non
997 1070 1120 1138 parum
1140 1050 1328 1121 absurdus.
1343 1051 1532 1122 Contextus

360 1159 419 1227 hic
442 1164 508 1227 este
536 1158 753 1247 «Postquam
776 1179 819 1225 ex
841 1155 1061 1226 humanitate
1072 1157 1216 1247 aufugit
1230 1164 1268 1226 et
1280 1158 1441 1229 evolavit
1458 1158 1531 1248 Spi-

361 1263 454 1332 ritus
478 1263 629 1332 Sanotus
652 1267 833 1353 (corrupte
855 1267 984 1331 natura
1006 1284 1068 1353 per
1083 1268 1262 1353 peccatum
1283 1263 1391 1355 primi
1413 1285 1530 1354 paren

361 1368 437 1455 tis),
463 1369 524 1461 qui
545 1390 608 1436 nos
631 1369 675 1436 ad
703 1367 864 1436 divinum
886 1367 1121 1437 characterem
1152 1369 1370 1439 conformare
1399 1391 1443 1440 ao
1464 1393 1529 1439 scr·

363 1497 447 1546 vare
468 1481 628 1566 poterat,
653 1497 777 1544 rursus
800 1477 893 1546 hunc
915 1477 1015 1546 nobis
1029 1477 1206 1548 ¹Servator
1221 1478 1451 1569 elargiturin
1464 1476 1531 1569 pri·

363 1582 524 1653 mitivam
558 1582 656 1651 illam
687 1581 878 1652 restituens
909 1583 1144 1674 dignitatem,
1181 1599 1214 1653 et
1237 1587 1276 1652 ic
1303 1609 1401 1652 suam
1426 1587 1531 1674 ipsius

364 1695 549 1782 imaginem
574 1692 827 1780 transformans
853 1685 1065 1775 (ἀναπλαττων
1095 1686 1135 1764 te
1160 1692 1258 1757 &aaa
1279 1714 1334 1757 tau
1366 1687 1528 1782 taurea)...

364 1799 432 1869 Sed
455 1799 486 1866 si
509 1797 562 1866 ite
584 1819 639 1866 res
662 1797 785 1881 hebet,
812 1796 978 1887 quomodo
1000 1804 1078 1866 eret
1100 1798 1138 1866 in
1160 1797 1358 1888 prophetis?
1372 1797 1530 1868 Conside-

364 1928 479 1975 remus
502 1926 612 1993 ergo,
638 1904 676 1972 in
709 1925 756 1973 ss.
782 1902 963 1993 prophetis
994 1904 1133 1972 uberem
1156 1903 1340 1996 quamdam
1363 1903 1468 1973 velut
1488 1904 1531 1973 ir·

363 2011 592 2083 radiationem
616 2017 653 2081 et
673 2010 1005 2100 praelustrationem
1027 2008 1182 2100 Spiritus
1205 2010 1334 2096 fuisse,
1360 2032 1452 2102 quae
1478 2011 1529 2081 dc·

365 2122 490 2191 ducere
512 2126 630 2210 posset
652 2121 697 2188 ad
720 2120 921 2189 futurorum
950 2118 1286 2209 comprehensionem
1319 2126 1355 2187 et
1384 2118 1530 2189 occulto

365 2252 442 2298 rum
465 2227 640 2316 notitiam,
666 2227 704 2295 in
727 2227 773 2295 iis
796 2231 923 2310 autem,
943 2226 1005 2318 qui
1027 2225 1065 2293 in
1087 2223 1268 2295 Christum
1287 2225 1450 2312 credunt,
1466 2247 1530 2295 non

364 2335 571 2427 simpliciter
594 2333 892 2418 illustrationem,
917 2354 1005 2424 quae
1028 2331 1078 2402 sit
1099 2353 1122 2399 a
1144 2331 1307 2423 Spiritu,
1344 2332 1405 2400 esd
1426 2334 1533 2422 ipsun

364 2447 535 2535 Spiritum
564 2444 763 2509 inhabitare
786 2455 818 2508 et
845 2443 1017 2532 hospitari
1032 2438 1240 2531 confidimus.
1264 2438 1361 2509 Unde
1371 2443 1449 2509 iure
1468 2443 1533 2508 Dei

366 2550 493 2640 templa
510 2549 682 2630 dicimur,
709 2548 789 2615 licet
804 2548 922 2614 nullas
943 2570 1103 2638 umquam
1125 2569 1169 2615 es.
1182 2547 1433 2635 prophetarum
1459 2560 1533 2613 ecm-

360 2655 460 2746 plcm
475 2655 543 2721 Dei
568 2654 871 2744 appellassetis.»
897 2652 1091 2722 Evidenter
1112 2651 1172 2722 hio
1192 2650 1327 2721 statuit
1349 2653 1533 2722 discrimen

366 2761 458 2830 inter
476 2760 767 2829 inhabitationem
790 2759 950 2850 Spiritus
973 2759 1094 2829 Sancti
1118 2758 1156 2827 in
1179 2758 1343 2828 fidelibus
1365 2761 1449 2830 novi
1474 2762 1532 2829 Τε-

366 2869 531 2937 stamenti
554 2873 590 2936 et
615 2869 708 2936 inter
731 2867 995 2936 irradiationem
1017 2868 1055 2936 in
1079 2867 1210 2936 sanctis
1240 2865 1422 2958 prophetis
1444 2876 1532 2938 veta·

366 2976 417 3044 ris
442 2975 669 3044 Testamenti.
683 2975 758 3043 Hoc
781 2980 897 3043 autem
922 2973 1034 3063 magis
1058 2979 1162 3064 urget
1184 2980 1220 3043 ot
1243 2973 1427 3043 confirmat
1449 2999 1532 3045 com·

366 3084 547 3173 paratione
582 3082 735 3151 fidelium
771 3080 942 3171 baptismo
975 3080 1111 3149 Christi
1143 3086 1430 3170 regeneratorum
1460 3106 1533 3151 cum

366 3189 495 3257 Ioanne
517 3189 682 3278 Baptista
704 3211 746 3275 ex
770 3187 887 3256 verbis
909 3186 1057 3256 Christi:
1086 3209 1184 3255 cnon
1200 3187 1359 3257 surrexit
1369 3187 1462 3257 inter
1476 3211 1532 3257 na·

366 3301 421 3362 tos
443 3292 628 3362 mulierum
651 3293 762 3361 maior
783 3294 912 3362 Ioanne
931 3293 1108 3383 Baptista,
1134 3293 1195 3384 qui
1218 3298 1337 3362 autem
1353 3295 1468 3365 minor
1483 3303 1533 3365 est

367 3401 405 3469 in
427 3422 535 3490 regno
566 3400 749 3485 coelorum,
776 3401 884 3470 maior
900 3406 953 3472 est
970 3400 1032 3470 illo
1046 3429 1063 3464 n
1082 3400 1209 3470 Matth.
1224 3401 1289 3470 XI.
1303 3400 1359 3469 11.
1377 3402 1530 3491 Regnum

367 3509 550 3592 coelorum,
567 3509 694 3599 inquit,
715 3514 789 3578 uest
811 3508 951 3579 donatio
975 3507 1131 3598 Spiritus
1155 3506 1277 3578 Sancti
1301 3508 1408 3577 iuxta
1429 3509 1529 3577 illud:

366 3639 512 3706 regnum
536 3616 707 3684 coelorum
729 3616 825 3684 intra
848 3638 911 3685 vos
938 3620 1011 3702 est,
1036 3613 1214 3685 inhabitat
1235 3615 1327 3684 enim
1351 3637 1414 3706 per
1435 3615 1532 3686 iidem

367 3725 404 3793 in
427 3723 526 3792 nobis
549 3723 749 3815 Spiritus.»
776 3723 875 3792 Unde
889 3722 1048 3812 quamvis
1063 3720 1275 3812 perfectione
1297 3721 1532 3791 iustitiaenon

367 3837 460 3900 esset
482 3831 574 3900 inter
596 3836 698 3900 natos
721 3830 906 3901 mulierum
929 3829 1039 3899 maior
1060 3829 1212 3913 Ioanne,
1239 3833 1357 3897 tamen
1378 3828 1449 3920 ipsi
1462 3827 1532 3897 dse-

368 3943 426 4007 rat
449 3938 719 4032 certusaliquis
742 3939 863 4006 modus
887 3937 1113 4024 sanctitatis,
1140 3937 1202 4029 qui
1224 3945 1281 4007 est
1303 3959 1367 4028 per
1397 3959 1531 4028 regene-

368 4045 536 4113 rationem
560 4067 602 4112 ex
625 4066 716 4136 aqua
738 4049 774 4113 et
797 4043 936 4135 Spiritu
960 4043 1110 4133 Sancto,
1136 4051 1172 4115 et
1194 4050 1341 4114 eatenus
1357 4044 1471 4113 minor
1484 4043 1533 4111 in·

367 4159 423 4221 ter
446 4153 642 4242 baptizatos
664 4159 700 4222 et
722 4175 783 4242 per
805 4153 987 4222 lavacrum
1002 4151 1278 4242 regenerationis
1294 4175 1337 4222 ex
1353 4152 1533 4223 Deonatos

368 4259 478 4326 maior
500 4266 554 4327 est
576 4260 704 4328 Ioanne
726 4265 810 4328 nato
832 4282 874 4330 ex
898 4259 1053 4330 muliere.
1083 4288 1100 4324 a
1120 4258 1272 4348 Magnus
1302 4267 1382 4329 erat
1414 4277 1533 4329 revers

369 4367 492 4435 beatus
514 4367 678 4458 Baptista
701 4367 738 4434 in
762 4367 855 4436 omni
877 4366 1010 4436 virtute
1027 4366 1354 4458 praestantissimus
1377 4365 1422 4436 ed
1444 4365 1532 4457 ipsos
