3172 4950
560 119 598 133 -
619 86 681 148 557
700 119 739 135 -

66 194 173 285 signa
194 192 357 264 visibilia
378 197 415 261 et
438 191 592 262 efficacia
614 191 754 281 gratiae
785 191 1043 262 sanctificantis
1065 197 1102 261 at
1125 214 1241 262 conse-

66 307 215 396 quenter
238 300 435 370 invisibilis
456 298 634 369 missionis
658 299 815 390 Spiritus
848 299 998 386 Sancti,
1028 322 1097 368 non
1126 306 1242 369 tamen

65 415 153 480 sunt
176 415 315 479 ostenta
336 414 422 478 tunc
445 429 467 475 a
489 408 561 477 Deo
584 409 711 478 effecta
733 408 778 476 ad
802 408 1068 497 significandam
1085 407 1242 498 Spiritus

68 517 195 588 Sancti
216 515 471 608 praesentiam,
498 516 557 585 sed
581 539 637 585 res
662 518 698 585 in
723 538 759 585 ss
782 516 954 584 humanae
983 516 1040 586 vel
1062 515 1243 586 naturales

67 625 180 694 aDso
194 625 379 696 elevantur
402 624 447 692 ad
470 624 766 713 significationem
788 631 825 693 et
849 624 1042 693 efficaciam
1066 625 1242 694 conferen-

67 732 134 801 dae
158 731 296 820 gratiae
312 734 395 817 (non
411 730 588 822 loquimur
604 731 645 800 ds
662 730 887 800 Sacramenta
902 729 1152 800 Eucharistiae
1167 751 1243 820 per·

66 843 244 923 manente)
258 862 267 926 ς
292 842 476 928 propterea
491 838 528 904 in
545 837 783 907 Sacramentis
799 858 866 905 non
885 844 1002 929 potest
1017 837 1174 927 intelligi
1189 837 1242 906 vi·

66 946 187 1015 sibilis
202 945 262 1015 sed
279 950 416 1015 tantum
433 945 625 1015 invisibilis
642 946 760 1014 missio
777 946 933 1036 Spiritus
949 946 1084 1016 Sancti.
1099 946 1153 1014 Cf.
1168 947 1241 1014 Au·

66 1060 165 1144 gust.
185 1053 285 1122 Trin.
299 1053 325 1122 l.
340 1052 389 1121 11.
404 1075 439 1120 n.
460 1051 530 1138 11.;
543 1051 580 1120 S.
597 1050 664 1121 Th.
678 1052 710 1120 1.
723 1077 755 1143 q.
771 1053 828 1122 43.
843 1075 875 1120 a.
886 1054 934 1140 7.;
949 1052 1041 1120 Ruiz
1054 1040 1145 1142 disp.
1160 1051 1239 1122 109.

65 1166 153 1230 sect.
178 1160 232 1229 12.
259 1160 419 1251 Apparet
440 1159 547 1228 etiam
571 1181 612 1227 ex
638 1159 796 1227 omnibus
827 1181 915 1251 quae
944 1161 1114 1228 hactenus
1146 1159 1242 1228 dicta

65 1274 181 1352 sunt,
205 1290 274 1336 non
298 1267 411 1335 solum
434 1266 632 1334 missionem
656 1266 871 1335 invisibilem
895 1290 968 1337 esse
997 1267 1243 1358 principaliter

65 1397 89 1441 a
111 1374 185 1444 Deo
208 1374 378 1442 intentam
401 1372 607 1462 praesertim
630 1371 668 1439 in
692 1373 947 1463 comparatione
977 1396 1055 1442 cum
1079 1373 1242 1441 missione

63 1483 385 1571 repraesentativa,
410 1478 599 1548 sedetiam
628 1478 719 1548 hanc
750 1479 825 1547 sine
856 1480 921 1548 illa
951 1480 1050 1570 plene
1081 1479 1238 1567 intelligi

65 1611 136 1657 non
161 1610 272 1679 posse.
289 1588 406 1670 Quare
429 1588 499 1655 iam
525 1586 567 1654 de
590 1608 630 1654 ea
653 1585 752 1654 nobis
775 1587 967 1676 agendum,
995 1587 1096 1656 cuius
1131 1588 1243 1657 decla·

64 1697 162 1766 ratio
184 1702 239 1766 est
260 1695 469 1786 praecipuus
493 1717 617 1784 scopus
640 1695 835 1784 praesentis
858 1695 1123 1786 disputationis.

518 1894 662 1955 THESIS
684 1894 796 1954 XLIII.

142 2027 190 2088 De
209 2028 361 2086 missione
382 2026 545 2087 Invisibili
568 2033 599 2085 st
621 2025 862 2085 inhabitatione
883 2025 1026 2102 Spiritus
1047 2024 1163 2086 Sancti

184 2129 221 2186 in
242 2126 458 2203 sanctificatis
479 2141 521 2183 eto
541 2125 693 2184 doctrina
714 2123 903 2200 Scripturas
923 2134 953 2184 et
977 2125 1125 2184 Patriam.

121 2329 135 2354 a
146 2308 214 2361 Tam
233 2308 265 2359 in
283 2305 442 2372 Scriptnris
461 2303 577 2357 docetur
596 2319 679 2370 quam
698 2320 715 2357 a
733 2302 782 2357 SS.
796 2303 932 2358 Patribus
953 2304 1174 2360 distinctissime
1196 2305 1242 2360 (le-

63 2423 76 2446 ι
94 2400 226 2453 claretur
238 2396 399 2452 Invisibilis
412 2396 510 2449 missio
527 2394 654 2462 Spiritus
666 2395 765 2448 Sancti
783 2394 818 2448 ad
832 2396 1086 2448 sanctificationem
1100 2399 1238 2464 nostram,

63 2509 78 2539 e
94 2495 126 2543 st
147 2486 370 2540 inhabitaturis
390 2485 576 2538 sanctificatis
593 2488 678 2551 atque
690 2483 757 2537 inde
776 2487 945 2537 consor-tiam
968 2485 1085 2537 divinae
1108 2493 1239 2550 naturae,

70 2604 84 2627 »
101 2579 149 2631 Ita
166 2579 199 2628 et
216 2575 353 2642 formulis
373 2573 559 2641 partlcipatio
579 2572 694 2626 altviuae
706 2577 826 2628 naturae
839 2574 1032 2640 Intelligenda
1050 2575 1091 2627 sit
1102 2575 1243 2628 assImila-

69 2689 83 2720 s
99 2669 145 2721 tin
156 2678 206 2734 pet
217 2666 340 2731 gratiam
354 2664 489 2730 Infusum,
500 2665 642 2731 tamqnam
656 2665 771 2717 effectus
787 2664 980 2717 inhabitantis
995 2663 1121 2729 SpIritus
1134 2663 1241 2729 Sanctl,

72 2778 88 2807 u
105 2755 294 2825 participatio
314 2768 381 2808 vero
399 2754 520 2805 reltttina
540 2753 581 2807 sit
601 2753 763 2807 coniunctio
783 2768 844 2806 cum
862 2753 926 2821 Ipsa
942 2768 1063 2822 persona
1080 2752 1180 2806 (livius
1196 2753 1240 2805 ln·

67 2868 81 2897 a
97 2846 263 2901 habitante.
278 2862 290 2895 r

127 2978 361 3070 Supponimus
373 2983 415 3046 ut
426 2984 571 3064 eertum,
586 2976 897 3046 sanctificationem
909 2977 987 3045 fieri
1000 2999 1061 3066 per
1076 2998 1242 3068 superna·

69 3087 208 3160 turalia
231 3087 320 3155 dona
343 3085 480 3175 gratias
503 3092 663 3171 creatae,
689 3106 777 3177 quas
800 3085 873 3152 sint
903 3084 1039 3175 aliquid
1070 3083 1240 3173 antelogi-

64 3221 147 3267 eum
171 3195 306 3264 animae
329 3194 515 3263 inhaerens
538 3215 679 3284 eamque
695 3192 733 3260 in
749 3214 785 3261 ss
801 3199 837 3261 et
859 3193 896 3259 in
921 3192 1080 3260 omnibus
1095 3193 1170 3260 suis
1186 3193 1238 3259 fa·

64 3303 263 3374 saltatibus
285 3301 504 3387 nobilitans,
529 3306 566 3370 et
587 3300 729 3371 elevans
751 3301 795 3369 ad
819 3300 954 3368 modum
971 3299 1027 3367 sui
1044 3321 1241 3388 essssuper·

64 3410 264 3481 naturalem
287 3408 337 3496 (1)
367 3414 403 3478 st
429 3407 474 3476 ad
504 3406 806 3498 supernaturalem
839 3412 969 3475 statum
997 3428 1038 3475 ac
1069 3407 1237 3475 virtutem

66 3517 247 3610 operandi,
271 3518 324 3586 ita
346 3520 389 3584 ut
412 3521 574 3585 creatura
596 3514 782 3584 rationalis
805 3537 866 3605 per
889 3513 974 3583 haec
997 3512 1086 3581 dona
1108 3514 1245 3582 raserat

66 3624 339 3695 similitudinem
362 3629 510 3693 naturas
533 3645 574 3692 ac
597 3622 693 3693 vitae
716 3622 857 3692 divinas
888 3643 995 3711 supra
1023 3642 1138 3689 omnes
1166 3621 1237 3690 exi·

67 3731 211 3823 gantiae
233 3738 271 3800 st
294 3731 389 3802 virsa
413 3731 564 3798 omnium
591 3735 832 3799 creaturarum
855 3728 1152 3814 substantialium,
1177 3749 1237 3795 na·
1272 3737 1273 3742 ’

64 3848 169 3910 turae
192 3839 328 3908 scilicet
349 3845 421 3907 tam
445 3838 624 3928 angelicae
652 3860 755 3929 qnam
782 3837 965 3905 humanas.
990 3835 1120 3905 Dahis
1143 3858 1235 3905 nunc

64 3969 134 4015 non
158 3950 214 4014 est
236 3944 376 4014 dicendi
391 3944 512 4031 locus,
538 3945 597 4015 sed
620 3965 662 4014 ea
684 3943 893 4012 assumimus
915 3964 957 4011 ex
989 3943 1161 4011 Tractetu
1192 3942 1235 4010 de

137 4085 180 4163 (1)
198 4091 355 4159 Dionysius
373 4090 524 4145 llierarch.
538 4091 637 4146 scolas.
658 4106 682 4143 e.
694 4092 721 4144 2.
740 4093 764 4158 §.
781 4089 806 4142 1.
828 4089 958 4158 appellat
977 4109 1005 4142 το
1027 4084 1090 4142 iasar
1110 4085 1184 4151 θειως
1206 4091 1235 4142 et

65 4203 96 4235 ro
118 4181 248 4253 ἇπαρχειν
262 4177 356 4243 ἕνθεως
