<?xml version="1.0" encoding="UTF-8"?>
<!DOCTYPE html PUBLIC "-//W3C//DTD XHTML 1.0 Transitional//EN"
    "http://www.w3.org/TR/xhtml1/DTD/xhtml1-transitional.dtd">
<html xmlns="http://www.w3.org/1999/xhtml" xml:lang="en" lang="en">
 <head>
  <title>
</title>
<meta http-equiv="Content-Type" content="text/html;charset=utf-8" />
  <meta name='ocr-system' content='tesseract 3.04.00' />
  <meta name='ocr-capabilities' content='ocr_page ocr_carea ocr_par ocr_line ocrx_word'/>
</head>
<body>
  <div class='ocr_page' id='page_1' title='image "./tractatusdedeot00frangoog/tractatusdedeot00frangoog_0451.png"; bbox 0 0 3172 4950; ppageno 0'>
   <div class='ocr_carea' id='block_1_1' title="bbox 193 83 1375 3725">
    <p class='ocr_par' dir='ltr' id='par_1_1' title="bbox 194 83 1375 2736">
     <span class='ocr_line' id='line_1_1' title="bbox 691 83 871 144; baseline 0 0"><span class='ocrx_word' id='word_1_1' title='bbox 691 114 730 130; x_wconf 89' lang='lat'>-</span> <span class='ocrx_word' id='word_1_2' title='bbox 752 83 812 144; x_wconf 72' lang='lat'><strong>440</strong></span> <span class='ocrx_word' id='word_1_3' title='bbox 832 115 871 130; x_wconf 93' lang='lat'>-</span> 
     </span>
     <span class='ocr_line' id='line_1_2' title="bbox 194 189 1321 283; baseline 0.005 -24"><span class='ocrx_word' id='word_1_4' title='bbox 194 215 226 259; x_wconf 79' lang='lat' dir='ltr'><strong>rs</strong></span> <span class='ocrx_word' id='word_1_5' title='bbox 250 216 369 280; x_wconf 70' lang='grc' dir='ltr'>πυευμα</span> <span class='ocrx_word' id='word_1_6' title='bbox 392 214 445 264; x_wconf 79' lang='grc' dir='ltr'><strong>της</strong></span> <span class='ocrx_word' id='word_1_7' title='bbox 468 189 616 264; x_wconf 57' lang='lat' dir='ltr'><strong>&amp;luteum</strong></span> <span class='ocrx_word' id='word_1_8' title='bbox 638 192 763 261; x_wconf 78' lang='lat' dir='ltr'><strong>docens</strong></span> <span class='ocrx_word' id='word_1_9' title='bbox 791 216 923 262; x_wconf 89' lang='lat' dir='ltr'><strong>omnem</strong></span> <span class='ocrx_word' id='word_1_10' title='bbox 941 192 1140 276; x_wconf 83' lang='lat' dir='ltr'><strong>veritatem,</strong></span> <span class='ocrx_word' id='word_1_11' title='bbox 1154 193 1321 283; x_wconf 79' lang='lat' dir='ltr'><strong>estipseuet</strong></span> 
     </span>
     <span class='ocr_line' id='line_1_3' title="bbox 194 296 1363 394; baseline 0.002 -25"><span class='ocrx_word' id='word_1_12' title='bbox 194 302 355 371; x_wconf 84' lang='lat' dir='ltr'><strong>absoluta</strong></span> <span class='ocrx_word' id='word_1_13' title='bbox 378 303 512 371; x_wconf 86' lang='lat' dir='ltr'><strong>veritas</strong></span> <span class='ocrx_word' id='word_1_14' title='bbox 527 300 546 370; x_wconf 77' lang='grc' dir='ltr'>ἡ</span> <span class='ocrx_word' id='word_1_15' title='bbox 562 296 708 381; x_wconf 51' lang='lat' dir='ltr'><strong>alumna,</strong></span> <span class='ocrx_word' id='word_1_16' title='bbox 726 304 851 394; x_wconf 87' lang='lat' dir='ltr'><strong>dequo</strong></span> <span class='ocrx_word' id='word_1_17' title='bbox 875 326 966 372; x_wconf 92' lang='lat' dir='ltr'><strong>nunc</strong></span> <span class='ocrx_word' id='word_1_18' title='bbox 978 301 1094 372; x_wconf 86' lang='lat' dir='ltr'><strong>dicero</strong></span> <span class='ocrx_word' id='word_1_19' title='bbox 1110 323 1178 369; x_wconf 91' lang='lat' dir='ltr'><strong>non</strong></span> <span class='ocrx_word' id='word_1_20' title='bbox 1191 308 1323 391; x_wconf 76' lang='lat' dir='ltr'><strong>estopu3</strong></span> <span class='ocrx_word' id='word_1_21' title='bbox 1360 328 1363 333; x_wconf 94' lang='lat'>·</span> 
     </span>
     <span class='ocr_line' id='line_1_4' title="bbox 196 408 1325 501; baseline 0 -24"><span class='ocrx_word' id='word_1_22' title='bbox 196 409 368 478; x_wconf 78' lang='lat' dir='ltr'><strong>divinitas</strong></span> <span class='ocrx_word' id='word_1_23' title='bbox 391 413 482 479; x_wconf 88' lang='lat' dir='ltr'><strong>enim</strong></span> <span class='ocrx_word' id='word_1_24' title='bbox 499 432 663 500; x_wconf 83' lang='lat' dir='ltr'><strong>personae</strong></span> <span class='ocrx_word' id='word_1_25' title='bbox 681 411 807 479; x_wconf 81' lang='lat' dir='ltr'>tertiae</span> <span class='ocrx_word' id='word_1_26' title='bbox 825 412 881 479; x_wconf 92' lang='lat' dir='ltr'><strong>hic</strong></span> <span class='ocrx_word' id='word_1_27' title='bbox 894 411 1120 501; x_wconf 84' lang='lat' dir='ltr'><strong>supponitur.</strong></span> <span class='ocrx_word' id='word_1_28' title='bbox 1134 409 1206 479; x_wconf 90' lang='lat' dir='ltr'><strong>Iam</strong></span> <span class='ocrx_word' id='word_1_29' title='bbox 1216 408 1325 500; x_wconf 83' lang='lat' dir='ltr'><strong>hicSpi·</strong></span> 
     </span>
     <span class='ocr_line' id='line_1_5' title="bbox 196 517 1327 611; baseline 0 -26"><span class='ocrx_word' id='word_1_30' title='bbox 196 519 289 586; x_wconf 83' lang='lat' dir='ltr'><strong>ritus</strong></span> <span class='ocrx_word' id='word_1_31' title='bbox 307 519 469 585; x_wconf 83' lang='lat' dir='ltr'><strong>veritatis</strong></span> <span class='ocrx_word' id='word_1_32' title='bbox 495 548 511 581; x_wconf 76' lang='lat' dir='ltr'><strong>u</strong></span> <span class='ocrx_word' id='word_1_33' title='bbox 526 540 593 585; x_wconf 89' lang='lat' dir='ltr'><strong>non</strong></span> <span class='ocrx_word' id='word_1_34' title='bbox 618 517 817 609; x_wconf 84' lang='lat' dir='ltr'><strong>loquetura</strong></span> <span class='ocrx_word' id='word_1_35' title='bbox 833 528 941 587; x_wconf 86' lang='lat' dir='ltr'><strong>semet</strong></span> <span class='ocrx_word' id='word_1_36' title='bbox 956 520 1045 609; x_wconf 89' lang='lat' dir='ltr'><strong>ipso,</strong></span> <span class='ocrx_word' id='word_1_37' title='bbox 1058 519 1119 589; x_wconf 88' lang='lat' dir='ltr'><strong>sed</strong></span> <span class='ocrx_word' id='word_1_38' title='bbox 1135 536 1327 611; x_wconf 75' lang='lat' dir='ltr'><strong>quaecunque</strong></span> 
     </span>
     <span class='ocr_line' id='line_1_6' title="bbox 196 624 1369 716; baseline 0 -25"><span class='ocrx_word' id='word_1_39' title='bbox 196 625 316 693; x_wconf 79' lang='lat' dir='ltr'><strong>audiet</strong></span> <span class='ocrx_word' id='word_1_40' title='bbox 340 624 547 716; x_wconf 76' lang='lat' dir='ltr'><strong>loquetur3r</strong></span> <span class='ocrx_word' id='word_1_41' title='bbox 574 626 642 693; x_wconf 90' lang='lat' dir='ltr'><strong>imo</strong></span> <span class='ocrx_word' id='word_1_42' title='bbox 667 625 749 695; x_wconf 87' lang='lat' dir='ltr'><strong>haec</strong></span> <span class='ocrx_word' id='word_1_43' title='bbox 773 626 879 695; x_wconf 86' lang='lat' dir='ltr'><strong>datur</strong></span> <span class='ocrx_word' id='word_1_44' title='bbox 903 627 1005 695; x_wconf 86' lang='lat' dir='ltr'><strong>velut</strong></span> <span class='ocrx_word' id='word_1_45' title='bbox 1035 628 1130 696; x_wconf 85' lang='lat' dir='ltr'><strong>ratio</strong></span> <span class='ocrx_word' id='word_1_46' title='bbox 1153 634 1189 696; x_wconf 89' lang='lat' dir='ltr'><strong>et</strong></span> <span class='ocrx_word' id='word_1_47' title='bbox 1209 625 1327 695; x_wconf 78' lang='lat' dir='ltr'><strong>declara·</strong></span> <span class='ocrx_word' id='word_1_48' title='bbox 1364 650 1369 657; x_wconf 93' lang='lat'><em>·</em></span> 
     </span>
     <span class='ocr_line' id='line_1_7' title="bbox 195 728 1369 815; baseline 0.004 -15"><span class='ocrx_word' id='word_1_49' title='bbox 195 732 265 815; x_wconf 83' lang='lat' dir='ltr'><strong>tio,</strong></span> <span class='ocrx_word' id='word_1_50' title='bbox 292 755 354 800; x_wconf 89' lang='lat' dir='ltr'><strong>cur</strong></span> <span class='ocrx_word' id='word_1_51' title='bbox 378 732 427 799; x_wconf 88' lang='lat' dir='ltr'><strong>sit</strong></span> <span class='ocrx_word' id='word_1_52' title='bbox 449 731 610 799; x_wconf 85' lang='lat' dir='ltr'><strong>absoluta</strong></span> <span class='ocrx_word' id='word_1_53' title='bbox 642 733 798 801; x_wconf 81' lang='lat' dir='ltr'><strong>veritas:</strong></span> <span class='ocrx_word' id='word_1_54' title='bbox 824 733 961 802; x_wconf 84' lang='lat' dir='ltr'><strong>docebit</strong></span> <span class='ocrx_word' id='word_1_55' title='bbox 992 756 1126 803; x_wconf 85' lang='lat' dir='ltr'><strong>ornnem</strong></span> <span class='ocrx_word' id='word_1_56' title='bbox 1157 728 1327 813; x_wconf 85' lang='lat' dir='ltr'><strong>veritalcn,</strong></span> <span class='ocrx_word' id='word_1_57' title='bbox 1362 740 1369 805; x_wconf 89' lang='lat'><strong>.-&#39;</strong></span> 
     </span>
     <span class='ocr_line' id='line_1_8' title="bbox 197 838 1351 931; baseline 0 -24"><span class='ocrx_word' id='word_1_58' title='bbox 197 862 262 907; x_wconf 90' lang='lat' dir='ltr'><strong>non</strong></span> <span class='ocrx_word' id='word_1_59' title='bbox 288 841 377 905; x_wconf 84' lang='lat' dir='ltr'><strong>enim</strong></span> <span class='ocrx_word' id='word_1_60' title='bbox 391 838 552 931; x_wconf 88' lang='lat' dir='ltr'><strong>loquetur</strong></span> <span class='ocrx_word' id='word_1_61' title='bbox 569 862 590 906; x_wconf 88' lang='lat' dir='ltr'><strong>a</strong></span> <span class='ocrx_word' id='word_1_62' title='bbox 607 840 800 929; x_wconf 85' lang='lat' dir='ltr'><strong>semetipso.</strong></span> <span class='ocrx_word' id='word_1_63' title='bbox 811 839 1005 909; x_wconf 81' lang='lat' dir='ltr'><strong>Evidenter</strong></span> <span class='ocrx_word' id='word_1_64' title='bbox 1021 840 1107 911; x_wconf 88' lang='lat' dir='ltr'><strong>haec</strong></span> <span class='ocrx_word' id='word_1_65' title='bbox 1123 840 1218 909; x_wconf 86' lang='lat' dir='ltr'><strong>dicta</strong></span> <span class='ocrx_word' id='word_1_66' title='bbox 1232 839 1267 909; x_wconf 86' lang='lat' dir='ltr'><strong>do</strong></span> <span class='ocrx_word' id='word_1_67' title='bbox 1278 860 1330 929; x_wconf 81' lang='lat' dir='ltr'><strong>por</strong></span> <span class='ocrx_word' id='word_1_68' title='bbox 1346 868 1351 885; x_wconf 93' lang='lat'><strong>·</strong></span> 
     </span>
     <span class='ocr_line' id='line_1_9' title="bbox 195 944 1330 1041; baseline -0.003 -25"><span class='ocrx_word' id='word_1_69' title='bbox 195 970 279 1016; x_wconf 83' lang='lat' dir='ltr'><strong>sona</strong></span> <span class='ocrx_word' id='word_1_70' title='bbox 301 946 424 1015; x_wconf 87' lang='lat' dir='ltr'><strong>divina</strong></span> <span class='ocrx_word' id='word_1_71' title='bbox 447 971 513 1014; x_wconf 90' lang='lat' dir='ltr'><strong>non</strong></span> <span class='ocrx_word' id='word_1_72' title='bbox 537 955 683 1038; x_wconf 82' lang='lat' dir='ltr'><strong>possunt</strong></span> <span class='ocrx_word' id='word_1_73' title='bbox 705 947 831 1016; x_wconf 86' lang='lat' dir='ltr'><strong>habere</strong></span> <span class='ocrx_word' id='word_1_74' title='bbox 855 948 962 1017; x_wconf 88' lang='lat' dir='ltr'><strong>alium</strong></span> <span class='ocrx_word' id='word_1_75' title='bbox 986 971 1140 1033; x_wconf 87' lang='lat' dir='ltr'><strong>sensum,</strong></span> <span class='ocrx_word' id='word_1_76' title='bbox 1159 944 1330 1041; x_wconf 88' lang='lat' dir='ltr'><strong>quamquod</strong></span> 
     </span>
     <span class='ocr_line' id='line_1_10' title="bbox 194 1054 1331 1146; baseline -0.002 -23"><span class='ocrx_word' id='word_1_77' title='bbox 194 1054 336 1139; x_wconf 89' lang='lat' dir='ltr'><strong>locutio,</strong></span> <span class='ocrx_word' id='word_1_78' title='bbox 363 1056 533 1140; x_wconf 81' lang='lat' dir='ltr'><strong>doctrina,</strong></span> <span class='ocrx_word' id='word_1_79' title='bbox 561 1056 721 1123; x_wconf 85' lang='lat' dir='ltr'><strong>absoluta</strong></span> <span class='ocrx_word' id='word_1_80' title='bbox 745 1057 918 1145; x_wconf 83' lang='lat' dir='ltr'><strong>sapientia</strong></span> <span class='ocrx_word' id='word_1_81' title='bbox 940 1079 1007 1124; x_wconf 92' lang='lat' dir='ltr'><strong>non</strong></span> <span class='ocrx_word' id='word_1_82' title='bbox 1024 1065 1080 1125; x_wconf 87' lang='lat' dir='ltr'><strong>est</strong></span> <span class='ocrx_word' id='word_1_83' title='bbox 1096 1055 1180 1124; x_wconf 91' lang='lat' dir='ltr'><strong>huic</strong></span> <span class='ocrx_word' id='word_1_84' title='bbox 1202 1074 1331 1146; x_wconf 78' lang='lat' dir='ltr'><strong>personat</strong></span> 
     </span>
     <span class='ocr_line' id='line_1_11' title="bbox 195 1161 1331 1253; baseline 0.001 -23"><span class='ocrx_word' id='word_1_85' title='bbox 195 1185 217 1230; x_wconf 92' lang='lat' dir='ltr'><strong>a</strong></span> <span class='ocrx_word' id='word_1_86' title='bbox 240 1165 438 1253; x_wconf 86' lang='lat' dir='ltr'><strong>semetipsa</strong></span> <span class='ocrx_word' id='word_1_87' title='bbox 461 1163 496 1230; x_wconf 91' lang='lat' dir='ltr'><strong>h.</strong></span> <span class='ocrx_word' id='word_1_88' title='bbox 512 1188 542 1231; x_wconf 88' lang='lat' dir='ltr'><strong>e.</strong></span> <span class='ocrx_word' id='word_1_89' title='bbox 565 1187 631 1231; x_wconf 93' lang='lat' dir='ltr'><strong>non</strong></span> <span class='ocrx_word' id='word_1_90' title='bbox 656 1164 957 1248; x_wconf 80' lang='lat' dir='ltr'><strong>incommunicato,</strong></span> <span class='ocrx_word' id='word_1_91' title='bbox 982 1165 1041 1233; x_wconf 86' lang='lat' dir='ltr'><strong>scd</strong></span> <span class='ocrx_word' id='word_1_92' title='bbox 1064 1171 1120 1233; x_wconf 82' lang='lat' dir='ltr'><strong>est</strong></span> <span class='ocrx_word' id='word_1_93' title='bbox 1134 1163 1167 1231; x_wconf 88' lang='lat' dir='ltr'><strong>ei</strong></span> <span class='ocrx_word' id='word_1_94' title='bbox 1183 1161 1331 1232; x_wconf 87' lang='lat' dir='ltr'><strong>communi·</strong></span> 
     </span>
     <span class='ocr_line' id='line_1_12' title="bbox 194 1266 1331 1364; baseline -0.003 -24"><span class='ocrx_word' id='word_1_95' title='bbox 194 1279 273 1339; x_wconf 87' lang='lat' dir='ltr'><strong>cata</strong></span> <span class='ocrx_word' id='word_1_96' title='bbox 296 1273 339 1338; x_wconf 88' lang='lat' dir='ltr'><strong>ab</strong></span> <span class='ocrx_word' id='word_1_97' title='bbox 361 1271 434 1338; x_wconf 87' lang='lat' dir='ltr'><strong>alia</strong></span> <span class='ocrx_word' id='word_1_98' title='bbox 456 1294 602 1362; x_wconf 86' lang='lat' dir='ltr'><strong>persona</strong></span> <span class='ocrx_word' id='word_1_99' title='bbox 625 1272 759 1356; x_wconf 89' lang='lat' dir='ltr'><strong>divina,</strong></span> <span class='ocrx_word' id='word_1_100' title='bbox 785 1293 873 1364; x_wconf 87' lang='lat' dir='ltr'><strong>quae</strong></span> <span class='ocrx_word' id='word_1_101' title='bbox 896 1273 945 1340; x_wconf 89' lang='lat' dir='ltr'><strong>sit</strong></span> <span class='ocrx_word' id='word_1_102' title='bbox 967 1272 1179 1362; x_wconf 89' lang='lat' dir='ltr'><strong>principium</strong></span> <span class='ocrx_word' id='word_1_103' title='bbox 1201 1271 1269 1339; x_wconf 89' lang='lat' dir='ltr'><strong>eius</strong></span> <span class='ocrx_word' id='word_1_104' title='bbox 1286 1266 1331 1337; x_wconf 91' lang='lat' dir='ltr'><strong>ori·</strong></span> 
     </span>
     <span class='ocr_line' id='line_1_13' title="bbox 196 1376 1333 1471; baseline -0.001 -25"><span class='ocrx_word' id='word_1_105' title='bbox 196 1379 309 1469; x_wconf 87' lang='lat' dir='ltr'><strong>ginis;</strong></span> <span class='ocrx_word' id='word_1_106' title='bbox 335 1401 443 1471; x_wconf 88' lang='lat' dir='ltr'><strong>neque</strong></span> <span class='ocrx_word' id='word_1_107' title='bbox 467 1381 558 1447; x_wconf 88' lang='lat' dir='ltr'><strong>enim</strong></span> <span class='ocrx_word' id='word_1_108' title='bbox 582 1380 646 1448; x_wconf 92' lang='lat' dir='ltr'><strong>hoc</strong></span> <span class='ocrx_word' id='word_1_109' title='bbox 670 1380 792 1446; x_wconf 80' lang='lat' dir='ltr'><strong>audire</strong></span> <span class='ocrx_word' id='word_1_110' title='bbox 807 1387 842 1448; x_wconf 92' lang='lat' dir='ltr'><strong>et</strong></span> <span class='ocrx_word' id='word_1_111' title='bbox 866 1381 993 1447; x_wconf 79' lang='lat' dir='ltr'><strong>discere</strong></span> <span class='ocrx_word' id='word_1_112' title='bbox 1014 1380 1052 1446; x_wconf 92' lang='lat' dir='ltr'><strong>in</strong></span> <span class='ocrx_word' id='word_1_113' title='bbox 1075 1400 1222 1469; x_wconf 84' lang='lat' dir='ltr'><strong>persona</strong></span> <span class='ocrx_word' id='word_1_114' title='bbox 1242 1376 1333 1447; x_wconf 68' lang='lat' dir='ltr'><strong>driu</strong></span> 
     </span>
     <span class='ocr_line' id='line_1_14' title="bbox 195 1484 1332 1577; baseline -0.003 -24"><span class='ocrx_word' id='word_1_115' title='bbox 195 1492 311 1577; x_wconf 84' lang='lat' dir='ltr'><strong>potest</strong></span> <span class='ocrx_word' id='word_1_116' title='bbox 348 1486 548 1573; x_wconf 84' lang='lat' dir='ltr'><strong>significare</strong></span> <span class='ocrx_word' id='word_1_117' title='bbox 585 1485 682 1556; x_wconf 91' lang='lat' dir='ltr'><strong>aliud</strong></span> <span class='ocrx_word' id='word_1_118' title='bbox 718 1508 819 1577; x_wconf 88' lang='lat' dir='ltr'><strong>quam</strong></span> <span class='ocrx_word' id='word_1_119' title='bbox 852 1486 1196 1556; x_wconf 82' lang='lat' dir='ltr'><strong>communicationem</strong></span> <span class='ocrx_word' id='word_1_120' title='bbox 1232 1484 1332 1575; x_wconf 86' lang='lat' dir='ltr'><strong>sapien·</strong></span> 
     </span>
     <span class='ocr_line' id='line_1_15' title="bbox 194 1590 1332 1681; baseline -0.004 -20"><span class='ocrx_word' id='word_1_121' title='bbox 194 1593 278 1675; x_wconf 88' lang='lat' dir='ltr'><strong>tiae,</strong></span> <span class='ocrx_word' id='word_1_122' title='bbox 304 1614 391 1681; x_wconf 91' lang='lat' dir='ltr'><strong>quae</strong></span> <span class='ocrx_word' id='word_1_123' title='bbox 414 1593 653 1660; x_wconf 87' lang='lat' dir='ltr'><strong>identificatur</strong></span> <span class='ocrx_word' id='word_1_124' title='bbox 677 1616 753 1660; x_wconf 88' lang='lat' dir='ltr'><strong>cum</strong></span> <span class='ocrx_word' id='word_1_125' title='bbox 781 1594 933 1661; x_wconf 80' lang='lat' dir='ltr'><strong>essentia</strong></span> <span class='ocrx_word' id='word_1_126' title='bbox 956 1591 1090 1661; x_wconf 89' lang='lat' dir='ltr'><strong>divina.</strong></span> <span class='ocrx_word' id='word_1_127' title='bbox 1120 1590 1246 1660; x_wconf 86' lang='lat' dir='ltr'><strong>Eodem</strong></span> <span class='ocrx_word' id='word_1_128' title='bbox 1264 1610 1332 1681; x_wconf 78' lang='lat' dir='ltr'><strong>pror·</strong></span> 
     </span>
     <span class='ocr_line' id='line_1_16' title="bbox 195 1692 1375 1790; baseline -0.004 -23"><span class='ocrx_word' id='word_1_129' title='bbox 195 1722 255 1767; x_wconf 89' lang='lat' dir='ltr'><strong>sus</strong></span> <span class='ocrx_word' id='word_1_130' title='bbox 279 1701 376 1768; x_wconf 91' lang='lat' dir='ltr'><strong>modo</strong></span> <span class='ocrx_word' id='word_1_131' title='bbox 399 1700 514 1768; x_wconf 86' lang='lat' dir='ltr'><strong>Filius</strong></span> <span class='ocrx_word' id='word_1_132' title='bbox 545 1722 642 1767; x_wconf 89' lang='lat' dir='ltr'><strong>snam</strong></span> <span class='ocrx_word' id='word_1_133' title='bbox 673 1701 923 1790; x_wconf 85' lang='lat' dir='ltr'><strong>processionem</strong></span> <span class='ocrx_word' id='word_1_134' title='bbox 954 1722 976 1767; x_wconf 87' lang='lat' dir='ltr'><strong>a</strong></span> <span class='ocrx_word' id='word_1_135' title='bbox 998 1701 1106 1769; x_wconf 86' lang='lat' dir='ltr'><strong>Patro</strong></span> <span class='ocrx_word' id='word_1_136' title='bbox 1128 1698 1331 1768; x_wconf 81' lang='lat' dir='ltr'><strong>demonstrat:</strong></span> <span class='ocrx_word' id='word_1_137' title='bbox 1371 1692 1375 1781; x_wconf 82' lang='lat' dir='ltr'><strong>i</strong></span> 
     </span>
     <span class='ocr_line' id='line_1_17' title="bbox 199 1794 1375 1899; baseline 0.002 -29"><span class='ocrx_word' id='word_1_138' title='bbox 199 1806 293 1897; x_wconf 75' lang='lat' dir='ltr'><strong>aqui</strong></span> <span class='ocrx_word' id='word_1_139' title='bbox 324 1829 376 1874; x_wconf 93' lang='lat' dir='ltr'><strong>me</strong></span> <span class='ocrx_word' id='word_1_140' title='bbox 407 1807 522 1890; x_wconf 87' lang='lat' dir='ltr'><strong>misit,</strong></span> <span class='ocrx_word' id='word_1_141' title='bbox 549 1828 654 1875; x_wconf 86' lang='lat' dir='ltr'><strong>verax</strong></span> <span class='ocrx_word' id='word_1_142' title='bbox 687 1814 764 1893; x_wconf 80' lang='lat' dir='ltr'><strong>est3</strong></span> <span class='ocrx_word' id='word_1_143' title='bbox 798 1815 834 1875; x_wconf 88' lang='lat' dir='ltr'><strong>et</strong></span> <span class='ocrx_word' id='word_1_144' title='bbox 862 1830 926 1897; x_wconf 86' lang='lat' dir='ltr'><strong>ego</strong></span> <span class='ocrx_word' id='word_1_145' title='bbox 956 1828 1045 1899; x_wconf 86' lang='lat' dir='ltr'><strong>qnae</strong></span> <span class='ocrx_word' id='word_1_146' title='bbox 1074 1805 1200 1875; x_wconf 84' lang='lat' dir='ltr'><strong>audivi</strong></span> <span class='ocrx_word' id='word_1_147' title='bbox 1226 1806 1265 1873; x_wconf 83' lang='lat' dir='ltr'><strong>ab</strong></span> <span class='ocrx_word' id='word_1_148' title='bbox 1288 1808 1331 1883; x_wconf 82' lang='lat' dir='ltr'><strong>e&#39;o,</strong></span> <span class='ocrx_word' id='word_1_149' title='bbox 1369 1794 1375 1893; x_wconf 70' lang='lat' dir='ltr'><strong>l</strong></span> 
     </span>
     <span class='ocr_line' id='line_1_18' title="bbox 195 1912 1333 2006; baseline 0.001 -27"><span class='ocrx_word' id='word_1_150' title='bbox 195 1912 280 1981; x_wconf 90' lang='lat' dir='ltr'><strong>haec</strong></span> <span class='ocrx_word' id='word_1_151' title='bbox 303 1912 425 2004; x_wconf 90' lang='lat' dir='ltr'><strong>loquor</strong></span> <span class='ocrx_word' id='word_1_152' title='bbox 448 1915 486 1980; x_wconf 93' lang='lat' dir='ltr'><strong>iu</strong></span> <span class='ocrx_word' id='word_1_153' title='bbox 510 1915 649 1982; x_wconf 87' lang='lat' dir='ltr'><strong>mundo:</strong></span> <span class='ocrx_word' id='word_1_154' title='bbox 682 1920 717 1982; x_wconf 85' lang='lat' dir='ltr'><strong>et</strong></span> <span class='ocrx_word' id='word_1_155' title='bbox 747 1937 815 1982; x_wconf 91' lang='lat' dir='ltr'><strong>non</strong></span> <span class='ocrx_word' id='word_1_156' title='bbox 843 1922 1094 2004; x_wconf 85' lang='lat' dir='ltr'><strong>cognoverunt,</strong></span> <span class='ocrx_word' id='word_1_157' title='bbox 1124 1914 1209 2006; x_wconf 82' lang='lat' dir='ltr'><strong>quia</strong></span> <span class='ocrx_word' id='word_1_158' title='bbox 1228 1912 1333 1983; x_wconf 75' lang='lat' dir='ltr'><strong>Pam</strong></span> 
     </span>
     <span class='ocr_line' id='line_1_19' title="bbox 195 2016 1333 2114; baseline -0.004 -24"><span class='ocrx_word' id='word_1_159' title='bbox 195 2022 271 2091; x_wconf 87' lang='lat' dir='ltr'><strong>eins</strong></span> <span class='ocrx_word' id='word_1_160' title='bbox 301 2021 439 2090; x_wconf 85' lang='lat' dir='ltr'><strong>dicebat</strong></span> <span class='ocrx_word' id='word_1_161' title='bbox 468 2022 577 2090; x_wconf 88' lang='lat' dir='ltr'><strong>Deum</strong></span> <span class='ocrx_word' id='word_1_162' title='bbox 594 2047 635 2108; x_wconf 73' lang='lat'><strong>3»</strong></span> <span class='ocrx_word' id='word_1_163' title='bbox 669 2046 724 2091; x_wconf 73' lang='lat' dir='ltr'><strong>aa</strong></span> <span class='ocrx_word' id='word_1_164' title='bbox 747 2046 799 2092; x_wconf 88' lang='lat' dir='ltr'><strong>ma</strong></span> <span class='ocrx_word' id='word_1_165' title='bbox 831 2024 905 2114; x_wconf 90' lang='lat' dir='ltr'><strong>ipso</strong></span> <span class='ocrx_word' id='word_1_166' title='bbox 929 2025 1021 2093; x_wconf 87' lang='lat' dir='ltr'><strong>facio</strong></span> <span class='ocrx_word' id='word_1_167' title='bbox 1044 2022 1162 2105; x_wconf 90' lang='lat' dir='ltr'><strong>nihil,</strong></span> <span class='ocrx_word' id='word_1_168' title='bbox 1187 2021 1244 2091; x_wconf 81' lang='lat' dir='ltr'><strong>sed</strong></span> <span class='ocrx_word' id='word_1_169' title='bbox 1269 2016 1333 2089; x_wconf 80' lang='lat' dir='ltr'><strong>sicul</strong></span> 
     </span>
     <span class='ocr_line' id='line_1_20' title="bbox 196 2120 1330 2222; baseline -0.004 -24"><span class='ocrx_word' id='word_1_170' title='bbox 196 2128 316 2198; x_wconf 89' lang='lat' dir='ltr'><strong>docuit</strong></span> <span class='ocrx_word' id='word_1_171' title='bbox 344 2151 396 2196; x_wconf 92' lang='lat' dir='ltr'><strong>me</strong></span> <span class='ocrx_word' id='word_1_172' title='bbox 422 2131 551 2212; x_wconf 88' lang='lat' dir='ltr'><strong>Pater,</strong></span> <span class='ocrx_word' id='word_1_173' title='bbox 581 2130 665 2198; x_wconf 88' lang='lat' dir='ltr'><strong>haec</strong></span> <span class='ocrx_word' id='word_1_174' title='bbox 691 2130 842 2222; x_wconf 80' lang='lat' dir='ltr'><strong>loquorn</strong></span> <span class='ocrx_word' id='word_1_175' title='bbox 868 2130 919 2199; x_wconf 92' lang='lat' dir='ltr'><strong>Io.</strong></span> <span class='ocrx_word' id='word_1_176' title='bbox 938 2129 1041 2198; x_wconf 82' lang='lat' dir='ltr'><strong>VIII.</strong></span> <span class='ocrx_word' id='word_1_177' title='bbox 1066 2129 1124 2197; x_wconf 78' lang='lat'><strong>26.</strong></span> <span class='ocrx_word' id='word_1_178' title='bbox 1141 2129 1198 2196; x_wconf 79' lang='lat'><strong>28.</strong></span> <span class='ocrx_word' id='word_1_179' title='bbox 1220 2120 1330 2197; x_wconf 77' lang='lat' dir='ltr'><strong>ctvll.</strong></span> 
     </span>
     <span class='ocr_line' id='line_1_21' title="bbox 197 2235 1330 2327; baseline -0.004 -23"><span class='ocrx_word' id='word_1_180' title='bbox 197 2236 540 2321; x_wconf 74' lang='lat' dir='ltr'>16;XI1.49.50.;«</span> <span class='ocrx_word' id='word_1_181' title='bbox 555 2260 621 2304; x_wconf 90' lang='lat' dir='ltr'><strong>non</strong></span> <span class='ocrx_word' id='word_1_182' title='bbox 646 2246 762 2327; x_wconf 84' lang='lat' dir='ltr'><strong>potest</strong></span> <span class='ocrx_word' id='word_1_183' title='bbox 776 2238 893 2307; x_wconf 83' lang='lat' dir='ltr'><strong>Filius</strong></span> <span class='ocrx_word' id='word_1_184' title='bbox 916 2261 938 2305; x_wconf 88' lang='lat' dir='ltr'><strong>a</strong></span> <span class='ocrx_word' id='word_1_185' title='bbox 961 2260 998 2306; x_wconf 87' lang='lat' dir='ltr'><strong>se</strong></span> <span class='ocrx_word' id='word_1_186' title='bbox 1022 2240 1138 2306; x_wconf 85' lang='lat' dir='ltr'><strong>facero</strong></span> <span class='ocrx_word' id='word_1_187' title='bbox 1163 2235 1330 2327; x_wconf 72' lang='lat' dir='ltr'><strong>quidquam,</strong></span> 
     </span>
     <span class='ocr_line' id='line_1_22' title="bbox 195 2336 1331 2438; baseline -0.007 -27"><span class='ocrx_word' id='word_1_188' title='bbox 195 2344 266 2412; x_wconf 80' lang='lat' dir='ltr'><strong>nisi</strong></span> <span class='ocrx_word' id='word_1_189' title='bbox 290 2345 380 2435; x_wconf 91' lang='lat' dir='ltr'><strong>quod</strong></span> <span class='ocrx_word' id='word_1_190' title='bbox 405 2344 537 2411; x_wconf 89' lang='lat' dir='ltr'><strong>viderit</strong></span> <span class='ocrx_word' id='word_1_191' title='bbox 559 2344 697 2414; x_wconf 90' lang='lat' dir='ltr'><strong>Patrem</strong></span> <span class='ocrx_word' id='word_1_192' title='bbox 722 2348 929 2433; x_wconf 62' lang='lat' dir='ltr'><strong>facientem</strong></span> <span class='ocrx_word' id='word_1_193' title='bbox 950 2366 1185 2438; x_wconf 83' lang='lat' dir='ltr'><strong>quaecumque</strong></span> <span class='ocrx_word' id='word_1_194' title='bbox 1200 2336 1331 2412; x_wconf 82' lang='lat' dir='ltr'><strong>eninille</strong></span> 
     </span>
     <span class='ocr_line' id='line_1_23' title="bbox 196 2441 1331 2541; baseline -0.006 -19"><span class='ocrx_word' id='word_1_195' title='bbox 196 2453 344 2536; x_wconf 86' lang='lat' dir='ltr'><strong>fecerit,</strong></span> <span class='ocrx_word' id='word_1_196' title='bbox 370 2453 454 2521; x_wconf 84' lang='lat' dir='ltr'><strong>lraec</strong></span> <span class='ocrx_word' id='word_1_197' title='bbox 477 2462 514 2523; x_wconf 88' lang='lat' dir='ltr'><strong>et</strong></span> <span class='ocrx_word' id='word_1_198' title='bbox 537 2453 652 2522; x_wconf 86' lang='lat' dir='ltr'><strong>Filius</strong></span> <span class='ocrx_word' id='word_1_199' title='bbox 680 2441 845 2523; x_wconf 87' lang='lat' dir='ltr'><strong>similiter</strong></span> <span class='ocrx_word' id='word_1_200' title='bbox 875 2455 987 2541; x_wconf 74' lang='lat' dir='ltr'><strong>facit,</strong></span> <span class='ocrx_word' id='word_1_201' title='bbox 1022 2453 1129 2521; x_wconf 86' lang='lat' dir='ltr'><strong>Pater</strong></span> <span class='ocrx_word' id='word_1_202' title='bbox 1160 2452 1248 2521; x_wconf 90' lang='lat' dir='ltr'><strong>enim</strong></span> <span class='ocrx_word' id='word_1_203' title='bbox 1271 2442 1331 2517; x_wconf 87' lang='lat' dir='ltr'><strong>dili·</strong></span> 
     </span>
     <span class='ocr_line' id='line_1_24' title="bbox 194 2557 1331 2653; baseline -0.005 -25"><span class='ocrx_word' id='word_1_204' title='bbox 194 2560 251 2649; x_wconf 83' lang='lat' dir='ltr'><strong>git</strong></span> <span class='ocrx_word' id='word_1_205' title='bbox 276 2559 428 2646; x_wconf 88' lang='lat' dir='ltr'><strong>Filium,</strong></span> <span class='ocrx_word' id='word_1_206' title='bbox 454 2568 490 2630; x_wconf 89' lang='lat' dir='ltr'><strong>et</strong></span> <span class='ocrx_word' id='word_1_207' title='bbox 525 2562 639 2629; x_wconf 84' lang='lat' dir='ltr'><strong>omnia</strong></span> <span class='ocrx_word' id='word_1_208' title='bbox 670 2562 889 2631; x_wconf 84' lang='lat' dir='ltr'><strong>demonstrat</strong></span> <span class='ocrx_word' id='word_1_209' title='bbox 922 2562 982 2647; x_wconf 88' lang='lat' dir='ltr'><strong>ei,</strong></span> <span class='ocrx_word' id='word_1_210' title='bbox 1016 2583 1104 2653; x_wconf 86' lang='lat' dir='ltr'><strong>quac</strong></span> <span class='ocrx_word' id='word_1_211' title='bbox 1136 2560 1212 2651; x_wconf 87' lang='lat' dir='ltr'><strong>ipse</strong></span> <span class='ocrx_word' id='word_1_212' title='bbox 1244 2557 1331 2625; x_wconf 81' lang='lat' dir='ltr'><strong>facit·</strong></span> 
     </span>
     <span class='ocr_line' id='line_1_25' title="bbox 194 2667 447 2736; baseline 0.008 -2"><span class='ocrx_word' id='word_1_213' title='bbox 194 2668 242 2735; x_wconf 87' lang='lat' dir='ltr'><strong>ib.</strong></span> <span class='ocrx_word' id='word_1_214' title='bbox 254 2667 298 2736; x_wconf 88' lang='lat' dir='ltr'><strong>V.</strong></span> <span class='ocrx_word' id='word_1_215' title='bbox 315 2667 447 2736; x_wconf 87' lang='lat' dir='ltr'><strong>19.etc.</strong></span> 
     </span>
    </p>

    <p class='ocr_par' dir='ltr' id='par_1_2' title="bbox 193 2775 1375 3725">
     <span class='ocr_line' id='line_1_26' title="bbox 263 2775 1335 2867; baseline -0.003 -23"><span class='ocrx_word' id='word_1_216' title='bbox 263 2777 301 2844; x_wconf 86' lang='lat' dir='ltr'><strong>Si</strong></span> <span class='ocrx_word' id='word_1_217' title='bbox 326 2784 458 2846; x_wconf 90' lang='lat' dir='ltr'><strong>certum</strong></span> <span class='ocrx_word' id='word_1_218' title='bbox 482 2782 620 2845; x_wconf 88' lang='lat' dir='ltr'><strong>estnec</strong></span> <span class='ocrx_word' id='word_1_219' title='bbox 644 2778 713 2845; x_wconf 88' lang='lat' dir='ltr'><strong>nisi</strong></span> <span class='ocrx_word' id='word_1_220' title='bbox 737 2775 1039 2867; x_wconf 86' lang='lat' dir='ltr'><strong>impudentissime</strong></span> <span class='ocrx_word' id='word_1_221' title='bbox 1062 2780 1262 2865; x_wconf 78' lang='lat' dir='ltr'><strong>negaretur,</strong></span> <span class='ocrx_word' id='word_1_222' title='bbox 1282 2788 1335 2861; x_wconf 73' lang='lat' dir='ltr'><strong>per</strong></span> 
     </span>
     <span class='ocr_line' id='line_1_27' title="bbox 195 2874 1375 2976; baseline -0.005 -23"><span class='ocrx_word' id='word_1_223' title='bbox 195 2905 312 2953; x_wconf 85' lang='lat' dir='ltr'><strong>sonam</strong></span> <span class='ocrx_word' id='word_1_224' title='bbox 336 2908 357 2951; x_wconf 86' lang='lat' dir='ltr'><strong>a</strong></span> <span class='ocrx_word' id='word_1_225' title='bbox 380 2910 446 2976; x_wconf 90' lang='lat' dir='ltr'><strong>quo</strong></span> <span class='ocrx_word' id='word_1_226' title='bbox 470 2884 602 2953; x_wconf 88' lang='lat' dir='ltr'><strong>dicitur</strong></span> <span class='ocrx_word' id='word_1_227' title='bbox 626 2884 781 2975; x_wconf 86' lang='lat' dir='ltr'><strong>Spiritus</strong></span> <span class='ocrx_word' id='word_1_228' title='bbox 805 2886 957 2955; x_wconf 88' lang='lat' dir='ltr'><strong>Sanctus</strong></span> <span class='ocrx_word' id='word_1_229' title='bbox 980 2884 1116 2968; x_wconf 87' lang='lat' dir='ltr'><strong>audire,</strong></span> <span class='ocrx_word' id='word_1_230' title='bbox 1142 2906 1217 2952; x_wconf 85' lang='lat' dir='ltr'><strong>esse</strong></span> <span class='ocrx_word' id='word_1_231' title='bbox 1239 2874 1335 2973; x_wconf 82' lang='lat' dir='ltr'><strong>prinoi-</strong></span> <span class='ocrx_word' id='word_1_232' title='bbox 1373 2904 1375 2911; x_wconf 92' lang='lat'>·</span> 
     </span>
     <span class='ocr_line' id='line_1_28' title="bbox 194 2988 1337 3082; baseline -0.002 -24"><span class='ocrx_word' id='word_1_233' title='bbox 194 2992 297 3081; x_wconf 91' lang='lat' dir='ltr'><strong>pium·</strong></span> <span class='ocrx_word' id='word_1_234' title='bbox 313 2992 543 3081; x_wconf 87' lang='lat' dir='ltr'><strong>processionis</strong></span> <span class='ocrx_word' id='word_1_235' title='bbox 566 2992 820 3061; x_wconf 89' lang='lat' dir='ltr'><strong>communicans</strong></span> <span class='ocrx_word' id='word_1_236' title='bbox 843 2993 1040 3075; x_wconf 90' lang='lat' dir='ltr'><strong>essentiam,</strong></span> <span class='ocrx_word' id='word_1_237' title='bbox 1061 2991 1174 3059; x_wconf 92' lang='lat' dir='ltr'><strong>solum</strong></span> <span class='ocrx_word' id='word_1_238' title='bbox 1192 2988 1337 3082; x_wconf 80' lang='lat' dir='ltr'><strong>inquiren·</strong></span> 
     </span>
     <span class='ocr_line' id='line_1_29' title="bbox 195 3088 1337 3190; baseline -0.003 -25"><span class='ocrx_word' id='word_1_239' title='bbox 195 3098 275 3165; x_wconf 89' lang='lat' dir='ltr'><strong>dum</strong></span> <span class='ocrx_word' id='word_1_240' title='bbox 303 3107 368 3182; x_wconf 87' lang='lat' dir='ltr'><strong>est,</strong></span> <span class='ocrx_word' id='word_1_241' title='bbox 401 3121 569 3190; x_wconf 86' lang='lat' dir='ltr'><strong>quaenam</strong></span> <span class='ocrx_word' id='word_1_242' title='bbox 594 3100 642 3167; x_wconf 90' lang='lat' dir='ltr'><strong>sit</strong></span> <span class='ocrx_word' id='word_1_243' title='bbox 664 3100 729 3167; x_wconf 83' lang='lat' dir='ltr'><strong>illa</strong></span> <span class='ocrx_word' id='word_1_244' title='bbox 752 3122 909 3190; x_wconf 86' lang='lat' dir='ltr'><strong>persona.</strong></span> <span class='ocrx_word' id='word_1_245' title='bbox 946 3101 999 3169; x_wconf 91' lang='lat' dir='ltr'><strong>At</strong></span> <span class='ocrx_word' id='word_1_246' title='bbox 1020 3099 1165 3167; x_wconf 85' lang='lat' dir='ltr'><strong>evidens</strong></span> <span class='ocrx_word' id='word_1_247' title='bbox 1192 3106 1261 3182; x_wconf 87' lang='lat' dir='ltr'><strong>est,</strong></span> <span class='ocrx_word' id='word_1_248' title='bbox 1282 3088 1337 3162; x_wconf 76' lang='lat' dir='ltr'><strong>lul·</strong></span> 
     </span>
     <span class='ocr_line' id='line_1_30' title="bbox 195 3206 1348 3309; baseline -0.003 -36"><span class='ocrx_word' id='word_1_249' title='bbox 195 3207 325 3275; x_wconf 90' lang='lat' dir='ltr'><strong>Filium</strong></span> <span class='ocrx_word' id='word_1_250' title='bbox 349 3230 433 3289; x_wconf 86' lang='lat' dir='ltr'><strong>esse,</strong></span> <span class='ocrx_word' id='word_1_251' title='bbox 460 3230 481 3273; x_wconf 90' lang='lat' dir='ltr'><strong>a</strong></span> <span class='ocrx_word' id='word_1_252' title='bbox 505 3230 571 3299; x_wconf 93' lang='lat' dir='ltr'><strong>quo</strong></span> <span class='ocrx_word' id='word_1_253' title='bbox 596 3206 752 3296; x_wconf 86' lang='lat' dir='ltr'><strong>Spiritus</strong></span> <span class='ocrx_word' id='word_1_254' title='bbox 776 3207 951 3292; x_wconf 85' lang='lat' dir='ltr'><strong>veritatis,</strong></span> <span class='ocrx_word' id='word_1_255' title='bbox 978 3208 1071 3275; x_wconf 90' lang='lat' dir='ltr'><strong>nihil</strong></span> <span class='ocrx_word' id='word_1_256' title='bbox 1097 3208 1244 3299; x_wconf 91' lang='lat' dir='ltr'><strong>loquens</strong></span> <span class='ocrx_word' id='word_1_257' title='bbox 1266 3226 1285 3271; x_wconf 85' lang='lat' dir='ltr'><strong>a</strong></span> <span class='ocrx_word' id='word_1_258' title='bbox 1309 3219 1348 3309; x_wconf 48' lang='lat' dir='ltr'><strong>sc·</strong></span> 
     </span>
     <span class='ocr_line' id='line_1_31' title="bbox 194 3314 1340 3407; baseline -0.004 -25"><span class='ocrx_word' id='word_1_259' title='bbox 194 3315 367 3404; x_wconf 91' lang='lat' dir='ltr'><strong>metipso,</strong></span> <span class='ocrx_word' id='word_1_260' title='bbox 386 3315 518 3382; x_wconf 91' lang='lat' dir='ltr'><strong>dicitur</strong></span> <span class='ocrx_word' id='word_1_261' title='bbox 541 3315 674 3384; x_wconf 85' lang='lat' dir='ltr'><strong>audire.</strong></span> <span class='ocrx_word' id='word_1_262' title='bbox 700 3315 742 3384; x_wconf 95' lang='lat' dir='ltr'><strong>Id</strong></span> <span class='ocrx_word' id='word_1_263' title='bbox 767 3317 926 3407; x_wconf 89' lang='lat' dir='ltr'><strong>quamvis</strong></span> <span class='ocrx_word' id='word_1_264' title='bbox 942 3339 1010 3383; x_wconf 91' lang='lat' dir='ltr'><strong>nou</strong></span> <span class='ocrx_word' id='word_1_265' title='bbox 1028 3314 1160 3383; x_wconf 86' lang='lat' dir='ltr'><strong>diserte</strong></span> <span class='ocrx_word' id='word_1_266' title='bbox 1179 3315 1340 3389; x_wconf 80' lang='lat' dir='ltr'><strong>diceretur,</strong></span> 
     </span>
     <span class='ocr_line' id='line_1_32' title="bbox 194 3419 1343 3514; baseline -0.007 -22"><span class='ocrx_word' id='word_1_267' title='bbox 194 3429 370 3492; x_wconf 87' lang='lat' dir='ltr'><strong>constaret</strong></span> <span class='ocrx_word' id='word_1_268' title='bbox 393 3423 461 3489; x_wconf 89' lang='lat' dir='ltr'><strong>iam</strong></span> <span class='ocrx_word' id='word_1_269' title='bbox 484 3445 525 3490; x_wconf 82' lang='lat' dir='ltr'><strong>ex</strong></span> <span class='ocrx_word' id='word_1_270' title='bbox 551 3422 626 3511; x_wconf 90' lang='lat' dir='ltr'><strong>ipso</strong></span> <span class='ocrx_word' id='word_1_271' title='bbox 650 3446 750 3514; x_wconf 90' lang='lat' dir='ltr'><strong>scopo</strong></span> <span class='ocrx_word' id='word_1_272' title='bbox 775 3424 966 3510; x_wconf 88' lang='lat' dir='ltr'><strong>orationis;</strong></span> <span class='ocrx_word' id='word_1_273' title='bbox 993 3422 1074 3492; x_wconf 88' lang='lat' dir='ltr'><strong>vult</strong></span> <span class='ocrx_word' id='word_1_274' title='bbox 1096 3422 1190 3491; x_wconf 86' lang='lat' dir='ltr'><strong>enim</strong></span> <span class='ocrx_word' id='word_1_275' title='bbox 1205 3419 1343 3490; x_wconf 74' lang='lat' dir='ltr'><strong>Christus</strong></span> 
     </span>
     <span class='ocr_line' id='line_1_33' title="bbox 194 3526 1344 3621; baseline -0.005 -26"><span class='ocrx_word' id='word_1_276' title='bbox 194 3530 267 3597; x_wconf 90' lang='lat' dir='ltr'><strong>illis</strong></span> <span class='ocrx_word' id='word_1_277' title='bbox 291 3529 412 3597; x_wconf 83' lang='lat' dir='ltr'><strong>incisis</strong></span> <span class='ocrx_word' id='word_1_278' title='bbox 436 3529 519 3597; x_wconf 85' lang='lat' dir='ltr'><strong>dare</strong></span> <span class='ocrx_word' id='word_1_279' title='bbox 543 3530 735 3614; x_wconf 86' lang='lat' dir='ltr'><strong>rationem,</strong></span> <span class='ocrx_word' id='word_1_280' title='bbox 763 3555 825 3600; x_wconf 89' lang='lat' dir='ltr'><strong>cur</strong></span> <span class='ocrx_word' id='word_1_281' title='bbox 841 3539 877 3600; x_wconf 90' lang='lat' dir='ltr'><strong>et</strong></span> <span class='ocrx_word' id='word_1_282' title='bbox 892 3529 1059 3621; x_wconf 88' lang='lat' dir='ltr'><strong>quomodo</strong></span> <span class='ocrx_word' id='word_1_283' title='bbox 1077 3550 1142 3596; x_wconf 89' lang='lat' dir='ltr'><strong>sua</strong></span> <span class='ocrx_word' id='word_1_284' title='bbox 1157 3526 1344 3598; x_wconf 80' lang='lat' dir='ltr'><strong>doctrinaet</strong></span> 
     </span>
     <span class='ocr_line' id='line_1_34' title="bbox 193 3630 1343 3725; baseline -0.007 -21"><span class='ocrx_word' id='word_1_285' title='bbox 193 3635 354 3704; x_wconf 87' lang='lat' dir='ltr'><strong>doctrina</strong></span> <span class='ocrx_word' id='word_1_286' title='bbox 378 3635 533 3725; x_wconf 88' lang='lat' dir='ltr'><strong>Spiritus</strong></span> <span class='ocrx_word' id='word_1_287' title='bbox 558 3634 681 3705; x_wconf 86' lang='lat' dir='ltr'><strong>Sancti</strong></span> <span class='ocrx_word' id='word_1_288' title='bbox 705 3638 898 3707; x_wconf 88' lang='lat' dir='ltr'><strong>necessario</strong></span> <span class='ocrx_word' id='word_1_289' title='bbox 922 3637 971 3706; x_wconf 85' lang='lat' dir='ltr'><strong>sit</strong></span> <span class='ocrx_word' id='word_1_290' title='bbox 994 3658 1085 3720; x_wconf 86' lang='lat' dir='ltr'><strong>una,</strong></span> <span class='ocrx_word' id='word_1_291' title='bbox 1117 3643 1159 3705; x_wconf 87' lang='lat' dir='ltr'><strong>ut</strong></span> <span class='ocrx_word' id='word_1_292' title='bbox 1189 3630 1343 3725; x_wconf 75' lang='lat' dir='ltr'><strong>praeclare</strong></span> 
     </span>
    </p>
   </div>
   <div class='ocr_carea' id='block_1_2' title="bbox 192 3865 1344 4037">
    <p class='ocr_par' dir='ltr' id='par_1_3' title="bbox 192 3865 1344 4037">
     <span class='ocr_line' id='line_1_35' title="bbox 193 3865 1344 3946; baseline -0.007 -16"><span class='ocrx_word' id='word_1_293' title='bbox 193 3878 300 3944; x_wconf 63' lang='lat' dir='ltr'><strong>plurem</strong></span> <span class='ocrx_word' id='word_1_294' title='bbox 324 3876 419 3929; x_wconf 80' lang='lat' dir='ltr'><strong>versio</strong></span> <span class='ocrx_word' id='word_1_295' title='bbox 439 3877 533 3930; x_wconf 81' lang='lat' dir='ltr'><strong>latius</strong></span> <span class='ocrx_word' id='word_1_296' title='bbox 552 3878 837 3946; x_wconf 80' lang='lat' dir='ltr'><strong>antehieronymiana</strong></span> <span class='ocrx_word' id='word_1_297' title='bbox 856 3878 887 3929; x_wconf 87' lang='lat' dir='ltr'><strong>in</strong></span> <span class='ocrx_word' id='word_1_298' title='bbox 907 3876 974 3930; x_wconf 80' lang='lat' dir='ltr'><strong>Ood.</strong></span> <span class='ocrx_word' id='word_1_299' title='bbox 990 3874 1113 3929; x_wconf 74' lang='lat' dir='ltr'><strong>vercell.</strong></span> <span class='ocrx_word' id='word_1_300' title='bbox 1128 3874 1200 3928; x_wconf 79' lang='lat' dir='ltr'><strong>Tun</strong></span> <span class='ocrx_word' id='word_1_301' title='bbox 1212 3865 1344 3927; x_wconf 78' lang='lat' dir='ltr'><strong>hocrers‘r</strong></span> 
     </span>
     <span class='ocr_line' id='line_1_36' title="bbox 192 3959 1344 4037; baseline -0.006 -16"><span class='ocrx_word' id='word_1_302' title='bbox 192 3970 253 4021; x_wconf 89' lang='lat' dir='ltr'><strong>culo</strong></span> <span class='ocrx_word' id='word_1_303' title='bbox 275 3968 306 4019; x_wconf 80' lang='lat'><strong>15</strong></span> <span class='ocrx_word' id='word_1_304' title='bbox 327 3971 386 4019; x_wconf 86' lang='lat' dir='ltr'><strong>tum</strong></span> <span class='ocrx_word' id='word_1_305' title='bbox 407 3983 433 4020; x_wconf 83' lang='lat' dir='ltr'><strong>v.</strong></span> <span class='ocrx_word' id='word_1_306' title='bbox 448 3968 490 4019; x_wconf 75' lang='lat'><strong>14.</strong></span> <span class='ocrx_word' id='word_1_307' title='bbox 512 3969 619 4021; x_wconf 86' lang='lat' dir='ltr'><strong>hubent</strong></span> <span class='ocrx_word' id='word_1_308' title='bbox 641 3976 752 4037; x_wconf 87' lang='lat' dir='ltr'><strong>tempus</strong></span> <span class='ocrx_word' id='word_1_309' title='bbox 772 3984 906 4037; x_wconf 85' lang='lat' dir='ltr'><strong>praesens</strong></span> <span class='ocrx_word' id='word_1_310' title='bbox 931 3966 1078 4019; x_wconf 84' lang='lat' dir='ltr'><strong>versiones</strong></span> <span class='ocrx_word' id='word_1_311' title='bbox 1098 3965 1214 4031; x_wconf 79' lang='lat' dir='ltr'><strong>syriaca</strong></span> <span class='ocrx_word' id='word_1_312' title='bbox 1240 3959 1344 4027; x_wconf 70' lang='lat' dir='ltr'><strong>nuptu</strong></span> 
     </span>
    </p>
   </div>
   <div class='ocr_carea' id='block_1_3' title="bbox 190 4075 1346 4275">
    <p class='ocr_par' dir='ltr' id='par_1_4' title="bbox 190 4075 1346 4275">
     <span class='ocr_line' id='line_1_37' title="bbox 190 4075 1346 4183; baseline -0.01 -16"><span class='ocrx_word' id='word_1_313' title='bbox 190 4075 275 4154; x_wconf 40' lang='grc' dir='ltr'><strong>Μῦς</strong></span> <span class='ocrx_word' id='word_1_314' title='bbox 297 4076 381 4179; x_wconf 47' lang='lat'><strong>*³⁴⁴2</strong></span> <span class='ocrx_word' id='word_1_315' title='bbox 401 4075 442 4183; x_wconf 46' lang='grc' dir='ltr'><strong>χέ’</strong></span> <span class='ocrx_word' id='word_1_316' title='bbox 466 4116 587 4179; x_wconf 72' lang='lat' dir='ltr'><strong>gothica:</strong></span> <span class='ocrx_word' id='word_1_317' title='bbox 609 4133 641 4166; x_wconf 80' lang='lat' dir='ltr'><strong>us</strong></span> <span class='ocrx_word' id='word_1_318' title='bbox 658 4115 821 4165; x_wconf 79' lang='lat' dir='ltr'><strong>meinamma</strong></span> <span class='ocrx_word' id='word_1_319' title='bbox 839 4113 954 4171; x_wconf 68' lang='lat' dir='ltr'><strong>m&#39;mitlm</strong></span> <span class='ocrx_word' id='word_1_320' title='bbox 974 4107 1208 4175; x_wconf 72' lang='lat' dir='ltr'><strong>anglosaxonica:</strong></span> <span class='ocrx_word' id='word_1_321' title='bbox 1228 4098 1346 4157; x_wconf 67' lang='lat' dir='ltr'><strong>nantuel</strong></span> 
     </span>
     <span class='ocr_line' id='line_1_38' title="bbox 192 4208 361 4275; baseline 0.012 -17"><span class='ocrx_word' id='word_1_322' title='bbox 192 4208 228 4275; x_wconf 78' lang='lat' dir='ltr'><strong>cf</strong></span> <span class='ocrx_word' id='word_1_323' title='bbox 244 4210 361 4261; x_wconf 68' lang='lat' dir='ltr'><strong>inimum.</strong></span> 
     </span>
    </p>
   </div>
   <div class='ocr_carea' id='block_1_4' title="bbox 0 0 1590 4950">
    <p class='ocr_par' dir='ltr' id='par_1_5' title="bbox 0 0 1590 4950">
     <span class='ocr_line' id='line_1_39' title="bbox 0 0 1590 4950; baseline 0 0"><span class='ocrx_word' id='word_1_324' title='bbox 0 0 1590 4950; x_wconf 95' lang='lat' dir='ltr'><strong> </strong></span> 
     </span>
    </p>
   </div>
  </div>
 </body>
</html>
