3172 4950
709 374 748 390 -
770 343 826 404 171
849 376 887 389 -

200 445 314 513 fectae
337 446 542 536 spiritualis
563 448 914 541 naturae'procedit‚
940 450 1111 540 iureque
1129 454 1183 518 est
1205 471 1247 519 ex
1270 450 1382 519 libera

202 551 374 624 electione
398 554 596 626 voluntatis
618 580 727 650 neque
750 565 872 628 eontra
895 557 1113 628 voluntatem
1137 557 1197 626 sed
1220 580 1262 627 ex
1285 557 1382 648 prin-

208 659 298 751 cipio
318 668 469 731 naturae
490 664 715 755 intelligente
738 687 779 735 eo
803 665 954 755 volente,
981 687 1042 735 seu
1065 666 1244 734 voluntate
1271 691 1382 733 conco-

212 770 378 835 nirenre:
406 792 521 860 aergo
543 793 607 841 neo
629 773 785 842 invitum
808 773 957 842 dixerim
973 796 1035 843 nec
1051 772 1266 843 volentem...
1292 773 1383 844 Nam

214 874 303 945 deut
321 876 434 947 bonus
456 878 561 949 Pater
582 901 651 948 non
666 884 730 950 lut
745 903 787 950 ex
803 881 987 950 voluntate
1010 886 1064 950 est
1087 887 1151 950 aut
1173 882 1380 950 necessitate

218 982 372 1068 (invitus
394 992 432 1055 et
454 990 621 1072 enectus)
644 987 703 1056 scd
727 1010 832 1079 super
856 993 1054 1080 utrumque,
1080 987 1145 1057 hoc
1168 995 1222 1057 est
1239 994 1379 1076 natura;

219 1087 267 1156 ita
286 1112 352 1159 non
375 1100 524 1182 generat
544 1117 586 1163 ex
610 1094 795 1164 voluntate
818 1100 882 1163 aut
903 1094 1114 1164 necessitate
1137 1095 1275 1164 Pater»
1300 1093 1382 1193 ᾼω-

223 1195 302 1267 bros.
319 1197 363 1268 de
383 1198 467 1269 Fid.
484 1200 511 1270 l.
526 1201 590 1272 IV.
609 1225 639 1271 c.
659 1202 692 1271 9.
707 1226 742 1271 n.
761 1201 839 1271 103.

279 1307 427 1378 Dextore
449 1310 555 1380 etiem
578 1310 818 1401 accipiendum
841 1316 916 1397 est,
937 1311 1027 1405 quod
1043 1310 1167 1380 Patres
1182 1310 1383 1403 frequenter

226 1415 420 1505 respondent
440 1418 587 1491 Arianis
609 1419 654 1487 ed
670 1417 920 1489 defendendam
935 1419 1185 1511 aequalitatem
1200 1418 1289 1487 Filii
1302 1441 1382 1488 cum

228 1518 316 1592 Patre
329 1521 367 1590 in
381 1522 476 1593 luno
493 1525 642 1595 modum.
661 1525 701 1595 Si
715 1525 832 1594 Filius
848 1525 959 1595 minor
983 1533 1038 1595 cst
1056 1526 1173 1613 iletre,
1192 1525 1306 1612 aiunt,
1326 1526 1381 1594 vel

229 1624 317 1697 Pater
332 1631 400 1699 eibi
415 1633 595 1725 aequalem
618 1654 785 1722 generare
801 1656 869 1702 non
885 1633 1014 1724 potuit,
1028 1639 1064 1703 ct
1079 1655 1147 1702 non
1163 1633 1383 1725 estomnipo·

230 1742 303 1825 tona3
312 1738 368 1807 vel
378 1739 507 1825 noluit,
517 1747 554 1809 et
562 1762 630 1809 non
638 1749 692 1811 est
702 1740 813 1811 bonus
826 1741 886 1811 sed
898 1740 1381 1831 invidus(Basilius‚Gregor.

232 1842 406 1934 llyesenus,
430 1848 684 1938 Augustinus).
703 1849 922 1941 Soppouitur
937 1872 1023 1919 vera
1039 1850 1131 1919 ratio
1147 1849 1234 1918 Filii
1249 1856 1285 1919 et
1300 1871 1385 1919 vere

234 1954 392 2040 gemratio
414 1978 477 2048 per
499 1956 843 2027 communicationem
865 1963 1040 2050 naturae,
1065 1957 1156 2026 unde
1173 1957 1384 2048 omnipoten-

234 2057 274 2126 tia
291 2070 325 2131 et
344 2063 508 2150 bonitas,
535 2087 577 2134 ex
600 2084 669 2158 qua
691 2058 868 2135 deducunt
890 2064 1140 2156 plenitudinem
1158 2064 1385 2133 communita·

235 2171 279 2236 a·
298 2178 467 2259 naturae,
492 2197 561 2243 non
584 2180 700 2265 potest
721 2173 880 2264 intelligi
903 2172 1064 2244 effectrix
1089 2173 1182 2242 sicut
1203 2171 1242 2241 iu
1265 2172 1385 2242 ordine

236 2275 270 2344 ad
287 2287 487 2366 creaturas,
513 2283 574 2352 sed
597 2282 699 2353 debet
721 2282 881 2372 intelligi
904 2282 1098 2351 intrinseca
1112 2280 1280 2372 perfectio
1298 2301 1385 2349 com-

238 2385 507 2458 municabilitatis
530 2397 566 2459 ct
581 2389 820 2460 fecunditatis
841 2395 1015 2475 naturae,
1042 2395 1214 2482 quatenus
1236 2385 1386 2456 identifi-

238 2498 318 2564 catur
339 2518 416 2589 oum
439 2496 557 2566 Patre.
577 2496 664 2579 Cum
687 2497 824 2568 scilieet
838 2495 968 2565 Ariani
987 2495 1119 2564 Filium
1136 2494 1387 2585 omnipotentie

237 2606 264 2668 et
280 2600 429 2674 bonitate
451 2606 674 2679 Dcifactum
696 2627 771 2675 esee
794 2605 974 2689 dicerent,
1006 2604 1130 2672 Patres
1162 2600 1387 2671 inflectebant

238 2711 500 2802 omnipotentiam
523 2720 561 2784 et
583 2715 784 2800 bonitatem,
810 2719 916 2805 prout
935 2711 1100 2782 convenit
1122 2732 1190 2779 non
1212 2710 1388 2779 affectioni
1497 2742 1501 2749 ·

239 2817 283 2887 aad
302 2821 541 2911 generationi3
567 2822 632 2892 hoc
655 2828 772 2891 autem
795 2844 898 2891 sensu
921 2819 1172 2910 omnipotentie
1194 2824 1230 2887 et
1252 2817 1388 2886 bouitas

236 2940 375 3014 paterne,
400 2931 597 3000 formaliter
619 2937 661 3000 ut
684 2936 830 3022 paterna
853 2934 888 2999 et
910 2927 1152 3022 hypostatica,
1176 2932 1230 2995 est
1246 2926 1388 3016 visper-

241 3027 310 3105 ftcte
330 3038 606 3109 communicandi
632 3045 797 3107 naturam
819 3036 925 3106 Filio.
951 3035 1069 3119 Quare
1098 3033 1272 3104 sententia
1299 3031 1385 3101 illa:

245 3141 292 3210 tri
311 3144 414 3215 Pater
436 3146 568 3216 Filium
589 3170 659 3216 non
682 3145 800 3238 potuit
823 3144 880 3214 vel
909 3143 1027 3213 noluit
1051 3162 1219 3232 generare
1242 3138 1310 3209 sibi
1334 3161 1387 3209 ae·

244 3249 374 3339 malem,
399 3260 466 3324 aut
488 3252 705 3347 omnipotens
726 3276 795 3323 non
819 3258 875 3323 eat
895 3258 959 3322 aut
980 3274 1049 3320 non
1073 3257 1127 3320 est
1149 3251 1259 3318 bonus
1276 3275 1307 3333 n,
1336 3270 1388 3316 re·

245 3365 366 3429 vocatur
387 3359 434 3430 ad
456 3360 547 3445 hano
569 3360 728 3433 alteram:
757 3361 788 3429 ei
810 3382 880 3428 non
903 3358 1021 3450 potuit
1043 3356 1099 3427 vel
1115 3355 1241 3440 noluit,
1256 3361 1390 3423 nonest

246 3457 385 3538 inPatre
405 3478 542 3538 summa
564 3468 733 3560 perfectio
757 3463 1129 3538 communicabilitatis
1152 3468 1314 3532 naturae.
1328 3460 1392 3529 Pe·

247 3570 436 3662 letautem,
461 3574 662 3645 huiusmodi
686 3574 841 3644 rationes
865 3594 887 3640 a
908 3570 1076 3640 Patribus
1099 3592 1167 3637 non
1191 3566 1325 3636 adferri
1347 3566 1391 3635 ad

249 3671 548 3752 demonstrationem
570 3681 636 3768 rei,
655 3707 701 3749 an
723 3684 786 3764 eit·
808 3682 868 3751 sed
892 3678 1075 3770 supposita
1097 3674 1311 3745 revelatione
1334 3695 1391 3742 ve-

249 3782 342 3858 netis
371 3789 518 3881 proponi
547 3789 648 3859 velut
676 3792 883 3879 argumenta
908 3785 954 3853 ad
979 3786 1143 3852 hominem
1167 3779 1300 3851 autad
1327 3779 1391 3848 ali·

250 3909 326 3977 qltm
342 3897 610 3967 declarationem
633 3895 698 3981 rei,
725 3895 886 3988 quomodo
910 3897 969 3964 eit.
1208 3978 1213 3989 ι

295 4000 356 4074 ΙΠ.
381 4004 494 4075 Aliud
517 3988 697 4074 docminae
719 4010 848 4095 ceput,
873 4001 911 4071 in
934 4024 1002 4094 quo
1018 3999 1200 4088 ambiguas
1216 4003 1252 4067 et
1274 3996 1392 4065 obscu-

251 4103 333 4181 riores
354 4113 558 4207 quandoque
580 4111 773 4182 locutiones
796 4116 954 4180 veterum
976 4108 1122 4177 Petrum
1139 4125 1319 4174 occurrere
1342 4100 1394 4170 di-

251 4211 359 4306 ximus,
384 4219 477 4289 illud
500 4225 577 4307 est,
604 4220 696 4313 quod
718 4218 824 4289 Pater
847 4222 944 4287 creat
965 4222 1003 4286 et
1034 4217 1199 4306 operatur
1223 4235 1285 4302 per
1307 4208 1393 4280 Ver-

252 4315 320 4396 ltn.
342 4327 512 4412 Quamvis
535 4327 691 4419 operatio
714 4327 761 4393 ed
784 4341 883 4394 cetra
905 4324 943 4392 iu
966 4323 1039 4392 Deo
1070 4320 1215 4391 realiter
1247 4339 1316 4386 non
1347 4316 1396 4383 sit

253 4425 337 4521 uliud,
354 4460 456 4532 qoem
473 4438 551 4530 ipse
573 4436 693 4507 divina
715 4435 868 4506 essentie
891 4457 969 4504 cum
992 4437 1151 4523 respecto
1175 4435 1212 4498 et
1233 4429 1394 4519 connota-
