3180 4944
853 334 891 352 ..
912 303 974 367 500
996 335 1034 351 ...

286 396 289 400 ’
361 415 514 486 firmatio
537 413 643 482 huius
664 410 854 504 peculiaris
876 409 1025 479 rationis
1046 408 1150 478 immo
1169 408 1276 477 etism
1292 408 1371 478 eius
1383 408 1528 479 declara

362 523 414 593 tio
436 528 474 591 et
496 521 597 591 velut
619 519 777 588 definitio
801 518 999 588 continetur
1022 516 1059 586 in
1082 516 1246 608 eo,quod
1261 515 1374 585 tertia
1392 538 1529 607 persona

362 625 551 696 Trinitatis
573 626 715 694 docetur
738 623 920 714 procedere
943 628 985 691 ut
1008 619 1142 691 donum.

430 731 583 823 Spiritui
607 731 735 801 Sancto
758 752 800 800 ex
831 731 906 820 ipso
930 752 992 798 suo
1023 727 1225 798 charactere
1252 728 1433 817 personali
1462 751 1529 820 pro·

362 839 474 930 priam
497 861 571 907 esse
595 838 764 906 rationem
789 836 894 918 doni,
919 858 961 905 ex
986 834 1182 925 Scripturis
1204 833 1331 904 deduci
1342 842 1461 926 potest
1470 858 1529 904 non

362 951 497 1013 tameo
520 944 611 1036 quod
635 940 736 1009 datus
767 963 867 1031 saepe
898 941 1029 1010 dicitur
1046 941 1114 1028 (cl.
1138 939 1176 1009 S.
1202 940 1300 1030 Aug.
1324 940 1429 1010 Tria.
1456 940 1528 1010 XV.

363 1074 393 1120 o.
411 1050 496 1136 19.),
522 1072 625 1142 quam
648 1049 764 1139 potius
780 1049 827 1116 iis
843 1047 1072 1137 argumentis,
1089 1047 1216 1139 quibus
1230 1046 1449 1118 ostendimus
1463 1049 1531 1118 eius

363 1157 614 1248 processionem
637 1179 699 1245 per
722 1155 859 1224 modum
872 1156 998 1221 amoris
1009 1154 1234 1223 terminantis
1255 1152 1478 1224 dilectionem
1498 1157 1530 1224 in

361 1263 468 1334 Patre
485 1270 528 1332 et
545 1262 638 1331 Filio
663 1263 729 1350 (th.
745 1260 896 1347 XXVI.)
911 1285 919 1348 ;
945 1263 1029 1329 haec
1049 1259 1141 1329 enim
1164 1261 1244 1347 duo,
1262 1261 1356 1352 quod
1382 1262 1532 1354 Spiritus

364 1369 514 1440 Sanctus
533 1368 690 1458 procedit
708 1392 773 1458 per
795 1368 927 1435 modum
950 1370 1077 1435 amoris
1092 1374 1133 1436 ut
1148 1367 1320 1437 terminus
1338 1368 1532 1439 dilectionis

362 1477 599 1568 producentis,
612 1482 648 1545 et
661 1476 751 1568 quod
767 1498 809 1544 ex
823 1474 964 1566 proprio
988 1472 1188 1543 charactere
1212 1474 1393 1565 personali
1414 1483 1468 1546 est
1481 1475 1531 1544 do·

363 1607 455 1666 num,
470 1605 537 1650 non
553 1582 725 1650 differunt
739 1580 810 1649 nisi
822 1588 863 1650 ut
877 1579 1035 1648 definitio
1057 1587 1094 1649 et
1108 1579 1303 1665 definitum,
1320 1581 1531 1673 quemadmc

364 1688 446 1759 dum
457 1689 494 1757 in
506 1711 694 1779 progressu
707 1687 955 1757 declarationis
966 1686 1114 1776 patebit.
1137 1684 1237 1755 Unde
1255 1687 1485 1778 Augustinus
1499 1687 1532 1756 id

364 1796 455 1888 quod
468 1795 668 1885 saepissime
691 1795 801 1879 docet,
816 1794 988 1886 Spiritum
1013 1793 1179 1863 Sanctum
1195 1794 1382 1883 procedere
1395 1800 1531 1864 utamo·

364 1925 436 1972 rem
450 1903 568 1970 Patris
584 1923 623 1970 ac
638 1899 738 1985 Filii,
762 1900 845 1969 aliis
869 1899 990 1968 verbis
1009 1898 1114 1968 dicit:
1144 1927 1161 1962 c
1175 1899 1263 1969 exiit
1278 1923 1349 1969 non
1373 1900 1532 1994 quomodo

364 2014 469 2076 natus
478 2007 537 2075 sed
550 2006 717 2098 quomodo
729 2005 843 2089 dctus,
854 2012 890 2075 et
899 2005 975 2073 ideo
987 2027 1055 2073 non
1067 2010 1121 2072 est
1129 2002 1265 2074 Filius»
1282 2006 1530 2076 Trin.V.c.14.

424 2113 550 2181 Patres
570 2112 632 2181 diu
646 2119 726 2181 ante
741 2111 984 2202 Augustinum
996 2109 1248 2180 intellexerunt
1270 2109 1364 2182 hen'c
1388 2112 1533 2204 propris·

365 2224 473 2292 tatem
487 2217 644 2308 Spiritus
668 2217 802 2304 Sancti,
828 2218 930 2287 immo
954 2221 1106 2286 testatur
1118 2216 1345 2308 Augustinus
1366 2218 1455 2309 ipse,
1473 2218 1531 2288 hoc

366 2324 566 2396 charactere
591 2323 851 2393 distinctionem
864 2323 1020 2414 Spiritus
1033 2321 1155 2392 Sancti
1167 2323 1341 2394 declarari
1360 2325 1530 2395 «edoctis

365 2439 401 2505 ct
418 2433 555 2522 magnis
567 2431 768 2500 divinarum
784 2430 1048 2522 Scripturarum
1059 2432 1325 2516 tractatoribus,
1346 2432 1440 2526 quod
1461 2455 1531 2503 eum

366 2539 489 2610 donam
512 2541 579 2609 Dei
603 2564 676 2612 esee
699 2541 935 2632 praedicante
963 2541 1059 2631 Aug.
1077 2541 1118 2610 de
1131 2541 1190 2611 dd.
1207 2547 1243 2609 et
1255 2541 1407 2630 symbol.
1427 2564 1463 2610 n.
1482 2541 1529 2610 19.

366 2647 423 2734 (Τ.
442 2646 535 2733 VI.).
552 2645 643 2716 Sane
676 2648 800 2717 Patres
832 2645 1070 2737 antiquissimi
1091 2645 1156 2715 hoc
1187 2645 1324 2714 nomine
1359 2653 1528 2739 tamqusu

365 2753 504 2843 proprio
528 2752 717 2842 designant
729 2752 900 2843 Spiritum
915 2752 1082 2821 Sanctum
1094 2751 1133 2819 in
1144 2752 1453 2821 connumeratione
1464 2776 1530 2843 per·

366 2878 528 2927 sonarum
553 2857 615 2928 SS.
641 2857 850 2941 Trinitatis,
885 2862 926 2925 ut
954 2856 1115 2925 Iustinus
1146 2857 1317 2927 cohortat.
1341 2858 1388 2926 ad
1414 2858 1528 2929 Graec.

365 2987 401 3032 n.
412 2963 483 3051 δὴ
501 2963 720 3054 Hippolytus
743 2967 864 3033 contra
887 2962 989 3032 Nost.
1007 2986 1041 3032 n.
1059 2962 1113 3033 14.
1129 2963 1219 3032 Vide
1235 2963 1325 3032 alios
1338 2964 1434 3054 apud
1449 2965 1529 3034 Ruis

366 3070 456 3160 disp.
468 3071 523 3138 75.
539 3076 623 3140 sect.
640 3069 672 3138 1.
688 3076 723 3140 et
738 3071 861 3140 Petav.
880 3069 905 3136 l.
925 3069 1028 3138 VIII.
1040 3093 1069 3139 c.
1085 3070 1118 3137 8.
1134 3070 1220 3138 Rem
1245 3092 1329 3139 vero
1347 3071 1461 3163 ipsam
1484 3072 1528 3140 de·

365 3182 561 3244 monstrant
583 3176 727 3259 Patres,
754 3197 900 3268 quorum
924 3174 1116 3243 sententias
1139 3174 1360 3262 adtulimus,
1386 3177 1448 3245 ubi
1470 3175 1529 3266 egi·

366 3303 442 3349 mus
458 3282 500 3350 dc
520 3283 737 3371 processione
755 3305 816 3372 per
829 3281 1061 3351 dilectionem.
1073 3281 1306 3352 Luculeutius
1321 3288 1442 3352 tamen
1454 3283 1530 3350 hanc

366 3386 615 3476 proprietatem
641 3387 838 3457 declaravit
862 3387 1089 3476 Augustinus
1123 3385 1246 3455 multis
1276 3387 1314 3455 in
1338 3388 1439 3474 locis,
1464 3392 1529 3480 post

365 3491 606 3582 Augustinum
622 3493 744 3584 deinde
764 3495 887 3563 Patres
915 3493 980 3562 alii
1002 3501 1039 3563 et
1066 3515 1181 3562 omnes
1209 3493 1369 3585 theologi
1395 3495 1529 3565 Scholac

366 3600 403 3668 in
428 3599 461 3668 1.
485 3600 570 3670 dist.
597 3599 675 3687 18.;
702 3608 739 3670 et
774 3601 810 3669 in
843 3600 879 3669 S.
907 3600 973 3668 uh.
1001 3599 1033 3668 1.
1060 3625 1093 3693 q.
1115 3599 1171 3669 88.
1196 3601 1427 3690 Augustinus
1449 3603 1528 3670 inter

366 3712 481 3777 cetera
510 3708 564 3776 ita
586 3707 747 3778 disserit:
781 3737 797 3772 u
822 3708 863 3775 In
887 3707 1039 3799 eoquod
1062 3707 1201 3797 proprie
1225 3707 1360 3776 dicitur
1384 3708 1528 3801 Spiritus

366 3809 539 3900 Sanctus,
569 3814 718 3888 relative
754 3815 907 3900 dicitur,
934 3838 1011 3884 cum
1046 3821 1082 3884 et
1112 3815 1156 3884 ad
1185 3811 1326 3884 Patrem
1350 3823 1387 3885 et
1409 3815 1527 3885 Filium

365 3921 542 4004 refertur,
569 3921 652 4012 quia
683 3921 840 4011 Spiritus
868 3920 1020 3991 Sanctus
1051 3927 1086 3990 et
1108 3921 1228 3990 Patris
1251 3928 1288 3991 et
1308 3920 1398 3990 Filii
1431 3919 1526 4014 Spiri-

364 4031 425 4094 tns
454 4034 519 4096 est.
553 4026 619 4096 Sed
642 4027 718 4118 ipsa
742 4027 867 4096 relatio
890 4051 958 4097 non
981 4035 1126 4118 apparet
1149 4028 1186 4096 in
1209 4028 1274 4097 hoc
1297 4028 1455 4116 nomine,
1480 4050 1524 4116 ap·

365 4139 630 4227 perstantem,
658 4157 735 4203 cum
762 4131 893 4205 dicitur
924 4135 1050 4204 donum
1083 4134 1160 4203 Dei.
1189 4133 1327 4203 Donum
1362 4135 1454 4204 enim
1484 4135 1524 4202 eet

364 4239 484 4310 Patris
510 4250 546 4312 et
566 4240 678 4328 Filii,
711 4244 795 4334 quia
830 4250 865 4312 et
899 4243 1054 4310 aPatre
1089 4242 1270 4335 procedit,
1298 4242 1393 4312 siout
1425 4239 1521 4312 Doni·

366 4369 433 4417 nus
467 4349 576 4437 dieit3
609 4355 646 4418 et
676 4349 766 4442 quod
800 4350 991 4441 Apostolus
1014 4351 1086 4435 ait,
1116 4349 1177 4442 qui
1201 4348 1376 4440 Spiritum
1405 4344 1520 4418 Christi
