3180 4944
867 360 906 395 -τ
927 329 989 391 576
1010 361 1048 376 -

372 435 718 506 tris...Inhabitantc
741 435 861 527 itaqua
883 436 922 504 iu
945 436 1108 505 cordibus
1130 437 1264 506 uostris
1286 436 1540 527 Unigenitum·

375 565 547 637 qusquam
570 545 669 613 abest
692 544 821 631 Pater,
845 544 953 613 habat
975 544 1067 613 enim
1090 544 1208 614 Filius
1230 546 1269 614 in
1293 567 1331 613 se
1354 544 1433 633 ipso
1456 543 1541 632 goni·

372 657 483 721 torem
505 653 609 717 cuius
633 653 780 718 euisteus
808 676 880 718 cum
904 676 939 718 eo
963 653 1201 734 substautias,
1219 652 1279 721 sed
1298 652 1432 741 etipse
1446 651 1542 720 estin

373 760 478 828 Patro
499 757 756 829 naturaliter...
771 759 940 831 Libenter
955 764 1071 828 autem
1088 743 1473 848 interrogaverim'eos,
1490 757 1543 849 qui

374 888 457 958 prae
480 867 593 958 multa
616 866 760 936 inscitia
790 865 962 936 haeresim
994 865 1163 956 complexi
1192 866 1368 936 adversus
1403 864 1542 955 gloriam

374 973 532 1065 Spiritus
555 974 714 1062 linguam
738 980 920 1044 armant...
945 974 977 1042 si
1000 979 1140 1043 creatus
1157 979 1212 1043 θεὴ
1227 972 1392 1063 Spiritus
1408 972 1542 1041 stsDei

373 1081 594 1167 substantia,
621 1086 663 1149 ut
685 1080 818 1165 vultis,
844 1079 1006 1164 slie'nus,
1034 1080 1201 1171 quomodo
1225 1079 1368 1148 habitat
1392 1079 1432 1147 iu
1453 1078 1542 1146 nobis

373 1211 434 1278 per
458 1189 572 1279 ipsum
595 1185 750 1256 Deust...
765 1189 843 1258 Nou
867 1211 951 1277 ergo
975 1194 1115 1257 creatus
1130 1194 1185 1257 est
1208 1186 1381 1278 Spiritus.
1398 1185 1541 1268 Quodsi

374 1318 494 1366 verum
516 1300 594 1379 est,
620 1300 662 1395 ut
685 1301 778 1364 certe
801 1302 878 1381 est,
903 1296 999 1364 Dans
1022 1301 1124 1363 etex
1147 1295 1219 1363 Deo
1235 1300 1291 1362 est
1315 1292 1486 1384 Spiritus,
1502 1291 1541 1359 si·

373 1409 434 1472 out
456 1401 628 1488 diximus,
651 1400 749 1469 nihil*
767 1401 858 1470 enim
882 1423 1045 1494 umquam
1062 1402 1247 1494 putabitur
1263 1401 1465 1471 increatum
1476 1419 1541 1467 esse

373 1511 444 1580 nisi
467 1510 562 1578 solus
588 1516 717 1579 natura
740 1510 856 1596 Deus,
884 1534 925 1578 eu
949 1535 1015 1602 quo
1039 1508 1198 1595 uidelicet
1217 1508 1451 1596 ineffabiliter
1470 1531 1541 1596 pro-

374 1619 488 1684 cedens
506 1619 661 1707 Spiritus
676 1618 834 1700 Sumtus,
859 1621 948 1685 sicut
971 1621 1045 1710 ipse
1060 1642 1101 1685 eu
1117 1642 1182 1708 quo
1203 1630 1264 1698 est,
1284 1614 1425 1682 dabitat
1441 1618 1476 1680 iu
1491 1638 1541 1679 uc·

376 1725 427 1792 dis
438 1752 452 1807 ,·
477 1728 643 1815 proprius
670 1727 759 1791 euim
791 1728 863 1792 eius
879 1727 1093 1793 substautias
1112 1739 1185 1805 est,
1207 1738 1240 1790 et
1262 1723 1376 1789 ueluti
1397 1723 1541 1813 qualitas

373 1836 574 1900 sanctitatis
597 1835 670 1899 eius
693 1832 756 1920 (1),
790 1833 974 1903 Adversus
1000 1833 1193 1901 Auomocos
1226 1836 1346 1900 autem
1371 1831 1433 1922 qui
1456 1830 1540 1899 Filio

374 1939 503 2009 bellum
530 1940 776 2017 indixerunt...
795 1941 957 2010 nonnihil
977 1946 1168 2032 opportune
1185 1939 1311 2008 dicam.
1323 1938 1391 2007 <Ad
1403 1959 1478 2006 eum
1493 1959 1540 2005 ve·

375 2046 512 2116 uiemus
535 2053 571 2116 et
595 2040 806 2116 missionem
831 2048 923 2139 apud
947 2071 1024 2117 eum
1049 2047 1258 2116 faciemus...
1284 2045 1324 2114 Si
1352 2050 1481 2114 naturd
1497 2043 1539 2111 di·

374 2176 499 2224 versus
517 2160 572 2224 est
595 2155 733 2225 omnino
757 2156 877 2225 Filius
898 2162 935 2226 et
961 2156 997 2224 in
1025 2155 1168 2246 propria
1187 2154 1337 2245 quodam
1354 2151 1538 2221 natursin·

374 2260 581 2350 telligitur,
608 2263 774 2354 quomodo
801 2285 940 2332 necesse
959 2286 1028 2332 uon
1056 2268 1113 2331 θεὴ
1142 2262 1230 2329 duos
1258 2260 1352 2329 Deos
1384 2261 1423 2328 in
1453 2258 1538 2326 nobis

375 2392 450 2439 θεεθ
474 2371 614 2441 credere
638 2368 803 2441 mandata
827 2370 1068 2442 servantibus?
1093 2368 1188 2453 Quod
1210 2372 1243 2447 si
1258 2371 1364 2434 auius
1387 2393 1454 2434 uon
1472 2366 1537 2433 duo·

374 2504 451 2546 rum
476 2481 623 2547 Deorum
651 2481 778 2570 templa
805 2481 976 2561 dicimur,
1006 2481 1113 2548 Patre
1140 2502 1179 2545 ac
1207 2478 1304 2546 Filio
1329 2479 1369 2542 im
1384 2477 1537 2543 nobista-

377 2588 592 2671 bitcutt'dus,
617 2610 785 2680 quaenam
801 2589 894 2658 ratio
920 2590 957 2658 in
981 2589 1081 2659 nobis
1104 2588 1191 2657 duos
1214 2586 1297 2656 illos
1318 2585 1359 2654 iu
1382 2585 1535 2653 unitatem

375 2695 530 2786 redigit,
555 2719 633 2765 cum
655 2697 758 2767 iuxta
773 2703 928 2766 vestram
953 2696 1160 2766 dementiam
1183 2693 1370 2764 identitati
1393 2693 1534 2762 substen-

374 2804 446 2873 tiac
469 2804 537 2873 uon
563 2805 611 2874 sit
633 2805 760 2874 locus?
776 2805 843 2875 Vel
867 2806 958 2874 euim
986 2828 1123 2873 necesse
1145 2810 1200 2873 θεὴ
1227 2803 1343 2873 dicere
1371 2800 1533 2871 Christum

374 2912 466 2979 falsa
499 2913 598 2981 nobis
622 2935 695 2981 esse
718 2913 898 2998 locutum,
925 2920 961 2982 et
984 2912 1183 2981 inhabitare
1213 2916 1356 2979 tautum
1385 2910 1424 2977 in
1453 2905 1533 2976 nobis

374 3019 515 3088 Patrem
537 3043 598 3110 per
623 3020 816 3110 Spiritum,
844 3021 900 3089 vel
924 3021 1124 3088 inhabitare
1148 3019 1288 3111 quidem
1306 3017 1422 3108 ipsum
1439 3011 1532 3103 (Chri-

376 3133 496 3217 stum),
511 3132 630 3199 abesse
655 3152 737 3200 vero
757 3131 909 3199 Patrem.
926 3129 978 3198 At
1000 3129 1064 3196 hoo
1085 3128 1288 3197 absurdum:
1313 3150 1404 3192 uuus
1426 3126 1534 3217 quippe

375 3238 466 3305 Deus
493 3253 541 3306 est
559 3243 595 3304 iu
611 3240 722 3321 modis,
749 3263 823 3305 cum
856 3239 968 3304 ambos
989 3238 1234 3325 suscepimus...
1260 3235 1311 3302 Et
1336 3228 1473 3326 quidem
1498 3227 1531 3295 di·

374 3346 481 3417 vinus
503 3306 636 3416 Pauffls
658 3370 727 3415 non
751 3347 898 3416 duorum
921 3347 1071 3415 Deorum
1102 3343 1234 3434 templa
1263 3366 1328 3411 nos
1359 3336 1531 3434 appellavit

375 3453 435 3525 sed
460 3455 577 3524 unius:
603 3454 770 3545 templum
792 3455 858 3524 Dei
881 3453 990 3537 estis,
1017 3458 1053 3523 et
1076 3451 1231 3543 Spiritus
1262 3450 1329 3520 Dei
1353 3450 1490 3548 habitu
1506 3445 1530 3511 iu

375 3564 487 3634 vobis.
502 3563 621 3647 Vides,
641 3568 682 3632 ut
705 3566 743 3629 iu
766 3563 980 3629 substantiae
1004 3562 1222 3627 identitatem
1254 3560 1365 3627 Patre
1395 3571 1427 3623 et
1457 3552 1529 3623 Filio

375 3673 515 3739 collatis
543 3671 668 3759 templa
695 3695 755 3736 uos
777 3670 896 3757 factos
921 3692 988 3735 esse
1021 3671 1074 3734 ait
1101 3691 1168 3733 mou
1192 3666 1343 3733 Deorum
1370 3663 1429 3732 sed
1454 3660 1527 3730 Det»

375 3777 503 3869 Cyrill.
520 3779 557 3846 in
569 3778 621 3846 lo.
639 3776 738 3845 XIV.
754 3776 810 3844 23.
826 3776 867 3844 Τ.
883 3774 947 3844 IV.
963 3798 997 3864 p.
1012 3773 1090 3842 831.
1115 3773 1192 3841 832.
1207 3771 1480 3862 Expressissims
1495 3764 1528 3831 1⁰·

377 3887 498 3979 quitur
520 3887 558 3954 in
583 3885 714 3975 dialog.
732 3885 816 3955 VII.
836 3883 896 3975 qui
912 3876 967 3952 θεὴ
983 3882 1025 3951 de
1041 3881 1231 3951 divinitate
1243 3879 1404 3970 Spiritus
1420 3868 1526 3946 Sancti·

374 3993 458 4062 Post
480 3993 593 4062 multa
616 3993 729 4062 allata
753 3992 959 4082 Scripturas
982 3989 1186 4061 testimonia
1202 3987 1396 4058 concludit:
1420 3999 1526 4051 snum-

377 4101 459 4192 quid
490 4101 714 4170 manifestum
738 4106 793 4169 est
816 4100 1000 4184 demuma
1022 4097 1122 4166 nobis
1144 4096 1267 4186 utiquc
1296 4091 1451 4184 agnosci,
1465 4077 1525 4179 quil

428 4256 534 4332 (1)’Et
553 4258 583 4314 o‘u
603 4264 724 4317 δηλονοτι
747 4264 839 4328 trecies
858 4250 972 4331 ἅρῥητωζ
991 4277 1019 4309 το
1046 4274 1151 4324 muscus
1171 4253 1250 4325 ἅγιον
1271 4252 1303 4315 ὥς
1324 4249 1405 4313 cluso<
1428 4246 1454 4314 ἐξ
1469 4244 1525 4306 c'utt?

377 4349 457 4416 ἔστιν,
470 4348 495 4405 iv
507 4351 569 4423 ἧμιν
583 4371 707 4414 susorum,
719 4347 784 4405 ἴδιον
798 4370 850 4421 ’γαρ
864 4346 921 4403 ἔστι
937 4368 984 4410 της
998 4344 1091 4408 tectae
1105 4341 1197 4408 dorsu,
1216 4364 1259 4397 sat
1274 4362 1383 4404 ποιοτης
1403 4340 1479 4404 eiusce
1490 4346 1523 4385 stt

377 4441 522 4513 ᾰγιοτητος
536 4438 627 4494 duros.
