<?xml version="1.0" encoding="UTF-8"?>
<!DOCTYPE html PUBLIC "-//W3C//DTD XHTML 1.0 Transitional//EN"
    "http://www.w3.org/TR/xhtml1/DTD/xhtml1-transitional.dtd">
<html xmlns="http://www.w3.org/1999/xhtml" xml:lang="en" lang="en">
 <head>
  <title>
</title>
<meta http-equiv="Content-Type" content="text/html;charset=utf-8" />
  <meta name='ocr-system' content='tesseract 3.04.00' />
  <meta name='ocr-capabilities' content='ocr_page ocr_carea ocr_par ocr_line ocrx_word'/>
</head>
<body>
  <div class='ocr_page' id='page_1' title='image "./tractatusdedeot00frangoog/tractatusdedeot00frangoog_0570.png"; bbox 0 0 3172 4950; ppageno 0'>
   <div class='ocr_carea' id='block_1_1' title="bbox 164 436 1392 4280">
    <p class='ocr_par' dir='ltr' id='par_1_1' title="bbox 164 436 1391 3848">
     <span class='ocr_line' id='line_1_1' title="bbox 206 436 1386 530; baseline -0.002 -23"><span class='ocrx_word' id='word_1_1' title='bbox 206 438 242 507; x_wconf 92' lang='grc'><strong>61</strong></span> <span class='ocrx_word' id='word_1_2' title='bbox 265 439 485 530; x_wconf 72' lang='lat' dir='ltr'><strong>meipsum.»</strong></span> <span class='ocrx_word' id='word_1_3' title='bbox 511 439 651 511; x_wconf 85' lang='lat' dir='ltr'><strong>Iiodnm</strong></span> <span class='ocrx_word' id='word_1_4' title='bbox 674 440 781 511; x_wconf 91' lang='lat' dir='ltr'><strong>huius</strong></span> <span class='ocrx_word' id='word_1_5' title='bbox 806 439 1006 511; x_wconf 80' lang='lat' dir='ltr'><strong>dilectionis</strong></span> <span class='ocrx_word' id='word_1_6' title='bbox 1028 443 1066 507; x_wconf 91' lang='grc'><strong>61</strong></span> <span class='ocrx_word' id='word_1_7' title='bbox 1089 436 1386 506; x_wconf 74' lang='lat' dir='ltr'><strong>manifestationis</strong></span> 
     </span>
     <span class='ocr_line' id='line_1_2' title="bbox 207 544 1382 640; baseline -0.002 -27"><span class='ocrx_word' id='word_1_8' title='bbox 207 544 377 617; x_wconf 86' lang='lat' dir='ltr'><strong>Christus</strong></span> <span class='ocrx_word' id='word_1_9' title='bbox 398 548 569 618; x_wconf 85' lang='lat' dir='ltr'><strong>Dominus</strong></span> <span class='ocrx_word' id='word_1_10' title='bbox 591 549 831 637; x_wconf 76' lang='lat' dir='ltr'><strong>interrogatus</strong></span> <span class='ocrx_word' id='word_1_11' title='bbox 853 549 897 616; x_wconf 88' lang='lat' dir='ltr'><strong>ab</strong></span> <span class='ocrx_word' id='word_1_12' title='bbox 920 547 1101 640; x_wconf 85' lang='lat' dir='ltr'><strong>Apostolis</strong></span> <span class='ocrx_word' id='word_1_13' title='bbox 1131 544 1288 613; x_wconf 81' lang='lat' dir='ltr'><strong>declarat</strong></span> <span class='ocrx_word' id='word_1_14' title='bbox 1310 545 1382 613; x_wconf 91' lang='lat' dir='ltr'><strong>ita:</strong></span> 
     </span>
     <span class='ocr_line' id='line_1_3' title="bbox 213 653 1386 746; baseline -0.003 -26"><span class='ocrx_word' id='word_1_15' title='bbox 213 654 356 725; x_wconf 75' lang='lat' dir='ltr'><strong>«Pater</strong></span> <span class='ocrx_word' id='word_1_16' title='bbox 378 678 474 725; x_wconf 85' lang='lat' dir='ltr'><strong>meus</strong></span> <span class='ocrx_word' id='word_1_17' title='bbox 498 656 627 746; x_wconf 79' lang='lat' dir='ltr'><strong>diliget</strong></span> <span class='ocrx_word' id='word_1_18' title='bbox 648 679 749 742; x_wconf 86' lang='lat' dir='ltr'><strong>eum,</strong></span> <span class='ocrx_word' id='word_1_19' title='bbox 776 663 812 726; x_wconf 87' lang='lat' dir='ltr'><strong>et</strong></span> <span class='ocrx_word' id='word_1_20' title='bbox 835 656 881 724; x_wconf 86' lang='lat' dir='ltr'><strong>ad</strong></span> <span class='ocrx_word' id='word_1_21' title='bbox 905 681 977 723; x_wconf 86' lang='lat' dir='ltr'><strong>eum</strong></span> <span class='ocrx_word' id='word_1_22' title='bbox 998 657 1167 723; x_wconf 84' lang='lat' dir='ltr'><strong>veniemus</strong></span> <span class='ocrx_word' id='word_1_23' title='bbox 1192 667 1223 718; x_wconf 86' lang='lat' dir='ltr'><strong>et</strong></span> <span class='ocrx_word' id='word_1_24' title='bbox 1239 653 1386 717; x_wconf 83' lang='lat' dir='ltr'><strong>mansio-</strong></span> 
     </span>
     <span class='ocr_line' id='line_1_4' title="bbox 209 755 1382 854; baseline -0.004 -26"><span class='ocrx_word' id='word_1_25' title='bbox 209 785 287 829; x_wconf 81' lang='lat' dir='ltr'><strong>nem</strong></span> <span class='ocrx_word' id='word_1_26' title='bbox 321 761 415 854; x_wconf 84' lang='lat' dir='ltr'><strong>apud</strong></span> <span class='ocrx_word' id='word_1_27' title='bbox 445 786 519 830; x_wconf 79' lang='lat' dir='ltr'><strong>cum</strong></span> <span class='ocrx_word' id='word_1_28' title='bbox 540 763 749 852; x_wconf 73' lang='lat' dir='ltr'><strong>satiemusn</strong></span> <span class='ocrx_word' id='word_1_29' title='bbox 788 760 852 852; x_wconf 86' lang='grc' dir='ltr'>(και</span> <span class='ocrx_word' id='word_1_30' title='bbox 880 785 971 851; x_wconf 74' lang='lat' dir='ltr'><strong>pauno</strong></span> <span class='ocrx_word' id='word_1_31' title='bbox 1005 757 1066 853; x_wconf 81' lang='grc' dir='ltr'><strong>παῤ</strong></span> <span class='ocrx_word' id='word_1_32' title='bbox 1097 756 1178 849; x_wconf 68' lang='lat' dir='ltr'><strong>eiuro</strong></span> <span class='ocrx_word' id='word_1_33' title='bbox 1208 755 1382 847; x_wconf 78' lang='grc' dir='ltr'>ποιησομεν)</span> 
     </span>
     <span class='ocr_line' id='line_1_5' title="bbox 210 867 1387 963; baseline -0.001 -27"><span class='ocrx_word' id='word_1_34' title='bbox 210 869 262 938; x_wconf 90' lang='lat' dir='ltr'><strong>Io.</strong></span> <span class='ocrx_word' id='word_1_35' title='bbox 277 870 378 940; x_wconf 86' lang='lat' dir='ltr'>XIV.</span> <span class='ocrx_word' id='word_1_36' title='bbox 397 871 452 940; x_wconf 78' lang='lat'><strong>21.</strong></span> <span class='ocrx_word' id='word_1_37' title='bbox 472 895 562 963; x_wconf 86' lang='lat' dir='ltr'><strong>sqq.;</strong></span> <span class='ocrx_word' id='word_1_38' title='bbox 582 872 765 941; x_wconf 84' lang='lat'>1.10.111.</span> <span class='ocrx_word' id='word_1_39' title='bbox 785 873 841 942; x_wconf 83' lang='lat'><strong>24.</strong></span> <span class='ocrx_word' id='word_1_40' title='bbox 860 873 921 961; x_wconf 83' lang='grc'><strong>(61.</strong></span> <span class='ocrx_word' id='word_1_41' title='bbox 937 891 1044 960; x_wconf 88' lang='lat' dir='ltr'><strong>supra</strong></span> <span class='ocrx_word' id='word_1_42' title='bbox 1060 869 1154 959; x_wconf 74' lang='lat' dir='ltr'><strong>pta.</strong></span> <span class='ocrx_word' id='word_1_43' title='bbox 1173 868 1255 938; x_wconf 85' lang='lat' dir='ltr'><strong>vide</strong></span> <span class='ocrx_word' id='word_1_44' title='bbox 1274 867 1387 936; x_wconf 84' lang='lat' dir='ltr'><strong>Atha-</strong></span> 
     </span>
     <span class='ocr_line' id='line_1_6' title="bbox 210 974 1387 1068; baseline -0.003 -24"><span class='ocrx_word' id='word_1_45' title='bbox 210 998 288 1051; x_wconf 83' lang='lat' dir='ltr'><strong>mas.</strong></span> <span class='ocrx_word' id='word_1_46' title='bbox 302 978 348 1046; x_wconf 91' lang='lat' dir='ltr'><strong>ad</strong></span> <span class='ocrx_word' id='word_1_47' title='bbox 361 977 481 1068; x_wconf 84' lang='lat' dir='ltr'><strong>Serap.</strong></span> <span class='ocrx_word' id='word_1_48' title='bbox 496 979 526 1046; x_wconf 89' lang='grc' dir='ltr'><strong>Ι.</strong></span> <span class='ocrx_word' id='word_1_49' title='bbox 541 1002 576 1046; x_wconf 89' lang='lat' dir='ltr'><strong>n.</strong></span> <span class='ocrx_word' id='word_1_50' title='bbox 592 977 645 1065; x_wconf 76' lang='lat'><strong>313</strong></span> <span class='ocrx_word' id='word_1_51' title='bbox 664 978 793 1067; x_wconf 87' lang='lat' dir='ltr'><strong>Cyrill.</strong></span> <span class='ocrx_word' id='word_1_52' title='bbox 811 980 848 1048; x_wconf 91' lang='lat' dir='ltr'><strong>in</strong></span> <span class='ocrx_word' id='word_1_53' title='bbox 863 979 914 1046; x_wconf 87' lang='lat' dir='ltr'><strong>Io.</strong></span> <span class='ocrx_word' id='word_1_54' title='bbox 930 1001 964 1067; x_wconf 90' lang='lat' dir='ltr'><strong>p.</strong></span> <span class='ocrx_word' id='word_1_55' title='bbox 981 976 1060 1044; x_wconf 81' lang='lat'>830.</span> <span class='ocrx_word' id='word_1_56' title='bbox 1078 974 1187 1059; x_wconf 80' lang='grc'><strong>831).</strong></span> <span class='ocrx_word' id='word_1_57' title='bbox 1206 974 1304 1043; x_wconf 71' lang='lat' dir='ltr'><strong>«Vos</strong></span> <span class='ocrx_word' id='word_1_58' title='bbox 1327 995 1387 1041; x_wconf 88' lang='lat' dir='ltr'><strong>au·</strong></span> 
     </span>
     <span class='ocr_line' id='line_1_7' title="bbox 209 1080 1388 1174; baseline -0.008 -22"><span class='ocrx_word' id='word_1_59' title='bbox 209 1088 281 1152; x_wconf 74' lang='lat' dir='ltr'><strong>tom</strong></span> <span class='ocrx_word' id='word_1_60' title='bbox 297 1084 336 1152; x_wconf 90' lang='lat' dir='ltr'><strong>in</strong></span> <span class='ocrx_word' id='word_1_61' title='bbox 354 1106 458 1154; x_wconf 89' lang='lat' dir='ltr'><strong>carne</strong></span> <span class='ocrx_word' id='word_1_62' title='bbox 480 1107 548 1154; x_wconf 91' lang='lat' dir='ltr'><strong>non</strong></span> <span class='ocrx_word' id='word_1_63' title='bbox 572 1083 660 1153; x_wconf 87' lang='lat' dir='ltr'><strong>ostis</strong></span> <span class='ocrx_word' id='word_1_64' title='bbox 678 1084 738 1153; x_wconf 86' lang='lat' dir='ltr'><strong>sed</strong></span> <span class='ocrx_word' id='word_1_65' title='bbox 762 1083 800 1152; x_wconf 90' lang='lat' dir='ltr'><strong>in</strong></span> <span class='ocrx_word' id='word_1_66' title='bbox 817 1084 960 1174; x_wconf 89' lang='lat' dir='ltr'><strong>spiritu,</strong></span> <span class='ocrx_word' id='word_1_67' title='bbox 973 1081 1005 1150; x_wconf 89' lang='lat' dir='ltr'><strong>si</strong></span> <span class='ocrx_word' id='word_1_68' title='bbox 1021 1087 1137 1151; x_wconf 84' lang='lat' dir='ltr'><strong>tamen</strong></span> <span class='ocrx_word' id='word_1_69' title='bbox 1153 1081 1309 1169; x_wconf 75' lang='lat' dir='ltr'><strong>Spiritus</strong></span> <span class='ocrx_word' id='word_1_70' title='bbox 1321 1080 1388 1145; x_wconf 83' lang='lat' dir='ltr'><strong>Dei</strong></span> 
     </span>
     <span class='ocr_line' id='line_1_8' title="bbox 210 1182 1386 1281; baseline 0.004 -34"><span class='ocrx_word' id='word_1_71' title='bbox 210 1182 351 1249; x_wconf 79' lang='lat' dir='ltr'><strong>tubitet</strong></span> <span class='ocrx_word' id='word_1_72' title='bbox 375 1186 413 1250; x_wconf 83' lang='lat' dir='ltr'><strong>in</strong></span> <span class='ocrx_word' id='word_1_73' title='bbox 436 1188 531 1253; x_wconf 80' lang='lat' dir='ltr'><strong>uobis</strong></span> <span class='ocrx_word' id='word_1_74' title='bbox 557 1186 640 1275; x_wconf 77' lang='grc' dir='ltr'>(ὂικει</span> <span class='ocrx_word' id='word_1_75' title='bbox 665 1187 695 1255; x_wconf 81' lang='grc' dir='ltr'><strong>ἐν</strong></span> <span class='ocrx_word' id='word_1_76' title='bbox 721 1183 864 1280; x_wconf 53' lang='lat' dir='ltr'><strong>ipsulm</strong></span> <span class='ocrx_word' id='word_1_77' title='bbox 899 1191 939 1260; x_wconf 85' lang='lat' dir='ltr'><strong>Si</strong></span> <span class='ocrx_word' id='word_1_78' title='bbox 963 1189 1122 1281; x_wconf 78' lang='lat' dir='ltr'><strong>Spiritus</strong></span> <span class='ocrx_word' id='word_1_79' title='bbox 1145 1188 1222 1257; x_wconf 83' lang='lat' dir='ltr'><strong>eius</strong></span> <span class='ocrx_word' id='word_1_80' title='bbox 1246 1185 1306 1277; x_wconf 87' lang='lat' dir='ltr'><strong>qui</strong></span> <span class='ocrx_word' id='word_1_81' title='bbox 1330 1207 1386 1253; x_wconf 87' lang='lat' dir='ltr'><strong>su·</strong></span> 
     </span>
     <span class='ocr_line' id='line_1_9' title="bbox 209 1288 1388 1368; baseline 0.004 -12"><span class='ocrx_word' id='word_1_82' title='bbox 209 1288 362 1360; x_wconf 74' lang='lat' dir='ltr'><strong>sucitavit</strong></span> <span class='ocrx_word' id='word_1_83' title='bbox 382 1291 497 1362; x_wconf 85' lang='lat' dir='ltr'><strong>Iesum</strong></span> <span class='ocrx_word' id='word_1_84' title='bbox 522 1319 544 1364; x_wconf 88' lang='lat' dir='ltr'><strong>a</strong></span> <span class='ocrx_word' id='word_1_85' title='bbox 566 1298 714 1368; x_wconf 83' lang='lat' dir='ltr'><strong>mortuis</strong></span> <span class='ocrx_word' id='word_1_86' title='bbox 740 1299 877 1365; x_wconf 78' lang='lat' dir='ltr'><strong>dabitat</strong></span> <span class='ocrx_word' id='word_1_87' title='bbox 900 1300 938 1364; x_wconf 85' lang='lat' dir='ltr'><strong>in</strong></span> <span class='ocrx_word' id='word_1_88' title='bbox 961 1299 1097 1366; x_wconf 84' lang='lat' dir='ltr'><strong>robis...</strong></span> <span class='ocrx_word' id='word_1_89' title='bbox 1131 1294 1330 1365; x_wconf 85' lang='lat' dir='ltr'><strong>vivificabit</strong></span> <span class='ocrx_word' id='word_1_90' title='bbox 1352 1297 1388 1362; x_wconf 88' lang='grc'><strong>61</strong></span> 
     </span>
     <span class='ocr_line' id='line_1_10' title="bbox 209 1396 1388 1494; baseline 0.003 -32"><span class='ocrx_word' id='word_1_91' title='bbox 209 1396 377 1465; x_wconf 83' lang='lat' dir='ltr'><strong>mortalia</strong></span> <span class='ocrx_word' id='word_1_92' title='bbox 398 1422 543 1491; x_wconf 89' lang='lat' dir='ltr'><strong>corpora</strong></span> <span class='ocrx_word' id='word_1_93' title='bbox 565 1409 685 1474; x_wconf 87' lang='lat' dir='ltr'><strong>vestra</strong></span> <span class='ocrx_word' id='word_1_94' title='bbox 701 1420 848 1494; x_wconf 80' lang='lat' dir='ltr'><strong>propter</strong></span> <span class='ocrx_word' id='word_1_95' title='bbox 863 1405 1115 1472; x_wconf 76' lang='lat' dir='ltr'><strong>inhabitantem</strong></span> <span class='ocrx_word' id='word_1_96' title='bbox 1132 1403 1304 1492; x_wconf 80' lang='lat' dir='ltr'><strong>Spiritum</strong></span> <span class='ocrx_word' id='word_1_97' title='bbox 1316 1401 1388 1466; x_wconf 83' lang='lat' dir='ltr'><strong>sius</strong></span> 
     </span>
     <span class='ocr_line' id='line_1_11' title="bbox 211 1500 1386 1600; baseline 0.004 -31"><span class='ocrx_word' id='word_1_98' title='bbox 211 1506 251 1569; x_wconf 83' lang='lat' dir='ltr'><strong>in</strong></span> <span class='ocrx_word' id='word_1_99' title='bbox 264 1505 360 1572; x_wconf 84' lang='lat' dir='ltr'><strong>vobis</strong></span> <span class='ocrx_word' id='word_1_100' title='bbox 376 1500 439 1588; x_wconf 74' lang='lat' dir='ltr'><strong>(tu</strong></span> <span class='ocrx_word' id='word_1_101' title='bbox 460 1530 511 1573; x_wconf 83' lang='grc' dir='ltr'><strong>του</strong></span> <span class='ocrx_word' id='word_1_102' title='bbox 536 1505 711 1584; x_wconf 61' lang='lat' dir='ltr'><strong>incantantes</strong></span> <span class='ocrx_word' id='word_1_103' title='bbox 737 1507 829 1576; x_wconf 76' lang='grc' dir='ltr'>ἀυτου</span> <span class='ocrx_word' id='word_1_104' title='bbox 849 1533 1014 1598; x_wconf 74' lang='grc' dir='ltr'>πνευματος</span> <span class='ocrx_word' id='word_1_105' title='bbox 1043 1509 1072 1575; x_wconf 84' lang='grc' dir='ltr'><strong>ἐν</strong></span> <span class='ocrx_word' id='word_1_106' title='bbox 1090 1506 1215 1597; x_wconf 73' lang='grc' dir='ltr'><strong>ὗμιν)...</strong></span> <span class='ocrx_word' id='word_1_107' title='bbox 1231 1507 1386 1600; x_wconf 79' lang='lat' dir='ltr'><strong>quicum·</strong></span> 
     </span>
     <span class='ocr_line' id='line_1_12' title="bbox 210 1612 1387 1706; baseline -0.001 -28"><span class='ocrx_word' id='word_1_108' title='bbox 210 1631 278 1701; x_wconf 81' lang='lat' dir='ltr'><strong>quo</strong></span> <span class='ocrx_word' id='word_1_109' title='bbox 300 1612 440 1700; x_wconf 81' lang='lat' dir='ltr'><strong>Spiritu</strong></span> <span class='ocrx_word' id='word_1_110' title='bbox 463 1615 530 1680; x_wconf 84' lang='lat' dir='ltr'><strong>Dei</strong></span> <span class='ocrx_word' id='word_1_111' title='bbox 553 1632 726 1706; x_wconf 82' lang='lat' dir='ltr'><strong>cpuntur,</strong></span> <span class='ocrx_word' id='word_1_112' title='bbox 740 1619 768 1686; x_wconf 88' lang='lat' dir='ltr'><strong>ii</strong></span> <span class='ocrx_word' id='word_1_113' title='bbox 791 1624 875 1687; x_wconf 83' lang='lat' dir='ltr'><strong>sunt</strong></span> <span class='ocrx_word' id='word_1_114' title='bbox 889 1617 1078 1686; x_wconf 86' lang='lat' dir='ltr'><strong>filiiDei...</strong></span> <span class='ocrx_word' id='word_1_115' title='bbox 1105 1616 1285 1704; x_wconf 84' lang='lat' dir='ltr'><strong>accepistis</strong></span> <span class='ocrx_word' id='word_1_116' title='bbox 1308 1614 1387 1703; x_wconf 81' lang='lat' dir='ltr'><strong>Spi-</strong></span> 
     </span>
     <span class='ocr_line' id='line_1_13' title="bbox 209 1718 1385 1817; baseline 0.006 -37"><span class='ocrx_word' id='word_1_117' title='bbox 209 1718 321 1783; x_wconf 85' lang='lat' dir='ltr'><strong>riturn</strong></span> <span class='ocrx_word' id='word_1_118' title='bbox 344 1718 543 1810; x_wconf 83' lang='lat' dir='ltr'><strong>adoptionis</strong></span> <span class='ocrx_word' id='word_1_119' title='bbox 551 1725 727 1812; x_wconf 82' lang='lat' dir='ltr'><strong>fitiorum,</strong></span> <span class='ocrx_word' id='word_1_120' title='bbox 745 1725 782 1793; x_wconf 92' lang='lat' dir='ltr'><strong>in</strong></span> <span class='ocrx_word' id='word_1_121' title='bbox 801 1748 867 1817; x_wconf 89' lang='lat' dir='ltr'><strong>qno</strong></span> <span class='ocrx_word' id='word_1_122' title='bbox 896 1725 1099 1794; x_wconf 87' lang='lat' dir='ltr'><strong>clamamus:</strong></span> <span class='ocrx_word' id='word_1_123' title='bbox 1119 1722 1221 1790; x_wconf 88' lang='lat' dir='ltr'><strong>Abba</strong></span> <span class='ocrx_word' id='word_1_124' title='bbox 1237 1720 1385 1809; x_wconf 81' lang='lat' dir='ltr'><strong>(Pater);</strong></span> 
     </span>
     <span class='ocr_line' id='line_1_14' title="bbox 212 1824 1387 1921; baseline 0.003 -32"><span class='ocrx_word' id='word_1_125' title='bbox 212 1824 290 1914; x_wconf 79' lang='lat' dir='ltr'><strong>ipso</strong></span> <span class='ocrx_word' id='word_1_126' title='bbox 326 1827 417 1895; x_wconf 82' lang='lat' dir='ltr'><strong>enim</strong></span> <span class='ocrx_word' id='word_1_127' title='bbox 440 1830 596 1918; x_wconf 74' lang='lat' dir='ltr'><strong>Spiritus</strong></span> <span class='ocrx_word' id='word_1_128' title='bbox 628 1835 857 1898; x_wconf 85' lang='lat' dir='ltr'><strong>testimonium</strong></span> <span class='ocrx_word' id='word_1_129' title='bbox 883 1832 1041 1921; x_wconf 77' lang='lat' dir='ltr'><strong>perhibet</strong></span> <span class='ocrx_word' id='word_1_130' title='bbox 1073 1832 1220 1920; x_wconf 81' lang='lat' dir='ltr'><strong>spiritui</strong></span> <span class='ocrx_word' id='word_1_131' title='bbox 1250 1842 1387 1907; x_wconf 79' lang='lat' dir='ltr'><strong>nostra,</strong></span> 
     </span>
     <span class='ocr_line' id='line_1_15' title="bbox 211 1932 1389 2028; baseline 0 -29"><span class='ocrx_word' id='word_1_132' title='bbox 211 1932 305 2023; x_wconf 90' lang='lat' dir='ltr'><strong>quod</strong></span> <span class='ocrx_word' id='word_1_133' title='bbox 328 1956 448 2004; x_wconf 90' lang='lat' dir='ltr'><strong>sumus</strong></span> <span class='ocrx_word' id='word_1_134' title='bbox 471 1937 539 2007; x_wconf 91' lang='lat' dir='ltr'><strong>filii</strong></span> <span class='ocrx_word' id='word_1_135' title='bbox 561 1938 669 2007; x_wconf 87' lang='lat' dir='ltr'><strong>Dei...</strong></span> <span class='ocrx_word' id='word_1_136' title='bbox 691 1939 866 2009; x_wconf 85' lang='lat' dir='ltr'><strong>Similiter</strong></span> <span class='ocrx_word' id='word_1_137' title='bbox 889 1946 1007 2009; x_wconf 90' lang='lat' dir='ltr'><strong>autem</strong></span> <span class='ocrx_word' id='word_1_138' title='bbox 1023 1945 1058 2007; x_wconf 89' lang='lat' dir='ltr'><strong>et</strong></span> <span class='ocrx_word' id='word_1_139' title='bbox 1074 1940 1232 2028; x_wconf 81' lang='lat' dir='ltr'><strong>Spiritus</strong></span> <span class='ocrx_word' id='word_1_140' title='bbox 1244 1933 1389 2001; x_wconf 86' lang='lat' dir='ltr'><strong>adiuuat</strong></span> 
     </span>
     <span class='ocr_line' id='line_1_16' title="bbox 210 2041 1387 2139; baseline 0.007 -36"><span class='ocrx_word' id='word_1_141' title='bbox 210 2041 449 2128; x_wconf 80' lang='lat' dir='ltr'><strong>infirmitatem</strong></span> <span class='ocrx_word' id='word_1_142' title='bbox 472 2062 624 2114; x_wconf 84' lang='lat' dir='ltr'><strong>nostram</strong></span> <span class='ocrx_word' id='word_1_143' title='bbox 636 2074 649 2129; x_wconf 90' lang='lat'><strong>,·</strong></span> <span class='ocrx_word' id='word_1_144' title='bbox 672 2071 752 2116; x_wconf 89' lang='lat' dir='ltr'><strong>nam</strong></span> <span class='ocrx_word' id='word_1_145' title='bbox 776 2049 860 2139; x_wconf 88' lang='lat' dir='ltr'><strong>quid</strong></span> <span class='ocrx_word' id='word_1_146' title='bbox 885 2070 1021 2117; x_wconf 87' lang='lat' dir='ltr'><strong>oremus</strong></span> <span class='ocrx_word' id='word_1_147' title='bbox 1045 2047 1139 2117; x_wconf 89' lang='lat' dir='ltr'><strong>sicut</strong></span> <span class='ocrx_word' id='word_1_148' title='bbox 1162 2050 1310 2137; x_wconf 83' lang='lat' dir='ltr'><strong>oportet,</strong></span> <span class='ocrx_word' id='word_1_149' title='bbox 1329 2065 1387 2111; x_wconf 85' lang='lat' dir='ltr'><strong>nc·</strong></span> 
     </span>
     <span class='ocr_line' id='line_1_17' title="bbox 210 2146 1389 2245; baseline 0.003 -32"><span class='ocrx_word' id='word_1_150' title='bbox 210 2146 357 2236; x_wconf 87' lang='lat' dir='ltr'><strong>scimus;</strong></span> <span class='ocrx_word' id='word_1_151' title='bbox 384 2152 443 2221; x_wconf 85' lang='lat' dir='ltr'><strong>sed</strong></span> <span class='ocrx_word' id='word_1_152' title='bbox 459 2154 532 2243; x_wconf 86' lang='lat' dir='ltr'><strong>ipso</strong></span> <span class='ocrx_word' id='word_1_153' title='bbox 549 2152 705 2244; x_wconf 87' lang='lat' dir='ltr'><strong>Spiritus</strong></span> <span class='ocrx_word' id='word_1_154' title='bbox 722 2154 879 2245; x_wconf 90' lang='lat' dir='ltr'><strong>postulat</strong></span> <span class='ocrx_word' id='word_1_155' title='bbox 893 2177 956 2245; x_wconf 88' lang='lat' dir='ltr'><strong>pro</strong></span> <span class='ocrx_word' id='word_1_156' title='bbox 971 2154 1071 2221; x_wconf 89' lang='lat' dir='ltr'><strong>nobis</strong></span> <span class='ocrx_word' id='word_1_157' title='bbox 1088 2152 1278 2242; x_wconf 82' lang='lat' dir='ltr'><strong>gemitibus</strong></span> <span class='ocrx_word' id='word_1_158' title='bbox 1292 2149 1389 2217; x_wconf 87' lang='lat' dir='ltr'><strong>inen-</strong></span> 
     </span>
     <span class='ocr_line' id='line_1_18' title="bbox 209 2257 1391 2344; baseline 0 -23"><span class='ocrx_word' id='word_1_159' title='bbox 209 2257 454 2328; x_wconf 87' lang='lat' dir='ltr'><strong>narrabilibus</strong></span> <span class='ocrx_word' id='word_1_160' title='bbox 471 2287 488 2323; x_wconf 84' lang='lat' dir='ltr'><strong>r</strong></span> <span class='ocrx_word' id='word_1_161' title='bbox 513 2261 617 2330; x_wconf 78' lang='lat' dir='ltr'><strong>Rom</strong></span> <span class='ocrx_word' id='word_1_162' title='bbox 629 2262 732 2332; x_wconf 90' lang='lat' dir='ltr'><strong>VIII.</strong></span> <span class='ocrx_word' id='word_1_163' title='bbox 748 2262 841 2331; x_wconf 81' lang='lat'><strong>9-27.</strong></span> <span class='ocrx_word' id='word_1_164' title='bbox 871 2291 887 2326; x_wconf 87' lang='lat' dir='ltr'><strong>u</strong></span> <span class='ocrx_word' id='word_1_165' title='bbox 902 2260 1074 2344; x_wconf 74' lang='lat' dir='ltr'><strong>Quoniam</strong></span> <span class='ocrx_word' id='word_1_166' title='bbox 1098 2260 1184 2328; x_wconf 87' lang='lat' dir='ltr'><strong>estis</strong></span> <span class='ocrx_word' id='word_1_167' title='bbox 1200 2258 1279 2342; x_wconf 91' lang='lat' dir='ltr'><strong>filii,</strong></span> <span class='ocrx_word' id='word_1_168' title='bbox 1294 2258 1391 2322; x_wconf 85' lang='lat' dir='ltr'><strong>misit</strong></span> 
     </span>
     <span class='ocr_line' id='line_1_19' title="bbox 209 2361 1386 2453; baseline 0.002 -27"><span class='ocrx_word' id='word_1_169' title='bbox 209 2361 306 2427; x_wconf 80' lang='lat' dir='ltr'><strong>Deus</strong></span> <span class='ocrx_word' id='word_1_170' title='bbox 328 2365 498 2453; x_wconf 80' lang='lat' dir='ltr'><strong>Spiritum</strong></span> <span class='ocrx_word' id='word_1_171' title='bbox 521 2369 614 2436; x_wconf 82' lang='lat' dir='ltr'><strong>Filii</strong></span> <span class='ocrx_word' id='word_1_172' title='bbox 636 2372 691 2435; x_wconf 88' lang='lat' dir='ltr'><strong>sui</strong></span> <span class='ocrx_word' id='word_1_173' title='bbox 715 2372 752 2433; x_wconf 86' lang='lat' dir='ltr'><strong>in</strong></span> <span class='ocrx_word' id='word_1_174' title='bbox 781 2369 883 2436; x_wconf 85' lang='lat' dir='ltr'><strong>corda</strong></span> <span class='ocrx_word' id='word_1_175' title='bbox 906 2382 1018 2435; x_wconf 83' lang='lat' dir='ltr'><strong>vestra</strong></span> <span class='ocrx_word' id='word_1_176' title='bbox 1035 2367 1253 2435; x_wconf 83' lang='lat' dir='ltr'><strong>clamantem:</strong></span> <span class='ocrx_word' id='word_1_177' title='bbox 1272 2363 1386 2445; x_wconf 85' lang='lat' dir='ltr'><strong>Abba,</strong></span> 
     </span>
     <span class='ocr_line' id='line_1_20' title="bbox 208 2466 1389 2568; baseline -0.001 -34"><span class='ocrx_word' id='word_1_178' title='bbox 208 2466 351 2538; x_wconf 72' lang='lat' dir='ltr'><strong>Pater»</strong></span> <span class='ocrx_word' id='word_1_179' title='bbox 371 2473 451 2542; x_wconf 85' lang='lat' dir='ltr'><strong>Gal.</strong></span> <span class='ocrx_word' id='word_1_180' title='bbox 466 2474 530 2544; x_wconf 89' lang='lat' dir='ltr'><strong>IV.</strong></span> <span class='ocrx_word' id='word_1_181' title='bbox 546 2477 579 2544; x_wconf 88' lang='grc'><strong>6.</strong></span> <span class='ocrx_word' id='word_1_182' title='bbox 601 2476 673 2544; x_wconf 84' lang='lat' dir='ltr'><strong>uIn</strong></span> <span class='ocrx_word' id='word_1_183' title='bbox 690 2499 757 2568; x_wconf 89' lang='lat' dir='ltr'><strong>qno</strong></span> <span class='ocrx_word' id='word_1_184' title='bbox 774 2476 945 2565; x_wconf 83' lang='lat' dir='ltr'><strong>(Christo)</strong></span> <span class='ocrx_word' id='word_1_185' title='bbox 964 2475 1141 2544; x_wconf 77' lang='lat' dir='ltr'><strong>credentes</strong></span> <span class='ocrx_word' id='word_1_186' title='bbox 1157 2473 1293 2562; x_wconf 74' lang='lat' dir='ltr'><strong>sipnati</strong></span> <span class='ocrx_word' id='word_1_187' title='bbox 1308 2471 1389 2535; x_wconf 81' lang='lat' dir='ltr'><strong>estis</strong></span> 
     </span>
     <span class='ocr_line' id='line_1_21' title="bbox 209 2575 1391 2676; baseline 0.001 -33"><span class='ocrx_word' id='word_1_188' title='bbox 209 2575 352 2664; x_wconf 79' lang='lat' dir='ltr'><strong>Spiritu</strong></span> <span class='ocrx_word' id='word_1_189' title='bbox 376 2584 618 2669; x_wconf 74' lang='lat' dir='ltr'><strong>promissionis</strong></span> <span class='ocrx_word' id='word_1_190' title='bbox 651 2584 775 2651; x_wconf 85' lang='lat' dir='ltr'><strong>Sancto</strong></span> <span class='ocrx_word' id='word_1_191' title='bbox 807 2577 1056 2676; x_wconf 56' lang='lat' dir='ltr'><strong>(ioppcytobcss</strong></span> <span class='ocrx_word' id='word_1_192' title='bbox 1086 2604 1127 2670; x_wconf 87' lang='grc' dir='ltr'><strong>τῳ</strong></span> <span class='ocrx_word' id='word_1_193' title='bbox 1160 2602 1304 2667; x_wconf 70' lang='lat' dir='ltr'><strong>nucupata</strong></span> <span class='ocrx_word' id='word_1_194' title='bbox 1337 2599 1391 2650; x_wconf 84' lang='grc' dir='ltr'><strong>της</strong></span> 
     </span>
     <span class='ocr_line' id='line_1_22' title="bbox 209 2677 1389 2784; baseline 0.006 -37"><span class='ocrx_word' id='word_1_195' title='bbox 209 2677 397 2772; x_wconf 70' lang='grc' dir='ltr'><strong><em>ἐπαγγελιας</em></strong></span> <span class='ocrx_word' id='word_1_196' title='bbox 421 2709 462 2776; x_wconf 87' lang='grc' dir='ltr'><strong>τῳ</strong></span> <span class='ocrx_word' id='word_1_197' title='bbox 482 2685 588 2778; x_wconf 74' lang='grc' dir='ltr'><strong>ἁγιῳ),</strong></span> <span class='ocrx_word' id='word_1_198' title='bbox 618 2691 678 2782; x_wconf 88' lang='lat' dir='ltr'><strong>qui</strong></span> <span class='ocrx_word' id='word_1_199' title='bbox 694 2698 748 2761; x_wconf 90' lang='grc'><strong>661</strong></span> <span class='ocrx_word' id='word_1_200' title='bbox 760 2695 893 2782; x_wconf 81' lang='lat' dir='ltr'><strong>pipnus</strong></span> <span class='ocrx_word' id='word_1_201' title='bbox 920 2684 1087 2784; x_wconf 66' lang='lat' dir='ltr'><strong>(aptatur)</strong></span> <span class='ocrx_word' id='word_1_202' title='bbox 1107 2690 1157 2779; x_wconf 91' lang='grc'><strong>(1)</strong></span> <span class='ocrx_word' id='word_1_203' title='bbox 1182 2687 1389 2757; x_wconf 79' lang='lat' dir='ltr'><strong>hereditatis</strong></span> 
     </span>
     <span class='ocr_line' id='line_1_23' title="bbox 208 2793 1388 2886; baseline 0.004 -30"><span class='ocrx_word' id='word_1_204' title='bbox 208 2793 861 2885; x_wconf 62' lang='grc' dir='ltr'><strong>66611661111111.Ι.13.14.;1061.</strong></span> <span class='ocrx_word' id='word_1_205' title='bbox 888 2799 1024 2886; x_wconf 78' lang='lat'><strong>1.22.;</strong></span> <span class='ocrx_word' id='word_1_206' title='bbox 1053 2798 1098 2868; x_wconf 87' lang='lat' dir='ltr'><strong>V.</strong></span> <span class='ocrx_word' id='word_1_207' title='bbox 1112 2798 1144 2865; x_wconf 85' lang='lat' dir='ltr'><strong>b.</strong></span> <span class='ocrx_word' id='word_1_208' title='bbox 1168 2796 1257 2863; x_wconf 86' lang='lat' dir='ltr'><strong>uAn</strong></span> <span class='ocrx_word' id='word_1_209' title='bbox 1279 2793 1388 2863; x_wconf 87' lang='lat' dir='ltr'><strong>nesci·</strong></span> 
     </span>
     <span class='ocr_line' id='line_1_24' title="bbox 208 2897 1388 2995; baseline 0.002 -31"><span class='ocrx_word' id='word_1_210' title='bbox 208 2897 273 2982; x_wconf 81' lang='lat' dir='ltr'><strong>tis,</strong></span> <span class='ocrx_word' id='word_1_211' title='bbox 292 2901 454 2990; x_wconf 88' lang='lat' dir='ltr'><strong>quoniam</strong></span> <span class='ocrx_word' id='word_1_212' title='bbox 481 2904 627 2971; x_wconf 81' lang='lat' dir='ltr'><strong>ntcmbra</strong></span> <span class='ocrx_word' id='word_1_213' title='bbox 654 2921 766 2973; x_wconf 85' lang='lat' dir='ltr'><strong>vestra</strong></span> <span class='ocrx_word' id='word_1_214' title='bbox 793 2908 953 2995; x_wconf 86' lang='lat' dir='ltr'><strong>templum</strong></span> <span class='ocrx_word' id='word_1_215' title='bbox 971 2921 1051 2973; x_wconf 84' lang='lat' dir='ltr'><strong>sunt</strong></span> <span class='ocrx_word' id='word_1_216' title='bbox 1078 2907 1235 2995; x_wconf 82' lang='lat' dir='ltr'><strong>Spiritus</strong></span> <span class='ocrx_word' id='word_1_217' title='bbox 1252 2904 1388 2982; x_wconf 82' lang='lat' dir='ltr'><strong>Sancti,</strong></span> 
     </span>
     <span class='ocr_line' id='line_1_25' title="bbox 210 3006 1390 3102; baseline 0.005 -34"><span class='ocrx_word' id='word_1_218' title='bbox 210 3006 278 3093; x_wconf 80' lang='lat' dir='ltr'><strong>qui</strong></span> <span class='ocrx_word' id='word_1_219' title='bbox 309 3009 347 3070; x_wconf 87' lang='lat' dir='ltr'><strong>in</strong></span> <span class='ocrx_word' id='word_1_220' title='bbox 376 3009 471 3074; x_wconf 84' lang='lat' dir='ltr'><strong>cobis</strong></span> <span class='ocrx_word' id='word_1_221' title='bbox 501 3025 549 3077; x_wconf 86' lang='lat' dir='ltr'><strong>est</strong></span> <span class='ocrx_word' id='word_1_222' title='bbox 563 3058 574 3094; x_wconf 95' lang='lat'><strong>,</strong></span> <span class='ocrx_word' id='word_1_223' title='bbox 604 3037 701 3102; x_wconf 82' lang='lat' dir='ltr'><strong>quent</strong></span> <span class='ocrx_word' id='word_1_224' title='bbox 732 3014 864 3080; x_wconf 75' lang='lat' dir='ltr'><strong>habetis</strong></span> <span class='ocrx_word' id='word_1_225' title='bbox 896 3039 917 3079; x_wconf 89' lang='lat' dir='ltr'><strong>a</strong></span> <span class='ocrx_word' id='word_1_226' title='bbox 949 3015 1019 3080; x_wconf 82' lang='lat' dir='ltr'><strong>Deo</strong></span> <span class='ocrx_word' id='word_1_227' title='bbox 1052 3013 1117 3102; x_wconf 76' lang='grc' dir='ltr'><strong>(του</strong></span> <span class='ocrx_word' id='word_1_228' title='bbox 1146 3015 1175 3077; x_wconf 82' lang='grc' dir='ltr'><strong>ἐν</strong></span> <span class='ocrx_word' id='word_1_229' title='bbox 1208 3012 1273 3100; x_wconf 72' lang='lat' dir='ltr'><strong>ripa</strong></span> <span class='ocrx_word' id='word_1_230' title='bbox 1303 3010 1390 3101; x_wconf 73' lang='grc' dir='ltr'><em>ἅγιον</em></span> 
     </span>
     <span class='ocr_line' id='line_1_26' title="bbox 209 3113 1386 3210; baseline 0.008 -34"><span class='ocrx_word' id='word_1_231' title='bbox 209 3132 405 3198; x_wconf 78' lang='grc' dir='ltr'><strong>πνευματος,</strong></span> <span class='ocrx_word' id='word_1_232' title='bbox 432 3115 466 3181; x_wconf 76' lang='lat' dir='ltr'><strong>tu</strong></span> <span class='ocrx_word' id='word_1_233' title='bbox 482 3113 567 3203; x_wconf 78' lang='grc' dir='ltr'><strong>ἔχετε</strong></span> <span class='ocrx_word' id='word_1_234' title='bbox 587 3115 649 3184; x_wconf 84' lang='lat' dir='ltr'><strong>cino</strong></span> <span class='ocrx_word' id='word_1_235' title='bbox 674 3113 789 3210; x_wconf 66' lang='lat' dir='ltr'><strong>Secu),</strong></span> <span class='ocrx_word' id='word_1_236' title='bbox 819 3125 855 3188; x_wconf 89' lang='grc'><strong>61</strong></span> <span class='ocrx_word' id='word_1_237' title='bbox 877 3141 944 3187; x_wconf 91' lang='lat' dir='ltr'><strong>non</strong></span> <span class='ocrx_word' id='word_1_238' title='bbox 969 3119 1056 3189; x_wconf 88' lang='grc'><strong>66116</strong></span> <span class='ocrx_word' id='word_1_239' title='bbox 1079 3119 1221 3190; x_wconf 75' lang='lat' dir='ltr'><strong>vestris</strong></span> <span class='ocrx_word' id='word_1_240' title='bbox 1250 3119 1282 3187; x_wconf 89' lang='lat'><strong>1.</strong></span> <span class='ocrx_word' id='word_1_241' title='bbox 1309 3119 1386 3187; x_wconf 82' lang='lat' dir='ltr'><strong>Cor.</strong></span> 
     </span>
     <span class='ocr_line' id='line_1_27' title="bbox 209 3218 1390 3319; baseline 0.007 -32"><span class='ocrx_word' id='word_1_242' title='bbox 209 3218 278 3287; x_wconf 86' lang='lat' dir='ltr'><strong>VI.</strong></span> <span class='ocrx_word' id='word_1_243' title='bbox 294 3219 349 3290; x_wconf 83' lang='grc'><strong>19.</strong></span> <span class='ocrx_word' id='word_1_244' title='bbox 372 3223 474 3293; x_wconf 73' lang='lat' dir='ltr'><strong>«Vos</strong></span> <span class='ocrx_word' id='word_1_245' title='bbox 497 3226 584 3293; x_wconf 85' lang='lat' dir='ltr'><strong>estis</strong></span> <span class='ocrx_word' id='word_1_246' title='bbox 609 3229 770 3318; x_wconf 83' lang='lat' dir='ltr'><strong>templum</strong></span> <span class='ocrx_word' id='word_1_247' title='bbox 793 3229 861 3295; x_wconf 82' lang='lat' dir='ltr'><strong>Dei</strong></span> <span class='ocrx_word' id='word_1_248' title='bbox 883 3230 956 3295; x_wconf 87' lang='lat' dir='ltr'><strong>uiui</strong></span> <span class='ocrx_word' id='word_1_249' title='bbox 972 3228 1066 3297; x_wconf 89' lang='lat' dir='ltr'><strong>sicut</strong></span> <span class='ocrx_word' id='word_1_250' title='bbox 1081 3227 1171 3297; x_wconf 90' lang='lat' dir='ltr'><strong>dicit</strong></span> <span class='ocrx_word' id='word_1_251' title='bbox 1186 3227 1293 3296; x_wconf 86' lang='lat' dir='ltr'><strong>Deus:</strong></span> <span class='ocrx_word' id='word_1_252' title='bbox 1308 3249 1390 3319; x_wconf 89' lang='lat' dir='ltr'><strong>quo-</strong></span> 
     </span>
     <span class='ocr_line' id='line_1_28' title="bbox 210 3327 1390 3424; baseline 0.003 -30"><span class='ocrx_word' id='word_1_253' title='bbox 210 3327 308 3395; x_wconf 87' lang='lat' dir='ltr'><strong>niam</strong></span> <span class='ocrx_word' id='word_1_254' title='bbox 332 3331 534 3398; x_wconf 75' lang='lat' dir='ltr'><strong>inhabitabo</strong></span> <span class='ocrx_word' id='word_1_255' title='bbox 559 3336 596 3399; x_wconf 90' lang='lat' dir='ltr'><strong>in</strong></span> <span class='ocrx_word' id='word_1_256' title='bbox 621 3337 669 3401; x_wconf 87' lang='lat' dir='ltr'><strong>eie</strong></span> <span class='ocrx_word' id='word_1_257' title='bbox 693 3351 724 3402; x_wconf 84' lang='lat' dir='ltr'><strong>et</strong></span> <span class='ocrx_word' id='word_1_258' title='bbox 748 3335 967 3401; x_wconf 87' lang='lat' dir='ltr'><strong>inambulabo</strong></span> <span class='ocrx_word' id='word_1_259' title='bbox 986 3338 1077 3401; x_wconf 83' lang='lat' dir='ltr'><strong>inter</strong></span> <span class='ocrx_word' id='word_1_260' title='bbox 1101 3359 1154 3402; x_wconf 81' lang='lat' dir='ltr'><strong>cos</strong></span> <span class='ocrx_word' id='word_1_261' title='bbox 1172 3328 1228 3424; x_wconf 77' lang='lat' dir='ltr'><strong>(irs</strong></span> <span class='ocrx_word' id='word_1_262' title='bbox 1246 3331 1390 3402; x_wconf 78' lang='grc' dir='ltr'><strong>ἐνοικησω</strong></span> 
     </span>
     <span class='ocr_line' id='line_1_29' title="bbox 211 3429 1386 3534; baseline 0.009 -36"><span class='ocrx_word' id='word_1_263' title='bbox 211 3429 243 3498; x_wconf 80' lang='grc' dir='ltr'><strong>ἐν</strong></span> <span class='ocrx_word' id='word_1_264' title='bbox 261 3429 360 3510; x_wconf 68' lang='lat' dir='ltr'><strong>ciuica</strong></span> <span class='ocrx_word' id='word_1_265' title='bbox 381 3455 434 3501; x_wconf 82' lang='grc' dir='ltr'><strong>και</strong></span> <span class='ocrx_word' id='word_1_266' title='bbox 456 3439 717 3532; x_wconf 75' lang='grc' dir='ltr'>ἐμπεριπατησω),</span> <span class='ocrx_word' id='word_1_267' title='bbox 741 3450 777 3512; x_wconf 89' lang='grc'><strong>61</strong></span> <span class='ocrx_word' id='word_1_268' title='bbox 799 3465 858 3512; x_wconf 88' lang='grc'><strong>616</strong></span> <span class='ocrx_word' id='word_1_269' title='bbox 875 3442 1018 3511; x_wconf 88' lang='lat' dir='ltr'><strong>illorum</strong></span> <span class='ocrx_word' id='word_1_270' title='bbox 1033 3444 1128 3512; x_wconf 88' lang='lat' dir='ltr'><strong>Deus</strong></span> <span class='ocrx_word' id='word_1_271' title='bbox 1143 3449 1179 3512; x_wconf 91' lang='grc'><strong>61</strong></span> <span class='ocrx_word' id='word_1_272' title='bbox 1195 3443 1265 3534; x_wconf 89' lang='lat' dir='ltr'><strong>ipsi</strong></span> <span class='ocrx_word' id='word_1_273' title='bbox 1280 3448 1386 3512; x_wconf 80' lang='lat' dir='ltr'><strong>erunt</strong></span> 
     </span>
     <span class='ocr_line' id='line_1_30' title="bbox 211 3542 1390 3640; baseline 0.008 -32"><span class='ocrx_word' id='word_1_274' title='bbox 211 3542 301 3612; x_wconf 92' lang='lat' dir='ltr'><strong>mihi</strong></span> <span class='ocrx_word' id='word_1_275' title='bbox 324 3547 516 3635; x_wconf 86' lang='lat' dir='ltr'><strong>populus...</strong></span> <span class='ocrx_word' id='word_1_276' title='bbox 542 3555 659 3619; x_wconf 86' lang='grc'><strong>61616</strong></span> <span class='ocrx_word' id='word_1_277' title='bbox 682 3550 781 3620; x_wconf 84' lang='lat' dir='ltr'><strong>vobis</strong></span> <span class='ocrx_word' id='word_1_278' title='bbox 804 3551 842 3618; x_wconf 91' lang='lat' dir='ltr'><strong>in</strong></span> <span class='ocrx_word' id='word_1_279' title='bbox 864 3556 998 3640; x_wconf 85' lang='lat' dir='ltr'><strong>patrem</strong></span> <span class='ocrx_word' id='word_1_280' title='bbox 1023 3557 1059 3620; x_wconf 98' lang='grc'><strong>61</strong></span> <span class='ocrx_word' id='word_1_281' title='bbox 1083 3572 1146 3618; x_wconf 90' lang='lat' dir='ltr'><strong>vos</strong></span> <span class='ocrx_word' id='word_1_282' title='bbox 1176 3550 1278 3619; x_wconf 89' lang='grc'><strong>611116</strong></span> <span class='ocrx_word' id='word_1_283' title='bbox 1303 3548 1390 3618; x_wconf 87' lang='lat' dir='ltr'><strong>mihi</strong></span> 
     </span>
     <span class='ocr_line' id='line_1_31' title="bbox 211 3650 1388 3746; baseline 0.007 -29"><span class='ocrx_word' id='word_1_284' title='bbox 211 3651 252 3718; x_wconf 87' lang='lat' dir='ltr'><strong>iu</strong></span> <span class='ocrx_word' id='word_1_285' title='bbox 275 3650 368 3720; x_wconf 88' lang='lat' dir='ltr'><strong>filios</strong></span> <span class='ocrx_word' id='word_1_286' title='bbox 391 3659 427 3722; x_wconf 91' lang='grc'><strong>61</strong></span> <span class='ocrx_word' id='word_1_287' title='bbox 450 3655 555 3740; x_wconf 87' lang='lat' dir='ltr'><strong>filias,</strong></span> <span class='ocrx_word' id='word_1_288' title='bbox 582 3656 671 3726; x_wconf 90' lang='lat' dir='ltr'><strong>dicit</strong></span> <span class='ocrx_word' id='word_1_289' title='bbox 692 3657 861 3726; x_wconf 89' lang='lat' dir='ltr'><strong>Dominus</strong></span> <span class='ocrx_word' id='word_1_290' title='bbox 884 3656 1103 3746; x_wconf 80' lang='lat' dir='ltr'><strong>omnipotens</strong></span> <span class='ocrx_word' id='word_1_291' title='bbox 1122 3683 1139 3718; x_wconf 82' lang='lat' dir='ltr'><strong>u</strong></span> <span class='ocrx_word' id='word_1_292' title='bbox 1157 3656 1191 3723; x_wconf 80' lang='lat'><strong>2.</strong></span> <span class='ocrx_word' id='word_1_293' title='bbox 1207 3655 1285 3724; x_wconf 87' lang='lat' dir='ltr'><strong>Cor.</strong></span> <span class='ocrx_word' id='word_1_294' title='bbox 1304 3655 1388 3726; x_wconf 87' lang='lat' dir='ltr'><strong>VII.</strong></span> 
     </span>
     <span class='ocr_line' id='line_1_32' title="bbox 164 3756 717 3848; baseline 0.013 -25"><span class='ocrx_word' id='word_1_295' title='bbox 164 3774 170 3785; x_wconf 90' lang='lat'><strong>·</strong></span> <span class='ocrx_word' id='word_1_296' title='bbox 212 3756 270 3824; x_wconf 88' lang='grc'><strong>16.</strong></span> <span class='ocrx_word' id='word_1_297' title='bbox 285 3780 353 3848; x_wconf 82' lang='lat' dir='ltr'><strong>sq.;</strong></span> <span class='ocrx_word' id='word_1_298' title='bbox 365 3758 398 3826; x_wconf 93' lang='lat'><strong>1.</strong></span> <span class='ocrx_word' id='word_1_299' title='bbox 413 3759 490 3830; x_wconf 89' lang='lat' dir='ltr'><strong>Cor.</strong></span> <span class='ocrx_word' id='word_1_300' title='bbox 506 3761 575 3830; x_wconf 92' lang='grc' dir='ltr'><strong>ΠΙ.</strong></span> <span class='ocrx_word' id='word_1_301' title='bbox 589 3762 644 3831; x_wconf 85' lang='grc'><strong>16.</strong></span> <span class='ocrx_word' id='word_1_302' title='bbox 662 3763 717 3830; x_wconf 83' lang='grc'><strong>17.</strong></span> 
     </span>
    </p>

    <p class='ocr_par' dir='ltr' id='par_1_2' title="bbox 206 3862 1392 4280">
     <span class='ocr_line' id='line_1_33' title="bbox 279 3862 1391 3960; baseline 0.006 -31"><span class='ocrx_word' id='word_1_303' title='bbox 279 3862 330 3932; x_wconf 76' lang='lat'><strong>3¹¹.</strong></span> <span class='ocrx_word' id='word_1_304' title='bbox 349 3865 424 3932; x_wconf 84' lang='lat' dir='ltr'><strong>Iam</strong></span> <span class='ocrx_word' id='word_1_305' title='bbox 447 3866 477 3935; x_wconf 87' lang='lat' dir='ltr'><strong>si</strong></span> <span class='ocrx_word' id='word_1_306' title='bbox 503 3868 588 3937; x_wconf 87' lang='lat' dir='ltr'><strong>haec</strong></span> <span class='ocrx_word' id='word_1_307' title='bbox 612 3868 664 3936; x_wconf 85' lang='lat' dir='ltr'><strong>ita</strong></span> <span class='ocrx_word' id='word_1_308' title='bbox 681 3876 776 3954; x_wconf 89' lang='lat' dir='ltr'><strong>sunt,</strong></span> <span class='ocrx_word' id='word_1_309' title='bbox 792 3869 824 3938; x_wconf 90' lang='lat' dir='ltr'><strong>si</strong></span> <span class='ocrx_word' id='word_1_310' title='bbox 840 3869 1001 3960; x_wconf 88' lang='lat' dir='ltr'><strong>Spiritus</strong></span> <span class='ocrx_word' id='word_1_311' title='bbox 1014 3868 1165 3937; x_wconf 88' lang='lat' dir='ltr'><strong>Sanctus</strong></span> <span class='ocrx_word' id='word_1_312' title='bbox 1181 3867 1280 3938; x_wconf 87' lang='lat' dir='ltr'><strong>uobis</strong></span> <span class='ocrx_word' id='word_1_313' title='bbox 1304 3890 1391 3937; x_wconf 94' lang='lat' dir='ltr'><strong>com-</strong></span> 
     </span>
     <span class='ocr_line' id='line_1_34' title="bbox 209 3970 1389 4065; baseline 0.006 -28"><span class='ocrx_word' id='word_1_314' title='bbox 209 3970 410 4042; x_wconf 87' lang='lat' dir='ltr'><strong>municatus</strong></span> <span class='ocrx_word' id='word_1_315' title='bbox 434 3973 670 4064; x_wconf 85' lang='lat' dir='ltr'><strong>distinguitur</strong></span> <span class='ocrx_word' id='word_1_316' title='bbox 685 3997 707 4043; x_wconf 91' lang='lat' dir='ltr'><strong>a</strong></span> <span class='ocrx_word' id='word_1_317' title='bbox 724 3976 825 4045; x_wconf 90' lang='lat' dir='ltr'><strong>donis</strong></span> <span class='ocrx_word' id='word_1_318' title='bbox 841 3975 979 4065; x_wconf 82' lang='lat' dir='ltr'><strong>gratiae</strong></span> <span class='ocrx_word' id='word_1_319' title='bbox 997 3983 1038 4044; x_wconf 88' lang='lat' dir='ltr'><strong>ut</strong></span> <span class='ocrx_word' id='word_1_320' title='bbox 1053 3981 1175 4044; x_wconf 90' lang='lat' dir='ltr'><strong>auctor</strong></span> <span class='ocrx_word' id='word_1_321' title='bbox 1190 3977 1234 4044; x_wconf 88' lang='lat' dir='ltr'><strong>ab</strong></span> <span class='ocrx_word' id='word_1_322' title='bbox 1248 3977 1389 4061; x_wconf 85' lang='lat' dir='ltr'><strong>effectu,</strong></span> 
     </span>
     <span class='ocr_line' id='line_1_35' title="bbox 206 4081 1391 4175; baseline 0 -25"><span class='ocrx_word' id='word_1_323' title='bbox 206 4086 244 4150; x_wconf 92' lang='lat' dir='ltr'><strong>et</strong></span> <span class='ocrx_word' id='word_1_324' title='bbox 268 4081 377 4162; x_wconf 84' lang='grc'><strong>61661</strong></span> <span class='ocrx_word' id='word_1_325' title='bbox 399 4083 478 4171; x_wconf 89' lang='lat' dir='ltr'><strong>ipsa</strong></span> <span class='ocrx_word' id='word_1_326' title='bbox 501 4083 624 4152; x_wconf 89' lang='lat' dir='ltr'><strong>divina</strong></span> <span class='ocrx_word' id='word_1_327' title='bbox 646 4105 794 4173; x_wconf 87' lang='lat' dir='ltr'><strong>persona</strong></span> <span class='ocrx_word' id='word_1_328' title='bbox 817 4084 854 4151; x_wconf 91' lang='lat' dir='ltr'><strong>in</strong></span> <span class='ocrx_word' id='word_1_329' title='bbox 880 4106 928 4168; x_wconf 89' lang='lat' dir='ltr'><strong>se,</strong></span> <span class='ocrx_word' id='word_1_330' title='bbox 949 4105 1037 4175; x_wconf 87' lang='lat' dir='ltr'><strong>quae</strong></span> <span class='ocrx_word' id='word_1_331' title='bbox 1061 4083 1159 4151; x_wconf 91' lang='lat' dir='ltr'><strong>modo</strong></span> <span class='ocrx_word' id='word_1_332' title='bbox 1184 4105 1251 4174; x_wconf 89' lang='lat' dir='ltr'><strong>quo</strong></span> <span class='ocrx_word' id='word_1_333' title='bbox 1274 4082 1391 4173; x_wconf 89' lang='lat' dir='ltr'><strong>Scrip-</strong></span> 
     </span>
     <span class='ocr_line' id='line_1_36' title="bbox 206 4189 1392 4280; baseline 0 -23"><span class='ocrx_word' id='word_1_334' title='bbox 206 4195 312 4258; x_wconf 76' lang='grc'><strong>16166</strong></span> <span class='ocrx_word' id='word_1_335' title='bbox 336 4189 432 4280; x_wconf 90' lang='lat' dir='ltr'><strong>ipsae</strong></span> <span class='ocrx_word' id='word_1_336' title='bbox 464 4191 668 4276; x_wconf 89' lang='lat' dir='ltr'><strong>declarant,</strong></span> <span class='ocrx_word' id='word_1_337' title='bbox 694 4191 795 4259; x_wconf 90' lang='lat' dir='ltr'><strong>nobis</strong></span> <span class='ocrx_word' id='word_1_338' title='bbox 830 4192 936 4260; x_wconf 88' lang='lat' dir='ltr'><strong>datur</strong></span> <span class='ocrx_word' id='word_1_339' title='bbox 971 4198 1007 4260; x_wconf 91' lang='grc'><strong>61</strong></span> <span class='ocrx_word' id='word_1_340' title='bbox 1040 4190 1198 4259; x_wconf 86' lang='lat' dir='ltr'><strong>mittitur</strong></span> <span class='ocrx_word' id='word_1_341' title='bbox 1229 4196 1264 4258; x_wconf 91' lang='grc'><strong>61</strong></span> <span class='ocrx_word' id='word_1_342' title='bbox 1294 4189 1392 4280; x_wconf 86' lang='lat' dir='ltr'><strong>inha-</strong></span> 
     </span>
    </p>
   </div>
   <div class='ocr_carea' id='block_1_2' title="bbox 208 4332 1391 4497">
    <p class='ocr_par' dir='ltr' id='par_1_3' title="bbox 208 4332 1391 4497">
     <span class='ocr_line' id='line_1_37' title="bbox 264 4332 1391 4421; baseline 0.002 -35"><span class='ocrx_word' id='word_1_343' title='bbox 264 4332 365 4421; x_wconf 74' lang='grc'><strong>(11116</strong></span> <span class='ocrx_word' id='word_1_344' title='bbox 384 4339 481 4406; x_wconf 82' lang='grc'><strong>611116,</strong></span> <span class='ocrx_word' id='word_1_345' title='bbox 503 4354 575 4406; x_wconf 86' lang='lat' dir='ltr'><strong>quac</strong></span> <span class='ocrx_word' id='word_1_346' title='bbox 594 4341 640 4392; x_wconf 90' lang='grc'><strong>661</strong></span> <span class='ocrx_word' id='word_1_347' title='bbox 658 4337 803 4391; x_wconf 84' lang='lat' dir='ltr'><strong>inchoatio</strong></span> <span class='ocrx_word' id='word_1_348' title='bbox 832 4337 998 4405; x_wconf 83' lang='lat' dir='ltr'><strong>complenda</strong></span> <span class='ocrx_word' id='word_1_349' title='bbox 1020 4338 1052 4392; x_wconf 89' lang='lat' dir='ltr'><strong>iu</strong></span> <span class='ocrx_word' id='word_1_350' title='bbox 1071 4337 1183 4392; x_wconf 80' lang='lat' dir='ltr'><strong>visione</strong></span> <span class='ocrx_word' id='word_1_351' title='bbox 1203 4337 1302 4402; x_wconf 83' lang='lat' dir='ltr'><strong>beata,</strong></span> <span class='ocrx_word' id='word_1_352' title='bbox 1323 4333 1391 4392; x_wconf 79' lang='lat' dir='ltr'><strong>uide</strong></span> 
     </span>
     <span class='ocr_line' id='line_1_38' title="bbox 208 4424 1387 4497; baseline -0.001 -20"><span class='ocrx_word' id='word_1_353' title='bbox 208 4425 304 4479; x_wconf 83' lang='lat' dir='ltr'><strong>Basil.</strong></span> <span class='ocrx_word' id='word_1_354' title='bbox 313 4424 347 4481; x_wconf 85' lang='lat' dir='ltr'><strong>dc</strong></span> <span class='ocrx_word' id='word_1_355' title='bbox 355 4427 467 4497; x_wconf 84' lang='lat' dir='ltr'><strong>Spiritu</strong></span> <span class='ocrx_word' id='word_1_356' title='bbox 480 4426 583 4484; x_wconf 79' lang='lat' dir='ltr'><strong>Sancto</strong></span> <span class='ocrx_word' id='word_1_357' title='bbox 595 4444 624 4482; x_wconf 89' lang='lat' dir='ltr'><strong>n.</strong></span> <span class='ocrx_word' id='word_1_358' title='bbox 636 4427 682 4482; x_wconf 79' lang='grc'><strong>36.</strong></span> <span class='ocrx_word' id='word_1_359' title='bbox 692 4428 738 4481; x_wconf 85' lang='grc'><strong>40.</strong></span> <span class='ocrx_word' id='word_1_360' title='bbox 748 4431 778 4482; x_wconf 89' lang='grc'><strong>61</strong></span> <span class='ocrx_word' id='word_1_361' title='bbox 791 4428 845 4481; x_wconf 84' lang='grc' dir='ltr'><strong>ΡΡ.</strong></span> <span class='ocrx_word' id='word_1_362' title='bbox 857 4428 931 4482; x_wconf 81' lang='lat' dir='ltr'><strong>alios</strong></span> <span class='ocrx_word' id='word_1_363' title='bbox 945 4427 1019 4497; x_wconf 84' lang='lat' dir='ltr'><strong>apud</strong></span> <span class='ocrx_word' id='word_1_364' title='bbox 1029 4429 1128 4484; x_wconf 84' lang='lat' dir='ltr'><strong>Petav.</strong></span> <span class='ocrx_word' id='word_1_365' title='bbox 1141 4425 1387 4485; x_wconf 80' lang='lat' dir='ltr'><strong>1.vll1.o.4.n.o.</strong></span> 
     </span>
    </p>
   </div>
   <div class='ocr_carea' id='block_1_3' title="bbox 0 0 1593 4950">
    <p class='ocr_par' dir='ltr' id='par_1_4' title="bbox 0 0 1593 4950">
     <span class='ocr_line' id='line_1_39' title="bbox 0 0 1593 4950; baseline 0 0"><span class='ocrx_word' id='word_1_366' title='bbox 0 0 1593 4950; x_wconf 95' lang='lat' dir='ltr'><strong> </strong></span> 
     </span>
    </p>
   </div>
  </div>
 </body>
</html>
