3172 4950
188 417 475 510 onstsntinopoli
499 315 745 508 sesmondiz,
771 424 972 511 suspectum
993 417 1103 487 habeo
1130 415 1279 486 vocabu·

188 535 228 596 nt
243 527 460 598 imminuens
476 527 654 618 unigeniti
665 528 833 618 gloriamg
842 550 931 598 nam
943 529 981 597 in
998 526 1156 598 obscuris
1172 525 1279 614 etiam

188 635 425 706 oilstionibus
449 657 538 729 quae
553 637 743 728 plurimum
759 638 802 706 ab
817 636 1075 728 exemplaribus
1092 635 1275 719 differunt,

188 745 214 811 se
237 766 312 813 non
328 767 409 814 raro
425 743 604 836 concipere
619 744 769 815 solemus
784 773 801 810 n
819 752 886 816 etc.
899 744 1011 815 Basil.
1022 768 1075 836 ep.
1087 745 1120 815 9.
1132 743 1194 833 (al.
1204 741 1278 828 41.)

188 852 288 922 Vide
303 853 428 922 Petav.
439 851 466 920 l.
476 851 542 923 IV.
553 875 582 922 c.
596 853 629 922 6.

188 959 446 1053 luamyishaeo
469 958 669 1032 similitudo
691 960 887 1048 naturalis,
914 968 1021 1032 atax
1045 958 1153 1031 dictis
1168 964 1277 1051 patet,
1339 1021 1346 1033 .

188 1067 357 1158 aciproca
379 1066 474 1136 inter
496 1090 612 1138 omnes
634 1074 709 1138 tres
731 1089 919 1160 personas,
945 1073 1060 1160 potest
1081 1075 1198 1136 tamen
1220 1065 1279 1134 ad-

188 1175 421 1268 peculiarius
443 1176 643 1248 similitudo
667 1177 762 1247 sicut
786 1176 902 1267 imago
925 1165 1018 1246 sumi
1041 1199 1104 1268 pro
1127 1173 1284 1267 proprie·

192 1284 453 1376 hypostatica,
479 1291 585 1378 atque
607 1285 673 1355 hoo
697 1285 869 1377 peculiari
894 1308 998 1355 sensu
1021 1283 1088 1354 soli
1111 1282 1226 1354 Verbo
1241 1281 1280 1350 in
1417 1340 1422 1346 .

188 1393 277 1464 ione
304 1394 350 1463 ad
376 1394 516 1464 Patrem
539 1395 703 1465 convenit
724 1393 818 1464 ratio
837 1391 1082 1462 similitudinis
1096 1396 1134 1460 et
1148 1395 1207 1478 (ut
1220 1389 1280 1458 cd-

188 1500 364 1570 iureolus
386 1499 412 1568 1.
424 1524 454 1570 c.
464 1521 497 1569 a.
509 1501 560 1588 6.)
585 1501 825 1593 aequalitatis.
849 1498 944 1583 Quia
968 1499 1019 1569 sio
1042 1497 1086 1566 ad
1109 1496 1280 1567 rationem

188 1608 359 1678 litudinis
381 1631 450 1678 non
473 1609 788 1680 sufficitidentitss
803 1614 966 1694 naturae,
986 1607 1046 1676 sed
1061 1606 1205 1697 insuper
1227 1627 1280 1674 re·

188 1718 268 1787 itur
290 1717 391 1807 origo
414 1738 436 1785 a
457 1717 631 1809 principio
654 1726 691 1788 et
721 1716 911 1809 exemplari
942 1737 1049 1809 eaque
1078 1737 1148 1783 non
1177 1733 1279 1807 quae-

188 1847 253 1917 pne
277 1824 337 1894 scd
359 1826 435 1911 ita,
461 1832 504 1894 ut
525 1825 648 1895 modus
663 1823 894 1917 processionis
909 1846 951 1893 ex
968 1822 1045 1914 ipsa
1061 1843 1126 1892 sna
1140 1820 1282 1912 propria
1404 1835 1406 1838 ⁴
1453 1829 1454 1833 ’

188 1955 243 2000 me
267 1931 318 2001 sit
346 1932 391 2001 sd
420 1933 752 2023 repraesentandum
783 1931 1036 2021 archetypum
1068 1928 1134 1999 hoc
1164 1933 1281 1997 autem

188 2040 333 2110 osclum
355 2041 511 2110 Verbum
533 2043 720 2133 procedens
736 2064 796 2132 per
812 2039 1085 2110 intellectionem
1100 2043 1281 2128 paternam

188 2147 304 2216 Patris
330 2147 447 2238 imago
470 2156 508 2218 et
529 2149 741 2219 similitudo.
755 2149 807 2218 De
830 2147 895 2216 hoo
918 2145 1017 2234 slibi;
1036 2146 1180 2216 interim
1204 2165 1281 2213 con·

188 2253 223 2326 S.
235 2255 393 2349 Th.l.q.
405 2255 609 2346 35.;Petav.
619 2257 647 2327 l.
657 2255 919 2346 V1.o.s.;v11.
931 2278 961 2325 c.
973 2254 1029 2326 14.

188 2489 207 2563 Ι)
222 2493 350 2563 Aeacius,
363 2493 511 2549 Eudoxias
524 2499 553 2548 ot
566 2495 619 2549 alii
631 2493 735 2549 Ariani
747 2493 956 2561 conscriptores
967 2491 1105 2545 formulae
1118 2489 1211 2559 Fidei,
1226 2505 1283 2559 qua

188 2584 340 2654 ulilphilas
360 2600 427 2640 suos
445 2585 553 2640 Gothos
571 2584 734 2641 Arioniamo
753 2585 867 2639 iniecit.
885 2581 1000 2657 (Peter.
1013 2582 1069 2636 1.1.
1083 2597 1107 2636 c.
1124 2582 1151 2634 9.
1164 2596 1193 2635 u.
1212 2576 1281 2652 lu).
