3172 4950
711 344 749 359 ..
770 313 832 374 383
852 344 890 359 -

213 447 276 495 vos
298 445 360 514 per
386 419 598 491 charitatem
618 418 740 488 Sancti
768 418 926 509 Spiritus
945 446 977 488 ι.
997 420 1046 489 ib.
1065 419 1149 490 XV.
1169 420 1224 489 30.
1245 422 1353 494 Sumne

212 530 368 602 felicitas
390 551 493 621 quam
516 534 727 618 apprecatur
748 527 941 617 Apostolus
963 527 1141 614 fidelibus,
1160 536 1216 598 est
1239 560 1255 594 ι
1267 534 1354 621 grstia

211 641 256 709 D.
274 639 319 709 N.
337 638 418 706 Iesu
433 636 568 704 Christi
591 641 628 704 et
651 634 807 704 charitas
828 635 895 705 Dei
917 641 954 703 et
976 637 1243 706 communicatio
1264 639 1353 709 Sancti

213 746 400 840 Spiritus»
423 745 457 814 2.
482 742 560 812 Cur.
582 742 685 811 XIII.
707 743 763 811 13.
785 742 906 812 Omnis
929 744 1159 830 sanctitatis,
1185 746 1354 837 pietatisct

213 853 409 926 dulcedinis
424 857 547 921 auctor
562 858 617 920 est
632 849 789 940 Spiritus
804 850 970 920 Sanctus:
992 882 1009 916 ι
1019 854 1161 923 fructus
1176 861 1287 924 auten
1299 856 1353 947 Spi-

212 964 308 1033 ritus
322 968 378 1033 est
392 960 560 1044 charitas,
578 958 767 1049 gaudium,
786 979 867 1048 pax,
886 959 1080 1048 patientia,
1100 961 1302 1051 benignitas,
1315 964 1352 1032 bo

212 1071 318 1153 nitas,
330 1067 592 1159 longanimitas,
604 1064 844 1149 mansuetudo,
853 1065 952 1150 fider,
962 1067 1146 1169 modestia,
1157 1070 1350 1155 continentis,

213 1177 388 1247 castitas»
411 1173 492 1244 Gal.
509 1174 554 1242 V.
574 1172 630 1240 22.
648 1171 705 1239 23.
728 1170 946 1240 Distributio
965 1174 1120 1242 omnium
1135 1174 1352 1246 charismatis

212 1292 267 1356 est
289 1307 351 1375 per
368 1282 540 1373 Spiritum
557 1279 723 1348 Sanctum
741 1279 774 1347 1.
793 1278 872 1348 Cor.
891 1280 976 1350 XII.
996 1282 1030 1348 4.
1048 1281 1158 1369 8-113
1176 1282 1263 1352 Heb.
1278 1283 1350 1355 III

212 1394 255 1463 In
271 1414 340 1461 uno
356 1412 497 1480 corpore
513 1386 691 1457 Ecclesiae
706 1388 857 1456 membra
873 1388 1016 1478 singula
1029 1389 1266 1480 baptizantur,
1283 1412 1350 1461 sauo

212 1502 396 1574 titioentur
413 1498 451 1567 in
467 1496 605 1589 Spiritu
617 1497 758 1585 Sancta
775 1496 995 1588 regeneratio
1010 1504 1066 1566 est
1084 1501 1285 1569 «renovatio
1298 1500 1351 1592 Spi

212 1611 305 1681 ritus
328 1608 451 1679 Sancti
464 1633 481 1668 ιι
499 1606 551 1675 Io.
565 1606 595 1676 I.
612 1604 667 1693 333
684 1605 848 1692 111.5.8;
866 1606 991 1676 Actl.
1003 1608 1036 1695 ὅς
1052 1606 1118 1675 XI.
1135 1607 1191 1695 16,
1205 1608 1349 1697 Xlet,

213 1722 245 1792 1.
256 1720 334 1789 Cor.
346 1716 491 1804 mla,
508 1715 582 1785 Tit.
593 1714 663 1783 ΠΙ.
674 1717 707 1802 5;
718 1714 874 1784 Heb.VI.
885 1714 1240 1788 5.Trausformantur
1252 1749 1267 1782 ι
1279 1718 1350 1789 acle

211 1831 319 1901 ritate
331 1827 369 1895 in
381 1826 579 1897 claritatem
590 1831 768 1916 tamquam
777 1825 944 1894 aDomini
953 1826 1348 1918 spirituracorfflla

211 1936 370 2027 Spiritus
393 1934 545 2003 Sanctus
569 1940 623 2002 est
641 1961 658 1996 ι
672 1932 829 2023 Spiritus
852 1933 1050 2024 adoptionis
1065 1934 1232 2021 tiliorum,
1255 1937 1289 2005 in
1306 1956 1350 2029 qu

212 2042 401 2113 clamamus
408 2038 510 2108 Abba
522 2037 656 2127 (Pater)
669 2067 684 2102 ι
703 2041 803 2108 Rom.
820 2040 924 2109 VIII.
939 2041 1061 2129 14163
1078 2043 1161 2112 Gal.
1175 2044 1239 2113 IV.
1253 2045 1283 2112 6.
1298 2041 1349 2134 spi

210 2149 304 2220 ritus
327 2147 478 2216 Sanctus
502 2146 702 2216 habitatin
726 2148 955 2218 sanctificatis
978 2150 1053 2219 suis
1068 2150 1164 2221 sicut
1187 2153 1225 2221 in
1243 2150 1348 2243 templo,

211 2258 285 2348 ipse
309 2261 362 2326 est
384 2254 506 2325 unctio
529 2260 565 2324 et
587 2256 719 2346 pignus
734 2258 772 2326 in
788 2258 950 2328 cordibus
972 2282 1108 2329 eorum:
1130 2290 1147 2324 ι
1162 2262 1349 2332 membrave

211 2372 286 2434 stra
309 2364 477 2456 templum
500 2371 585 2433 sunt
608 2363 766 2456 Spiritus
790 2366 923 2451 Sancti,
941 2369 1003 2459 qui
1024 2367 1064 2436 in
1086 2371 1187 2440 vobis
1203 2376 1264 2456 est,
1279 2388 1348 2464 quc!

210 2471 349 2542 habetis
371 2493 393 2538 a
415 2472 529 2540 Deo...
546 2471 750 2543 Glorificate
773 2479 809 2542 et
831 2481 967 2565 portate
983 2477 1093 2545 Deum
1111 2478 1149 2545 in
1166 2501 1298 2569 corpore
1311 2498 1348 2546 rc

211 2586 284 2649 stro
298 2606 316 2643 ιι
334 2580 368 2648 1.
383 2580 462 2649 Cor.
476 2581 577 2651 XIX.
591 2581 647 2669 203
670 2610 686 2644 ιι
701 2585 762 2675 qui
777 2584 884 2654 unxit
898 2608 960 2653 nos
976 2585 1082 2671 Deus,
1097 2587 1209 2679 quiet
1224 2583 1349 2679 signarit

210 2710 285 2774 nos,
299 2692 336 2757 et
346 2687 443 2758 dedit
456 2689 586 2778 pignus
599 2688 757 2780 Spiritus
767 2691 804 2759 in
815 2690 975 2761 cordibus
986 2695 1118 2762 nostms
1128 2722 1144 2755 ιι
1155 2690 1346 2763 acorna

211 2795 297 2882 (vid.
313 2795 637 2884 Rom.V111.9.11;
653 2796 858 2866 1.00r.111.
874 2799 929 2886 163
939 2799 973 2868 2.
985 2798 1064 2868 Cor.
1074 2799 1120 2869 V.
1131 2802 1164 2886 5;
1179 2801 1265 2891 Eph.
1276 2800 1302 2868 l.
1310 2795 1345 2882 lh

210 2902 255 2971 V.
273 2904 327 2990 183
344 2904 375 2971 l.
392 2902 514 2972 Thess.
536 2904 602 2971 IV.
619 2905 652 2992 83
668 2905 701 2972 2.
718 2905 808 2975 Tim.
826 2906 856 2975 I.
877 2906 931 2994 14,
948 2908 980 2975 l.
1002 2907 1053 2977 Io.
1075 2904 1344 2997 111.24;1v.1³t

213 3011 379 3103 aSpiritu
390 3011 456 3080 Dei
468 3017 624 3100 aguntur
639 3013 707 3081 lilii
719 3014 784 3082 Dei
798 3042 814 3076 ιι
830 3014 1035 3084 RomVIII.
1051 3017 1190 3107 14.Ipse
1207 3014 1347 3108 «postulat

211 3142 274 3211 pro
302 3119 401 3188 nobis
429 3120 620 3209 gemitibus
647 3120 942 3192 inenarrabilibus
956 3151 973 3186 ιι
995 3122 1184 3214 (στεναγμοις
1206 3114 1344 3203 aaran)

209 3227 309 3296 Rom.
324 3227 426 3297 VIII.
442 3228 499 3296 26.
513 3228 673 3298 Ecclesia
698 3230 958 3302 “consolatione
984 3227 1200 3324 (παριιιλησει)
1225 3231 1346 3323 spirius

211 3334 334 3405 Sancti
356 3335 544 3425 repletura
568 3340 650 3407 Act.
661 3337 726 3405 IX.
737 3338 792 3425 31;
811 3339 909 3407 Rom.
920 3340 1019 3408 XIV.
1030 3339 1084 3428 173
1104 3339 1266 3431 discipuli
1291 3354 1345 3403 cre

209 3442 353 3534 plentur
361 3443 491 3533 gaudio
499 3451 536 3514 et
544 3444 682 3535 Spiritu
691 3445 843 3515 Sancto»
854 3447 936 3516 Act.
946 3448 1050 3516 XIII.
1063 3448 1119 3535 523
1132 3448 1285 3518 Hibera.
1295 3439 1343 3512 tt.

208 3552 367 3624 Peccatis
394 3553 658 3624 «contristatur
681 3553 839 3644 Spiritus
861 3554 1012 3624 Sanctus
1027 3583 1043 3616 ιι
1068 3554 1160 3646 Eph.
1175 3556 1237 3625 IV.
1252 3555 1292 3623 30
1303 3546 1342 3639 (οἱ

208 3660 337 3730 llatth.
353 3659 439 3729 XII.
457 3660 525 3747 313
551 3662 634 3731 Act.
650 3661 694 3731 V.
713 3662 757 3750 33
783 3662 867 3731 VII.
886 3664 953 3751 513
978 3664 1065 3733 Heb.
1085 3665 1129 3732 X.
1149 3664 1235 3752 29).
1257 3654 1345 3730 linuit

208 3769 292 3839 item
319 3775 355 3838 et
381 3770 590 3860 gubernatio
617 3771 770 3861 corporis
796 3771 996 3858 Ecclesiae,
1027 3773 1176 3841 maxime
1205 3762 1344 3841 infalhh't

208 3875 295 3946 litas
317 3875 495 3947 Ecclesiae
522 3884 577 3946 est
603 3900 624 3945 a
641 3878 779 3968 Spiritu
797 3878 924 3947 Sancto
940 3879 1140 3966 Paracleto,
1159 3904 1256 3972 quem
1278 3895 1346 3947 mm·

209 3984 276 4054 dus
292 4006 360 4052 uon
383 3991 501 4075 potest
526 3987 705 4077 accipere,
733 3988 795 4079 qui
816 3987 973 4056 mittitur
996 3994 1033 4057 et
1060 3995 1177 4058 manet
1199 3989 1236 4057 iu
1259 3981 1346 4057 Ectlt

209 4091 263 4160 sia
286 4091 322 4159 in
345 4101 526 4162 aeternum
549 4096 631 4164 Act.
650 4095 806 4182 xma,
829 4094 987 4183 ΧΧ.’28;
1005 4095 1056 4164 Ιο.
1070 4096 1170 4166 XIV.
1182 4097 1236 4166 16.
1247 4088 1344 4173 aaa

208 4198 287 4269 XV.
300 4200 355 4289 26,
368 4202 467 4271 XVI.
480 4194 595 4272 13-152
610 4202 777 4294 Symbola
790 4203 968 4275 sensibilia
982 4204 1137 4294 Spiritus
1149 4204 1267 4276 Sancti
1277 4192 1347 4272 mici

208 4315 292 4379 suut
315 4309 450 4380 halitus
477 4311 586 4381 Verbi
613 4312 808 4399 incarnati,
835 4335 901 4404 quo
925 4312 1029 4382 datur
1051 4312 1102 4380 Io.
1124 4312 1206 4383 XX.
1227 4312 1285 4398 223
1306 4325 1346 4377 ot

208 4416 327 4489 lumba
356 4441 499 4489 manens
529 4442 635 4512 super
656 4420 789 4491 Filium
818 4420 938 4490 Patris
967 4420 1133 4493 dilectum
1158 4420 1280 4492 liatth.
1295 4410 1343 4486 ΠΙ
