3172 4950
711 330 749 345 ..
771 299 832 358 364
854 328 893 342 -

217 425 300 468 eona
322 403 359 470 in
383 403 454 471 Dec
477 425 546 470 non
570 403 750 492 significat
765 401 964 469 absolutum
993 401 1053 470 sed
1077 400 1350 474 distinctuminte

213 509 478 596 subsistentem
505 511 541 577 in
565 534 602 579 se
626 511 856 579 subsistentes
872 518 988 577 autem
1004 509 1041 576 in
1057 510 1131 578 Deo
1147 517 1231 579 sunt
1244 511 1352 580 relativi

214 625 250 685 et
273 624 356 685 sunt
379 625 475 702 tres,
503 618 580 687 ideo
610 642 731 687 nomen
754 642 899 707 persona
924 618 960 685 in
983 618 1055 685 Deo
1086 640 1156 686 nou
1188 618 1354 709 quidemst

214 726 312 792 modo
328 725 552 814 significandi
568 727 730 815 designat
746 725 948 809 relativum,
961 727 1021 793 sed
1038 734 1182 816 propter
1197 749 1265 795 rem
1277 727 1355 817 sigri-

213 832 351 899 ficatam
374 833 540 922 supponit
562 856 623 923 pro
646 833 817 919 relativo,
843 841 881 903 et
903 834 1094 923 pluraliter
1123 842 1199 905 tres
1225 857 1356 925 personae

214 938 379 1008 dicendae
404 948 497 1008 sunt.

280 1048 402 1130 Quoad
433 1049 484 1116 rei
516 1070 682 1116 summam
707 1049 792 1116 haec
815 1048 893 1138 ipsa
923 1048 1085 1118 doctrina
1109 1051 1146 1118 S.
1162 1051 1306 1119 Thomas
1322 1051 1357 1118 ri

213 1154 317 1223 detur
333 1157 431 1224 nobis
446 1155 580 1223 tradita
597 1177 618 1222 a
635 1156 671 1224 S.
686 1157 888 1245 Augustino
905 1157 941 1224 in
958 1156 1033 1227 loco
1046 1158 1176 1226 celebri
1189 1158 1284 1226 Trin.
1297 1156 1356 1225 vii

212 1284 248 1327 n.
267 1262 366 1328 7-12.
393 1261 542 1343 Quaerit
564 1263 614 1330 ibi
637 1263 886 1351 Augustinus,
913 1286 976 1331 cur
1006 1287 1085 1331 cum
1115 1270 1190 1332 tres
1219 1263 1358 1332 essentiis

213 1368 352 1436 divinae
374 1390 438 1436 nec
461 1368 533 1435 sint
557 1392 618 1436 nec
641 1368 712 1436 dici
736 1370 881 1458 possint,
908 1369 991 1460 quia
1013 1370 1109 1437 Deus
1138 1394 1230 1437 unus
1253 1368 1358 1453 eseli

213 1482 339 1543 cantur
363 1482 478 1542 tamen
501 1496 523 1541 a
546 1475 691 1543 Graecis
721 1484 794 1543 tres
819 1475 1040 1543 substantiae
1064 1476 1089 1542 i.
1108 1499 1139 1544 e.
1167 1476 1358 1565 hypostases,

212 1604 233 1649 a
256 1582 395 1650 Latinis
418 1590 491 1650 tres
514 1585 704 1671 personae?
727 1582 927 1650 Difficultas
951 1605 1055 1674 quarn
1079 1583 1116 1651 S.
1134 1584 1241 1651 Pater
1267 1590 1357 1673 urget,

213 1690 267 1757 ita·
289 1713 325 1758 se
349 1689 463 1757 habet.
484 1689 525 1755 In
549 1690 620 1756 Deo
644 1689 815 1780 quidquid
838 1689 1036 1758 absolutum
1059 1698 1174 1759 estet
1197 1691 1261 1759 hoc
1282 1711 1359 1759 scura

213 1797 258 1864 cd
280 1823 314 1864 ee
337 1797 478 1880 dicitur,
494 1805 548 1866 est
565 1799 702 1865 omnino
726 1821 832 1865 uuum
848 1798 1107 1884 indistinctum,
1125 1800 1283 1868 distincti
1299 1818 1359 1867 vert

211 1914 284 1974 tres
308 1913 391 1973 sunt
415 1905 652 1973 tantummodo
676 1907 739 1973 sub
764 1905 902 1973 formali
927 1906 1061 1974 ratione
1091 1904 1358 1975 relativorumed

212 2013 374 2097 invicem,
399 2014 516 2095 Pater,
541 2013 669 2097 Filius,
689 2013 844 2102 Spiritus
869 2013 1031 2082 Sanctus.
1051 2014 1126 2079 Iam
1151 2038 1234 2083 vero
1256 2016 1285 2082 si
1303 2034 1358 2103 per

212 2143 296 2189 sona
318 2127 437 2188 creata
460 2121 710 2204 consideretur,
729 2143 770 2188 ea
785 2128 839 2188 est
858 2121 943 2211 quid
959 2121 1170 2206 absolutum,
1190 2118 1359 2189 substantie

211 2227 347 2296 scilicet
370 2228 564 2316 singularis
588 2234 623 2295 et
645 2228 785 2316 integra
811 2236 959 2296 naturae
974 2230 1162 2296 rationalis
1176 2237 1251 2297 tota
1272 2229 1304 2296 in
1321 2248 1355 2311 ee,

211 2336 301 2404 unde
325 2336 373 2403 ibi
397 2342 451 2403 tot
474 2358 605 2425 semper
622 2342 705 2402 sunt
728 2358 891 2425 personae
908 2345 992 2426 quot
1008 2336 1210 2425 singulares
1227 2338 1357 2424 integrae

210 2450 357 2511 naturae
380 2442 572 2510 rationales
599 2443 876 2510 connaturaliter
892 2429 1133 2528 subsistentes,
1160 2451 1196 2511 et
1219 2458 1354 2533 personae

210 2552 398 2620 distinctae
421 2549 583 2638 singulae
614 2550 742 2617 habent
772 2551 876 2618 etiam
907 2550 1013 2618 aliam
1044 2559 1080 2619 et
1103 2551 1221 2618 aliam
1244 2566 1355 2619 numere

210 2659 407 2727 essentiam.
434 2656 473 2724 Si
496 2656 610 2744 igitur
633 2654 697 2723 hoc
729 2678 832 2723 sensu
863 2678 1009 2745 persona
1031 2655 1073 2724 de
1096 2658 1170 2725 Deo
1194 2658 1350 2733 diceretur,

210 2790 278 2834 non
299 2767 415 2833 miuus
439 2789 509 2833 una
532 2786 674 2831 numero
703 2786 849 2852 persona
865 2786 968 2853 quam
984 2765 1224 2833 una-essentia
1239 2758 1352 2831 dicenda

210 2876 317 2960 foret,
344 2882 396 2942 est
419 2874 510 2941 enim
535 2895 604 2940 una
627 2872 827 2940 substantia
858 2872 1070 2960 singularis,
1097 2873 1256 2961 integra,
1279 2864 1351 2938 intel·

209 2980 382 3049 lectualia.
410 2980 547 3063 Quare,
574 2979 691 3070 inquit
713 2979 963 3066 Augustinus,
990 3003 1068 3047 cum
1091 3002 1214 3047 nomen
1243 2968 1350 3067 aliquod

209 3111 383 3158 commune
407 3096 652 3178 quaereretur,
687 3109 754 3176 quo
785 3109 852 3153 non
877 3086 945 3153 iam
976 3087 1175 3153 absolutum
1210 3078 1349 3153 nnumin

207 3196 323 3263 tribus
346 3195 627 3283 significaretur,
654 3195 713 3262 sed
738 3216 805 3284 quo
828 3200 900 3261 tres
924 3200 1097 3283 quatenus
1121 3193 1280 3261 distincti
1297 3206 1348 3256 oct·

208 3308 494 3385 numerarentur,
520 3323 641 3368 nomen
670 3323 836 3388 personae
863 3295 1071 3387 usurpatum
1095 3308 1150 3368 est
1173 3323 1241 3366 non
1258 3300 1291 3366 in
1306 3289 1349 3360 ille

208 3409 464 3500 significatione
487 3409 640 3477 absoluti
664 3410 722 3476 sed
746 3409 791 3476 ad
815 3408 1048 3496 designandos
1071 3408 1193 3496 plures
1212 3403 1347 3475 relatione

208 3517 405 3601 distinctos,
426 3517 586 3609 quamvis
610 3539 730 3583 nomen
749 3516 862 3605 ipsum
884 3538 926 3582 ex
950 3538 986 3582 se
1011 3537 1078 3582 non
1095 3514 1224 3582 habeat
1240 3515 1347 3580 forman

207 3625 378 3692 relativae
403 3625 693 3713 significationis,
722 3632 761 3692 ut
785 3623 914 3691 habent
940 3622 1079 3690 nomina
1109 3622 1227 3703 Pater,
1251 3615 1345 3690 Ffliu.

207 3731 360 3820 Spiritus
385 3731 537 3800 Sanctus
560 3733 622 3818 (1).

260 3863 302 3937 (1)
321 3867 396 3920 Haec
425 3867 520 3919 eadem
549 3867 753 3932 interpretatio
782 3866 929 3919 doctrinae
955 3865 1113 3929 Augustini
1138 3861 1348 3918 damianus·

207 3954 236 4008 S.
246 3956 389 4009 Aneelmo:
408 3978 419 4002 a
436 3957 516 4009 Licet
525 3958 630 4023 possim
643 3958 736 4010 dicere
746 3957 919 4009 Trinitatem
936 3958 1052 4022 propter
1063 3955 1179 4007 Patrem
1194 3942 1347 4007 eti'iliuntl

208 4046 358 4111 utriusque
376 4046 529 4112 Spiritum,
552 4047 602 4112 qni
620 4054 687 4098 sunt
707 4051 776 4111 tres,
799 4062 855 4098 non
876 4049 971 4097 tamen
987 4060 1100 4112 possum
1113 4045 1240 4112 proferre
1258 4046 1365 4097 urolt.

207 4134 292 4199 mine,
317 4139 434 4200 propter
451 4134 520 4200 qnid
540 4140 609 4200 tres,
633 4137 714 4188 velut
734 4136 759 4187 si
781 4136 900 4186 dicerem
922 4139 1037 4202 propter
1051 4138 1110 4186 tres
1132 4124 1352 4201 personas-dl⁰¹

207 4222 281 4274 enim
306 4223 449 4289 putandae
482 4230 550 4275 sunt
576 4228 635 4275 tres
659 4240 813 4290 personae,
841 4223 909 4289 quia
934 4239 1029 4275 omnes
1052 4225 1151 4289 plures
1175 4235 1306 4290 personae
1326 4210 1354 4265 st

207 4312 371 4365 subsistunt
390 4315 544 4380 separatim
565 4315 600 4366 ab
619 4314 760 4373 invicem,
785 4318 819 4365 ut
838 4318 881 4365 tot
906 4328 1019 4367 necesse
1040 4313 1164 4365 citasse
1188 4307 1354 4366 subeuntur.

208 4405 278 4468 quot
292 4407 360 4454 aunt
382 4417 540 4468 perronae;
563 4403 637 4470 quod
659 4403 690 4455 in
712 4403 845 4470 pluribus
870 4402 1045 4465 hominibus,
1068 4402 1119 4468 qui
1138 4408 1211 4468 quot
1232 4404 1358 4468 personet·
