3172 4950
856 357 894 370 -
916 326 956 385 44
978 356 1015 369 -

352 428 590 498 tantummodo
614 433 732 519 partes
755 428 1082 498 deuterocanonicae
1099 427 1268 512 Danielis,
1288 427 1419 497 Esther
1441 433 1528 511 etc,

352 534 432 602 etsi
448 533 636 603 authentia
647 534 824 624 Vulgatae
848 540 986 603 tantum
1002 535 1039 603 in
1054 536 1198 603 confuso
1218 534 1396 603 declarata
1419 540 1528 617 esset,

353 640 438 731 quin
450 641 500 708 sit
514 640 717 710 authentica
733 641 769 708 in
786 642 996 732 specialibus
1012 642 1167 710 textibus
1179 664 1241 731 per
1252 664 1288 709 sc
1301 640 1528 729 dogmaticis;

352 750 389 813 oi
412 749 513 813 laius
535 747 661 815 decreti
683 747 782 816 nulla
805 749 932 816 fnisset
962 748 1122 817 stabilita
1153 747 1325 816 securitas
1357 747 1433 817 sive
1464 769 1530 836 pro

352 854 439 945 ipsis
461 855 626 924 Patribus
649 854 797 923 Concilii
820 855 894 923 sive
912 878 974 945 pro
990 856 1164 940 fidelibus,
1182 855 1383 924 testimonia
1398 854 1531 946 quibus

350 964 396 1032 ad
419 963 654 1032 confirmanda
676 963 839 1052 dogmata
862 969 898 1033 et
920 966 1157 1033 reformandos
1180 964 1216 1031 in
1239 962 1398 1033 Ecclesia
1413 985 1531 1031 mores

351 1070 515 1160 synodus
537 1091 680 1140 usuram
696 1093 732 1139 se
748 1071 977 1161 profitebatur
999 1095 1040 1142 ex
1066 1071 1224 1140 omnibus
1246 1071 1349 1140 libris
1368 1076 1406 1140 et
1420 1070 1530 1138 libro·

349 1200 428 1246 rum
451 1177 630 1268 partibus,
655 1183 761 1269 prout
783 1178 819 1246 in
844 1180 956 1247 veteri
980 1179 1129 1268 vulgata
1150 1179 1302 1248 editione
1328 1178 1441 1247 latina
1466 1177 1529 1244 ha·

351 1286 532 1371 bebantur,
562 1308 636 1354 esse
658 1292 777 1354 textus
807 1286 999 1376 inspiratae
1030 1287 1233 1376 Scripturae
1255 1294 1292 1356 et
1313 1309 1381 1354 non
1404 1292 1530 1355 textus

351 1392 519 1463 humanos
542 1392 617 1461 sive
639 1392 781 1462 aliunde
804 1393 880 1461 sive
896 1394 939 1460 ab
956 1394 1146 1484 interprete
1162 1394 1335 1463 inductos.
1352 1394 1465 1485 Atqui
1482 1394 1529 1462 ad

350 1494 440 1565 hanc
463 1497 687 1565 securitatem
710 1496 752 1564 de
775 1495 963 1566 divinitate
994 1496 1243 1582 instrumenti,
1269 1520 1311 1565 cx
1335 1519 1402 1588 quo
1424 1497 1529 1565 testi·

350 1605 466 1672 monia
488 1605 526 1673 in
549 1602 795 1673 confirmandis
819 1603 1040 1692 dogmatibus
1054 1604 1204 1693 petenda
1218 1609 1331 1688 erant,
1348 1604 1530 1674 decretum

350 1711 496 1780 maxime
518 1710 706 1801 pertinere,
722 1708 885 1797 Synodus
908 1710 986 1799 ipsa
1001 1710 1197 1799 profitetur.
1215 1711 1311 1800 Ergo
1328 1709 1403 1779 sine
1419 1711 1529 1780 dubio

349 1819 595 1888 auctoritatem
611 1817 809 1886 canonicam
826 1815 994 1886 librorum
1012 1818 1208 1887 declaravit
1223 1819 1260 1886 in
1276 1819 1434 1887 omnibus
1450 1820 1529 1887 suis

348 1927 509 2017 partibus
531 1947 593 2015 per
616 1947 652 1994 se
675 1925 893 2015 dogmaticis,
920 1931 1025 2016 prout
1049 1926 1085 1994 in
1109 1927 1221 1994 veteri
1242 1926 1356 1994 letina
1370 1926 1528 1994 editione

349 2034 498 2123 vulgata
513 2033 697 2103 habentur.
713 2018 828 2118 acui
843 2057 885 2103 ex
901 2058 1002 2124 scopo
1015 2034 1180 2126 polemico
1192 2033 1340 2104 Concilii
1352 2034 1528 2103 adversus

348 2142 563 2227 Novatores,
589 2165 689 2234 quem
722 2143 843 2235 utique
873 2134 1091 2212 admittimu's
1115 2141 1308 2229 (Pallavic.
1327 2140 1391 2211 VI.
1412 2166 1441 2211 c.
1466 2143 1524 2213 11.

347 2273 383 2319 n.
396 2249 432 2317 4.
446 2249 501 2335 8),
521 2248 754 2318 extensionem
778 2249 909 2319 decreti
932 2249 1139 2333 metiuntur,
1166 2249 1193 2316 ii
1217 2249 1323 2319 fateri
1343 2249 1450 2319 etiam
1468 2250 1526 2318 de·

348 2358 441 2442 bent,
466 2363 601 2426 textum
626 2357 860 2446 dogmaticum
895 2380 937 2426 ex
971 2355 1094 2426 multis
1117 2356 1266 2426 saeculis
1294 2357 1332 2424 in
1363 2355 1527 2426 Ecclesia

348 2464 627 2557 frequentissime
651 2471 858 2555 usurpatum
880 2469 918 2533 et
940 2465 1098 2532 omuibus
1121 2464 1359 2547 notissimum,
1386 2462 1448 2554 qui
1471 2470 1525 2532 ta·

347 2596 425 2642 men
448 2574 513 2642 sub
535 2578 671 2664 tempus
693 2571 842 2642 Concilii
865 2594 887 2640 a
909 2572 1088 2641 nonnullis
1104 2578 1141 2641 et
1155 2594 1177 2640 a
1192 2572 1431 2642 Novatoribus
1446 2594 1525 2663 spe·

348 2680 468 2750 ciatim
491 2679 669 2749 eliminari
692 2681 815 2771 coepit,
842 2680 1036 2749 necessario
1060 2679 1217 2769 intelligi
1240 2681 1525 2770 comprehensum

346 2788 421 2856 illis
444 2788 581 2858 verbis:
604 2817 626 2852 a·
638 2788 670 2857 si
686 2788 765 2878 quis
782 2788 890 2857 libros
913 2787 1070 2876 integros
1086 2810 1163 2856 cum
1179 2788 1336 2856 omnibus
1352 2787 1427 2858 suis
1443 2811 1523 2878 par-

345 2897 454 2982 tibus,
479 2900 585 2986 prout
606 2896 644 2965 in
666 2895 826 2964 Ecclesia
847 2896 1020 2966 catholica
1042 2896 1114 2986 legi
1138 2901 1425 2967 consueveruutn
1452 2903 1520 2965 etc.

346 3006 378 3073 3·
393 3005 471 3075 Non
495 3005 570 3073 siue
592 3005 809 3075 absurditate
823 3011 939 3095 potest
960 3006 1083 3090 asseri,
1101 3029 1239 3075 serrsum
1264 3005 1448 3096 utriusque
1462 3004 1524 3074 de·

346 3114 433 3183 creti
455 3113 548 3182 hunc
571 3135 657 3196 esse,
676 3118 717 3180 ut
733 3113 896 3182 credatur
912 3113 1105 3182 auctoritas
1119 3113 1284 3182 canonica
1300 3112 1471 3180 librorum
1486 3117 1522 3180 et

345 3218 1522 3310 authentiaVulgataeiniistantummodopartibus,inquibusexa-

345 3351 422 3397 men
445 3326 606 3396 criticum
629 3332 664 3395 et
687 3326 892 3396 historicum
914 3332 1035 3396 textus
1058 3326 1311 3416 genuinitatem
1334 3327 1446 3416 possit
1464 3328 1520 3397 de·

345 3440 550 3504 monstrare.
568 3434 642 3502 Hoc
658 3434 748 3503 enim
767 3434 865 3503 modo
882 3434 973 3504 illud
989 3435 1199 3518 sanciretur,
1219 3434 1309 3526 quod
1325 3434 1521 3506 Concilium

345 3545 420 3613 suis
442 3543 592 3613 decretis
607 3543 723 3613 voluit
738 3543 932 3628 excludere,
951 3550 994 3613 ut
1016 3543 1150 3612 scilicet
1170 3541 1372 3633 Scripturae
1395 3543 1521 3612 saltem

344 3654 382 3722 in
403 3652 490 3722 locis
520 3652 756 3722 controversis
787 3651 1005 3742 singulorum
1035 3650 1188 3721 examini
1215 3652 1517 3741 permitterentur.

344 3760 412 3830 Sed
448 3761 641 3830 auctoritas
671 3760 837 3831 canonica
871 3761 1025 3850 partium
1059 3767 1096 3829 et
1125 3760 1309 3830 authentia
1339 3760 1520 3849 Vulgatae

344 3868 541 3938 decernitur
565 3891 604 3938 eo
626 3869 664 3937 in
687 3874 785 3938 statu
801 3867 978 3954 editionis,
995 3874 1102 3959 prout
1118 3868 1156 3936 in
1171 3868 1345 3938 catholica
1358 3869 1522 3939 Ecclesia

341 3975 415 4064 legi
439 3977 620 4047 consuevit
641 3983 677 4047 at
699 3977 804 4067 longo
822 3982 876 4046 tot
897 3976 1116 4047 saeculorum
1133 4000 1199 4047 usu
1215 3978 1252 4047 iu
1268 3979 1344 4069 ipsa
1358 3977 1521 4048 Ecclesia

342 4086 488 4175 probata
511 4093 576 4171 est,
601 4091 706 4178 atque
729 4086 773 4154 ab
796 4088 871 4178 ipso
894 4085 1048 4157 Concilio
1064 4085 1164 4157 velut
1180 4086 1451 4155 instrumentum
1466 4086 1518 4155 di·

343 4192 464 4264 vinum
486 4194 524 4263 iu
547 4196 649 4266 rebus
671 4195 752 4265 tidei
775 4201 812 4264 et
834 4217 967 4265 morum
991 4194 1238 4285 usurpabatur.

409 4303 515 4372 Ratio
534 4310 650 4373 autem
672 4304 900 4373 manifestans
922 4303 1013 4372 hano
1024 4303 1243 4373 authentiam
1262 4302 1417 4373 Concilio
1440 4308 1519 4372 erat

343 4410 553 4502 principium
589 4411 841 4502 dogmaticum,
868 4413 959 4505 quod
982 4410 1139 4502 Spiritus
1162 4411 1313 4484 Sanctus
1349 4413 1519 4483 assistens
