3172 4950
711 378 750 394 ..
771 345 832 408 575
852 368 891 394 .».

211 455 272 519 tur
295 450 368 518 alia
392 452 495 543 quam
519 457 718 521 sustentare
742 458 927 538 naturam,
953 457 994 521 ut
1017 451 1088 522 dici
1111 450 1219 534 solet,
1246 471 1308 518 seu
1326 434 1387 516 ha-

211 558 290 626 bere
305 564 471 627 naturam
484 564 527 627 ut
542 580 653 628 snam.
670 560 729 630 Sic
745 560 943 630 incarnatio
955 559 1064 629 Verbi
1088 558 1278 648 efficienter
1293 579 1387 647 speo-

210 670 288 734 tata
310 672 365 735 est
386 666 453 735 Dei
476 667 584 736 unius
607 673 644 737 et
665 668 778 753 trini,
806 671 1024 736 terminatius
1051 673 1168 736 autem
1201 672 1256 734 est
1278 664 1388 734 solius

209 772 346 858 Verbi,
372 774 457 863 qnia
483 775 642 861 scilicet,
669 781 711 844 ut
733 775 836 862 dixi,
861 778 977 868 ipsum
1000 777 1129 843 'habere
1161 788 1323 840 naturam
1346 777 1402 855 ut¹

209 901 310 952 ⁴suram
334 886 389 949 est
411 882 546 951 functio
569 883 798 972 hypostaseos
822 885 886 954 sub
911 883 1052 954 formali
1067 882 1204 952 ratione
1221 887 1262 951 ιιι
1277 881 1387 970 hypo·

210 987 320 1055 stasis
342 994 420 1078 est,
445 989 601 1058 Verbum
624 996 741 1060 autern
765 993 830 1061 sub
853 992 919 1062 hac
951 992 1093 1061 formali
1116 990 1252 1060 ratione
1280 987 1387 1078 hypo·

210 1099 345 1163 staseos
366 1096 511 1166 realiter
535 1096 816 1187 distinguitur'a
837 1102 997 1169 Patrset
1018 1098 1155 1191 Spiritu
1179 1094 1387 1168 SanctoAd

210 1224 392 1271 summam:
418 1199 490 1272 una
511 1227 657 1294 persona
680 1205 803 1274 divina
825 1229 893 1275 non
916 1212 1031 1298 potest
1060 1205 1188 1276 referri
1218 1203 1273 1272 ad'
1286 1208 1389 1272 extra

209 1310 391 1380 functione
415 1311 482 1380 sibi
505 1313 647 1403 propria
670 1319 707 1383 ιι
728 1336 796 1382 non
820 1316 990 1384 communi
1014 1315 1141 1399 tribus,
1160 1312 1230 1381 nisi
1251 1309 1388 1380 functio

208 1418 276 1487 illa
299 1418 350 1487 sit
372 1418 617 1509 hypostatica,
643 1420 728 1512 quia
751 1423 816 1490 sub
839 1423 914 1491 sola
937 1422 1080 1492 formali
1111 1420 1247 1490 ratione
1276 1418 1386 1507 hypo-

209 1531 345 1606 staseos
361 1548 437 1621 ,una
460 1548 606 1616 persona
629 1527 865 1618 distinguitur
888 1532 931 1598 ab
954 1531 1038 1598 aliis
1061 1530 1098 1596 in
1115 1527 1178 1597 SS.
1194 1526 1384 1609 Trinitatis,

208 1633 348 1701 functio
371 1640 488 1703 eutem
513 1633 740 1724 hypostatica
764 1638 808 1705 ad
833 1643 935 1706 extra
950 1637 1052 1706 nulle
1075 1636 1147 1705 alia
1169 1633 1269 1706 nobis
1289 1653 1386 1701 reve·

208 1735 286 1804 lata
308 1740 363 1804 est
385 1759 447 1805 nec
469 1737 626 1826 intelligi
648 1744 786 1828 potest,
812 1740 883 1808 nisi
900 1740 1145 1832 hypostaticae
1162 1737 1312 1808 virtutis
1328 1757 1385 1804 ve·

207 1838 268 1907 lut
290 1840 445 1908 extensio
468 1841 513 1909 ad
536 1843 801 1911 sustentandam
831 1850 993 1914 naturam
1017 1850 1195 1923 creatam,
1222 1845 1388 1933 quaeest

209 1946 295 2015 nnio
317 1946 546 2037 hypostatica
571 1948 666 2035 (vide
691 1971 798 2039 supra
821 1952 875 2019 th.
897 1951 982 2020 XII.
1000 1975 1035 2020 n.
1052 1950 1116 2039 IL,
1139 1949 1181 2018 de
1204 1948 1383 2016 Incarnat.

207 2055 263 2124 th.
278 2055 483 2141 XXXIII.).
497 2055 549 2124 At
564 2077 646 2125 sane
658 2058 857 2127 coniunctio
872 2058 1031 2148 Spiritus
1042 2050 1164 2127 San‘cti
1177 2078 1255 2124 cum
1267 2051 1384 2137 iustis,

208 2162 252 2230 de
276 2183 346 2253 qna
366 2160 512 2251 agitur,
538 2185 606 2231 non
629 2170 684 2232 ιιι
706 2165 790 2233 unio
813 2164 1054 2255 hypostatica,
1079 2186 1163 2254 ergo
1187 2159 1386 2232 coniunctio

207 2269 404 2338 necessario
426 2270 543 2339 cadem
567 2276 621 2340 ιιι
644 2272 763 2341 Patris
786 2295 826 2342 ac
838 2272 938 2341 Filii.

277 2379 321 2446 2⁶.
346 2378 390 2446 ln
404 2379 598 2469 Scripturis
613 2380 780 2470 explicite
796 2382 940 2451 docetur
956 2403 1026 2451 una
1042 2381 1293 2451 distinctarum
1309 2398 1385 2466 per-

208 2508 376 2556 sonarum
391 2487 615 2557 inhabitatio:
637 2517 654 2553 u
668 2489 802 2559 adeum
819 2492 998 2560 veniemus
1013 2496 1050 2559 ιι
1071 2487 1280 2557 mansionem
1293 2483 1386 2574 apud

207 2618 288 2664 eum
313 2595 512 2664 faciemus»
537 2596 589 2665 Io.
604 2596 703 2666 XIV.
718 2597 775 2665 23.
795 2604 862 2668 ιιι.
877 2597 941 2667 SS.
959 2600 1083 2667 Patres
1106 2597 1199 2665 sicut
1220 2617 1263 2662 ex
1286 2591 1385 2660 inha-

208 2701 383 2771 bitatione
398 2702 564 2794 'Spiritus
587 2704 736 2790 Sancti,
762 2711 803 2774 ιιι
825 2707 919 2775 thesi
942 2707 1078 2775 XLHI.
1093 2703 1260 2786 vidimus,
1279 2701 1331 2769 ita
1342 2721 1385 2767 ex
1492 2732 1500 2750 ι

208 2809 457 2879 communitate
479 2810 587 2880 huius
609 2812 881 2882 inhabitationis
904 2838 982 2884 cum
1006 2815 1111 2884 Patre
1133 2818 1170 2881 ιι
1191 2809 1285 2878 Filio
1308 2829 1385 2898 pro-

207 2918 295 2985 bent
318 2916 542 2987 divinitatem
566 2919 725 3009 Spiritus
748 2919 896 3007 Sancti,
924 2922 1014 3014 quod
1031 2917 1244 2989 inhabitatio
1259 2922 1295 2984 ιι
1306 2936 1385 3005 par·

205 3023 371 3114 ticipatio
394 3026 500 3095 unius
523 3049 688 3116 personae
711 3029 907 3097 necessario
932 3035 1073 3120 propter
1088 3028 1261 3096 unitatem
1284 3027 1384 3091 natu·

206 3157 269 3205 rae
292 3142 347 3204 est
367 3136 478 3203 trium
503 3139 706 3206 communis.
735 3166 752 3201 a
767 3137 870 3208 Sicut
890 3138 1010 3208 Patris
1026 3145 1062 3207 ιι
1084 3136 1171 3206 Filii
1188 3136 1241 3204 ita
1255 3143 1291 3204 ιι
1307 3131 1384 3222 Spi-

206 3236 449 3312 ritus'Sancti
474 3266 594 3312 sumus
616 3244 798 3333 templum,
824 3268 891 3313 non
915 3245 1027 3314 multa
1049 3244 1182 3334 templa
1204 3239 1385 3311 sedunum

205 3351 399 3441 templum,
426 3351 510 3442 quia
534 3351 640 3420 unius
663 3352 831 3442 templum
855 3359 909 3422 est
924 3353 1113 3444 potestatis
1131 3320 1204 3420 n‘s.
1220 3351 1383 3419 Ambros-

207 3459 251 3527 de
275 3457 416 3561 Spiritu
440 3457 567 3536 Sancto
589 3457 943 3547 1.‘111.c.12.n.91.;
962 3458 1203 3548 c.16.n.112.
1231 3458 1312 3529 vide
1335 3455 1385 3524 ihi

206 3564 357 3656 reliqua.
374 3565 411 3633 S.
424 3565 584 3655 Cyrillus
608 3589 708 3656 quem
720 3575 721 3579 ’
732 3566 955 3637 existimavit
971 3568 1141 3636 Petavius
1166 3565 1312 3633 maxime
1327 3562 1384 3631 do·

207 3673 322 3742 cuisse
343 3695 412 3741 non
436 3673 575 3764 quidem
599 3679 796 3764 separatam
828 3675 888 3744 sed
918 3680 1035 3743 tamen
1071 3674 1178 3741 aliam
1209 3672 1384 3741 diversam

207 3780 498 3849 inhabitationem
522 3781 678 3871 Spiritus
695 3781 830 3868 Sancti,
848 3804 952 3873 quam
968 3782 1017 3850 sit
1032 3780 1245 3850 inhabitatio
1266 3778 1385 3847 Patris

207 3892 246 3955 et
267 3886 378 3973 Filii,
403 3910 471 3956 non
495 3889 611 3956 minus
634 3888 728 3958 clare
750 3890 850 3958 docet
873 3888 1163 3958 inhabitationem
1180 3886 1383 3956 divinarum

208 4018 446 4086 personarum,
465 4002 506 4065 ιιι
529 4003 614 4065 sunt
638 4020 730 4066 unus
752 3998 848 4066 Deus
877 3997 1013 4066 unitate
1036 4002 1196 4064 naturae.
1227 3994 1382 4063 «Venie-

206 4127 308 4188 mus,
334 4104 454 4196 inquit
476 4105 652 4190 Christus,
667 4107 712 4174 ad
736 4129 814 4175 eum
838 4129 902 4195 ego
926 4111 961 4175 ιι
984 4106 1089 4174 Pater
1111 4112 1148 4174 ιι
1172 4104 1383 4173 mansionem

207 4212 302 4302 apud
326 4235 405 4279 eum
429 4214 606 4283 faciemus.
632 4215 824 4284 Habitante
848 4216 974 4306 quippe
1005 4215 1042 4282 in
1071 4214 1171 4282 nobis
1195 4214 1383 4281 Servatore

207 4323 328 4386 nostro
351 4309 492 4389 Christo
515 4345 577 4411 per
600 4321 774 4413 Spiritum
795 4322 974 4408 Sanctum,
992 4322 1063 4391 erit
1086 4344 1222 4414 quoque
1246 4321 1385 4388 omnino

208 4425 389 4493 nobiscum
412 4432 448 4495 et
471 4427 633 4517 genit0r5
659 4449 739 4496 nam
758 4429 916 4519 Spiritus
932 4419 1065 4498 Christi
1082 4429 1172 4498 idem
1191 4432 1298 4496 estet
1319 4427 1383 4494 Pa-
