3172 4950
667 355 705 371 ..
725 322 787 385 207
806 354 845 371 .-

191 453 245 502 πο
269 437 350 502 tres
372 427 592 501 snbstantias
624 449 685 498 seu
716 431 888 499 essentias
910 428 1051 500 divinos
1074 426 1216 500 admitti
1239 449 1341 521 quam

190 563 227 611 ss
251 539 448 610 distinctas
470 537 692 628 hypostases.
708 536 931 606 Ghntherum
948 559 1031 607 vero
1055 535 1149 608 ineo
1167 558 1267 630 quem
1290 536 1340 606 di·

190 671 288 733 mus,
306 669 427 717 errore
451 646 562 717 fnisse
584 646 697 738 quoad
721 645 939 736 operationes
962 644 1114 729 divinas,
1140 648 1196 714 est
1219 644 1338 713 sertis·

190 779 300 826 mum.
323 782 341 819 u
358 753 535 823 Solvenda
557 759 612 822 sat
634 752 805 845 quaestio,
830 750 949 844 inquit
971 750 1145 838 Gnnther,
1173 773 1341 844 quaenam

190 862 350 932 stribus
373 861 507 930 divinis
529 882 570 930 ao
592 861 833 952 personalibus
857 858 1067 929 substantiis
1089 859 1201 929 ideam
1216 859 1283 931 Dei
1299 859 1341 930 de

190 971 332 1043 niverso
355 968 456 1040 etde
479 973 641 1039 ereatura
664 968 709 1038 ad
732 966 932 1038 realitatem
955 967 1172 1058 perduxerit,
1192 967 1224 1039 si
1239 989 1281 1037 sa
1295 969 1340 1038 ad

190 1079 364 1151 salitatsm
389 1076 538 1146 deducta
559 1098 629 1144 non
651 1081 706 1146 est
728 1077 772 1145 ab
795 1074 953 1144 omnibns
974 1074 1090 1144 tribus
1121 1074 1238 1145 simul.
1264 1076 1342 1144 Hoo

190 1187 326 1254 trinam
348 1208 442 1252 nemo
469 1198 556 1251 certe
578 1183 778 1273 affirmabis
790 1231 800 1266 ,
825 1181 1122 1275 qni-intellexerit
1144 1181 1340 1254 distinetio-

189 1316 244 1364 sm
265 1293 362 1362 inter
384 1313 581 1383 processum
604 1289 731 1360 realem
754 1289 999 1380 theogonioum
1022 1289 1060 1359 in
1089 1289 1167 1359 vita
1188 1289 1341 1362 absoluti

189 1401 220 1472 h.
235 1423 267 1471 e.
283 1399 381 1469 inter
403 1397 638 1490 processiones
661 1397 950 1469 substantialium
976 1402 1216 1489 personarum)
1239 1402 1275 1469 st
1288 1397 1341 1467 in·

189 1531 224 1579 er
244 1528 443 1599 processum
478 1505 658 1575 formalem
687 1505 908 1596 singularum
936 1504 1183 1595 hypostasium
1209 1504 1248 1575 in
1277 1504 1343 1575 illa

189 1616 247 1686 rita
268 1614 320 1701 (h.
338 1635 368 1683 s.
387 1612 482 1682 inter
506 1613 666 1699 modum,
693 1637 760 1706 qno
783 1612 944 1703 singulae
966 1634 1131 1704 personae
1163 1636 1200 1683 se
1224 1613 1342 1684 sciunt

189 1731 210 1793 t
227 1746 263 1793 se
283 1723 330 1792 ab
343 1720 428 1790 aliis
441 1719 651 1810 intelligunt
665 1720 909 1808 distinctas)...
928 1721 971 1789 In
986 1720 1261 1792 manifestatione
1276 1719 1342 1791 Dei

189 1831 218 1901 ul
237 1836 340 1901 extra
361 1827 478 1897 omnia
500 1834 585 1897 sunt
607 1828 817 1920 personalia,
833 1828 870 1898 h.
884 1850 915 1898 e.
930 1827 1118 1898 tribuenda
1132 1832 1174 1898 nt
1188 1827 1343 1919 operatio

188 1959 215 2009 re
234 1960 318 2030 opus
341 1942 524 2028 operatum
547 1936 611 2006 uni
633 1956 798 2028 personae
820 1935 1072 2006 determinatae
1102 1941 1139 2006 et
1168 1935 1261 2006 nulli
1291 1935 1341 2004 al·

188 2044 252 2131 ari,
268 2045 448 2138 multoque
471 2045 587 2113 minus
602 2044 760 2114 omnibus
775 2044 892 2148 tribus
908 2042 1025 2113 simul.
1043 2070 1060 2108 n
1078 2044 1189 2113 Dooet
1203 2041 1339 2129 deinde,

188 2151 378 2222 restionem
400 2150 667 2242 praedicandam
690 2171 765 2220 esse
784 2150 856 2220 ude
879 2149 979 2221 nulla
992 2150 1226 2242 aliapersona
1239 2170 1342 2244 quam

188 2256 409 2342 busunda,
435 2257 477 2327 de
491 2257 642 2344 Filiou;
667 2258 828 2327 unionem
851 2279 935 2327 vero
965 2263 1147 2327 ornaturae
1170 2280 1248 2327 oum
1271 2257 1342 2327 Deo

188 2364 259 2436 moi
279 2386 302 2433 a
323 2386 472 2456 persona
493 2366 613 2435 tertia.
631 2366 860 2458 Propasdent.
882 2366 923 2435 Τ.
944 2366 994 2434 Π.
1014 2390 1049 2458 p.
1064 2366 1225 2455 ooo-aun
1240 2366 1342 2456 Sym·

188 2472 290 2562 posion
305 2471 490 2562 Peregrini
501 2495 536 2563 p.
554 2471 632 2542 388.
647 2472 726 2542 396.
744 2478 811 2543 eto.
826 2470 1115 2543 Communitatem
1131 2471 1343 2565 operationis

189 2600 242 2648 son
261 2580 368 2653 aliam
391 2580 576 2670 agnoseit,
600 2579 671 2651 nisi
694 2579 785 2673 qnod
807 2579 845 2649 in
869 2580 1076 2672 quibusdam
1099 2580 1343 2673 operibusuna

193 2709 318 2777 pesona
338 2708 466 2773 unam,
490 2688 563 2757 alia
584 2688 692 2757 aliam
714 2694 849 2780 partem
880 2689 1096 2782 exsequitur.
1122 2687 1182 2759 Sio
1204 2687 1280 2774 ait,
1304 2687 1342 2757 in

194 2794 416 2867 humatione
437 2796 546 2867 Verbi
569 2796 742 2888 Spiritum
764 2796 933 2867 Sanotnm
956 2797 1161 2888 produxisse
1195 2819 1340 2888 eorpus,

195 2899 309 2974 Patrem
331 2924 467 2974 creasse
482 2904 632 2973 animam
647 2902 794 2990 Christi,
811 2903 868 2973 vel
884 2904 1008 2975 saltem
1025 2905 1161 2976 animae
1176 2926 1254 2976 oum
1270 2926 1342 2975 oor·

199 3031 258 3097 pore
278 3011 438 3082 unionem
453 3011 610 3083 effecisse
625 3012 793 3103 Propaed.
809 3011 856 3081 ib.
871 3036 906 3104 p.
922 3012 1016 3101 371,
1034 3012 1194 3104 Sympos.
1214 3036 1248 3104 p.
1261 3010 1339 3081 396.

199 3112 247 3186 bis
264 3120 419 3190 omnibns
441 3118 578 3189 omnino
593 3119 804 3190 contrariam
819 3143 895 3191 esse
910 3120 1105 3193 doetrinam
1120 3118 1340 3205 catholieam,
1455 3197 1471 3209 ,

201 3223 308 3298 sonos
329 3233 468 3300 oonstat
488 3251 532 3299 ex
554 3228 803 3299 demonstratis
833 3227 871 3299 in
894 3227 999 3299 thesi.
