<?xml version="1.0" encoding="UTF-8"?>
<!DOCTYPE html PUBLIC "-//W3C//DTD XHTML 1.0 Transitional//EN"
    "http://www.w3.org/TR/xhtml1/DTD/xhtml1-transitional.dtd">
<html xmlns="http://www.w3.org/1999/xhtml" xml:lang="en" lang="en">
 <head>
  <title>
</title>
<meta http-equiv="Content-Type" content="text/html;charset=utf-8" />
  <meta name='ocr-system' content='tesseract 3.04.00' />
  <meta name='ocr-capabilities' content='ocr_page ocr_carea ocr_par ocr_line ocrx_word'/>
</head>
<body>
  <div class='ocr_page' id='page_1' title='image "./tractatusdedeot00frangoog/tractatusdedeot00frangoog_0289.png"; bbox 0 0 3172 4950; ppageno 0'>
   <div class='ocr_carea' id='block_1_1' title="bbox 214 291 1414 2541">
    <p class='ocr_par' dir='ltr' id='par_1_1' title="bbox 214 291 1414 2434">
     <span class='ocr_line' id='line_1_1' title="bbox 719 291 899 353; baseline 0.006 -17"><span class='ocrx_word' id='word_1_1' title='bbox 719 323 758 336; x_wconf 89' lang='lat'>-</span> <span class='ocrx_word' id='word_1_2' title='bbox 778 291 839 353; x_wconf 74' lang='lat'><strong>278</strong></span> <span class='ocrx_word' id='word_1_3' title='bbox 859 323 899 337; x_wconf 89' lang='lat'>-</span> 
     </span>
     <span class='ocr_line' id='line_1_2' title="bbox 221 394 1364 489; baseline -0.002 -25"><span class='ocrx_word' id='word_1_4' title='bbox 221 404 320 467; x_wconf 89' lang='lat' dir='ltr'><strong>mant</strong></span> <span class='ocrx_word' id='word_1_5' title='bbox 342 398 384 466; x_wconf 90' lang='lat' dir='ltr'><strong>de</strong></span> <span class='ocrx_word' id='word_1_6' title='bbox 408 398 472 468; x_wconf 87' lang='lat' dir='ltr'><strong>SS.</strong></span> <span class='ocrx_word' id='word_1_7' title='bbox 489 397 676 468; x_wconf 76' lang='lat' dir='ltr'><strong>Trinitate.</strong></span> <span class='ocrx_word' id='word_1_8' title='bbox 693 397 879 467; x_wconf 79' lang='lat' dir='ltr'><strong>Terminus</strong></span> <span class='ocrx_word' id='word_1_9' title='bbox 902 421 925 464; x_wconf 81' lang='lat' dir='ltr'><strong>a</strong></span> <span class='ocrx_word' id='word_1_10' title='bbox 940 421 1006 489; x_wconf 80' lang='lat' dir='ltr'><strong>quo</strong></span> <span class='ocrx_word' id='word_1_11' title='bbox 1024 394 1364 487; x_wconf 73' lang='lat' dir='ltr'><strong>progrediendnmcct,</strong></span> 
     </span>
     <span class='ocr_line' id='line_1_3' title="bbox 221 502 1367 597; baseline -0.002 -25"><span class='ocrx_word' id='word_1_12' title='bbox 221 511 256 573; x_wconf 89' lang='lat' dir='ltr'><strong>et</strong></span> <span class='ocrx_word' id='word_1_13' title='bbox 278 529 321 575; x_wconf 89' lang='lat' dir='ltr'><strong>ex</strong></span> <span class='ocrx_word' id='word_1_14' title='bbox 345 529 412 597; x_wconf 92' lang='lat' dir='ltr'><strong>quo</strong></span> <span class='ocrx_word' id='word_1_15' title='bbox 434 506 609 597; x_wconf 86' lang='lat' dir='ltr'><strong>repetitur</strong></span> <span class='ocrx_word' id='word_1_16' title='bbox 628 511 903 594; x_wconf 70' lang='lat' dir='ltr'><strong>sargumentum</strong></span> <span class='ocrx_word' id='word_1_17' title='bbox 921 527 1059 595; x_wconf 77' lang='lat' dir='ltr'><strong>cogens,</strong></span> <span class='ocrx_word' id='word_1_18' title='bbox 1076 531 1094 567; x_wconf 76' lang='lat' dir='ltr'><strong>n</strong></span> <span class='ocrx_word' id='word_1_19' title='bbox 1117 509 1162 573; x_wconf 86' lang='lat' dir='ltr'><strong>ut</strong></span> <span class='ocrx_word' id='word_1_20' title='bbox 1187 502 1258 594; x_wconf 90' lang='lat' dir='ltr'><strong>ipsi</strong></span> <span class='ocrx_word' id='word_1_21' title='bbox 1279 502 1367 587; x_wconf 76' lang='lat' dir='ltr'><strong>siout</strong></span> 
     </span>
     <span class='ocr_line' id='line_1_4' title="bbox 220 611 1370 702; baseline -0.003 -21"><span class='ocrx_word' id='word_1_22' title='bbox 220 614 256 683; x_wconf 89' lang='lat' dir='ltr'><strong>h.</strong></span> <span class='ocrx_word' id='word_1_23' title='bbox 271 637 301 682; x_wconf 88' lang='lat' dir='ltr'><strong>e.</strong></span> <span class='ocrx_word' id='word_1_24' title='bbox 321 613 570 682; x_wconf 80' lang='lat' dir='ltr'><strong>demonstratio</strong></span> <span class='ocrx_word' id='word_1_25' title='bbox 593 612 737 681; x_wconf 85' lang='lat' dir='ltr'><strong>evidens</strong></span> <span class='ocrx_word' id='word_1_26' title='bbox 759 636 821 702; x_wconf 93' lang='lat' dir='ltr'><strong>pro</strong></span> <span class='ocrx_word' id='word_1_27' title='bbox 844 611 1034 681; x_wconf 84' lang='lat' dir='ltr'><strong>existentia</strong></span> <span class='ocrx_word' id='word_1_28' title='bbox 1044 611 1155 680; x_wconf 87' lang='lat' dir='ltr'><strong>trium</strong></span> <span class='ocrx_word' id='word_1_29' title='bbox 1171 632 1370 700; x_wconf 78' lang='lat' dir='ltr'><strong>personarum</strong></span> 
     </span>
     <span class='ocr_line' id='line_1_5' title="bbox 220 717 1372 812; baseline -0.003 -23"><span class='ocrx_word' id='word_1_30' title='bbox 220 721 445 803; x_wconf 81' lang='lat' dir='ltr'><strong>divinarum,</strong></span> <span class='ocrx_word' id='word_1_31' title='bbox 470 721 558 810; x_wconf 91' lang='lat' dir='ltr'><strong>ipsis</strong></span> <span class='ocrx_word' id='word_1_32' title='bbox 580 726 634 789; x_wconf 89' lang='lat' dir='ltr'><strong>est</strong></span> <span class='ocrx_word' id='word_1_33' title='bbox 655 720 894 812; x_wconf 79' lang='lat' dir='ltr'><strong>philosophice</strong></span> <span class='ocrx_word' id='word_1_34' title='bbox 917 719 1081 810; x_wconf 84' lang='lat' dir='ltr'><strong>cognitus</strong></span> <span class='ocrx_word' id='word_1_35' title='bbox 1103 718 1255 810; x_wconf 89' lang='lat' dir='ltr'><strong>spiritns</strong></span> <span class='ocrx_word' id='word_1_36' title='bbox 1276 717 1372 786; x_wconf 72' lang='lat' dir='ltr'><strong>hune</strong></span> 
     </span>
     <span class='ocr_line' id='line_1_6' title="bbox 220 812 1414 931; baseline -0.002 -37"><span class='ocrx_word' id='word_1_37' title='bbox 220 850 298 896; x_wconf 87' lang='lat' dir='ltr'><strong>nus.</strong></span> <span class='ocrx_word' id='word_1_38' title='bbox 317 828 402 897; x_wconf 90' lang='lat' dir='ltr'><strong>Cum</strong></span> <span class='ocrx_word' id='word_1_39' title='bbox 425 827 510 897; x_wconf 89' lang='lat' dir='ltr'><strong>haec</strong></span> <span class='ocrx_word' id='word_1_40' title='bbox 534 827 735 918; x_wconf 88' lang='lat' dir='ltr'><strong>pertineant</strong></span> <span class='ocrx_word' id='word_1_41' title='bbox 758 826 802 895; x_wconf 89' lang='lat' dir='ltr'><strong>ad</strong></span> <span class='ocrx_word' id='word_1_42' title='bbox 826 826 904 917; x_wconf 90' lang='lat' dir='ltr'><strong>ipsa</strong></span> <span class='ocrx_word' id='word_1_43' title='bbox 927 824 1103 917; x_wconf 83' lang='lat' dir='ltr'><strong>principia</strong></span> <span class='ocrx_word' id='word_1_44' title='bbox 1130 831 1169 894; x_wconf 88' lang='lat' dir='ltr'><strong>et</strong></span> <span class='ocrx_word' id='word_1_45' title='bbox 1198 825 1245 894; x_wconf 82' lang='lat' dir='ltr'><strong>ud</strong></span> <span class='ocrx_word' id='word_1_46' title='bbox 1267 821 1375 892; x_wconf 82' lang='lat' dir='ltr'><strong>melui-</strong></span> <span class='ocrx_word' id='word_1_47' title='bbox 1410 812 1414 931; x_wconf 66' lang='grc' dir='ltr'>ξ</span> 
     </span>
     <span class='ocr_line' id='line_1_7' title="bbox 219 931 1414 1026; baseline -0.001 -24"><span class='ocrx_word' id='word_1_48' title='bbox 219 935 288 1003; x_wconf 90' lang='lat' dir='ltr'><strong>lam</strong></span> <span class='ocrx_word' id='word_1_49' title='bbox 312 934 467 1024; x_wconf 87' lang='lat' dir='ltr'><strong>ipsorum</strong></span> <span class='ocrx_word' id='word_1_50' title='bbox 491 935 682 1020; x_wconf 85' lang='lat' dir='ltr'><strong>doctrinae,</strong></span> <span class='ocrx_word' id='word_1_51' title='bbox 705 941 897 1005; x_wconf 89' lang='lat' dir='ltr'><strong>recurrunt</strong></span> <span class='ocrx_word' id='word_1_52' title='bbox 919 935 1037 1004; x_wconf 87' lang='lat' dir='ltr'><strong>eadem</strong></span> <span class='ocrx_word' id='word_1_53' title='bbox 1059 934 1193 1026; x_wconf 78' lang='lat' dir='ltr'><strong>possim</strong></span> <span class='ocrx_word' id='word_1_54' title='bbox 1215 940 1254 1003; x_wconf 90' lang='lat' dir='ltr'><strong>et</strong></span> <span class='ocrx_word' id='word_1_55' title='bbox 1275 931 1375 1001; x_wconf 84' lang='lat' dir='ltr'><strong>multis</strong></span> <span class='ocrx_word' id='word_1_56' title='bbox 1410 966 1414 1025; x_wconf 71' lang='grc'><strong>1</strong></span> 
     </span>
     <span class='ocr_line' id='line_1_8' title="bbox 219 1030 1414 1143; baseline -0.003 -31"><span class='ocrx_word' id='word_1_57' title='bbox 219 1044 397 1114; x_wconf 84' lang='lat' dir='ltr'><strong>declarata</strong></span> <span class='ocrx_word' id='word_1_58' title='bbox 420 1045 458 1112; x_wconf 91' lang='lat' dir='ltr'><strong>in</strong></span> <span class='ocrx_word' id='word_1_59' title='bbox 480 1066 598 1112; x_wconf 90' lang='lat' dir='ltr'><strong>eorum</strong></span> <span class='ocrx_word' id='word_1_60' title='bbox 622 1043 737 1113; x_wconf 87' lang='lat' dir='ltr'><strong>libris.</strong></span> <span class='ocrx_word' id='word_1_61' title='bbox 757 1043 817 1113; x_wconf 87' lang='lat' dir='ltr'><strong>Sic</strong></span> <span class='ocrx_word' id='word_1_62' title='bbox 839 1067 870 1112; x_wconf 88' lang='lat' dir='ltr'><strong>e.</strong></span> <span class='ocrx_word' id='word_1_63' title='bbox 885 1070 922 1133; x_wconf 86' lang='lat' dir='ltr'><strong>g.</strong></span> <span class='ocrx_word' id='word_1_64' title='bbox 945 1042 1108 1113; x_wconf 77' lang='lat' dir='ltr'><strong>Giinther</strong></span> <span class='ocrx_word' id='word_1_65' title='bbox 1139 1042 1179 1111; x_wconf 91' lang='lat' dir='ltr'><strong>in</strong></span> <span class='ocrx_word' id='word_1_66' title='bbox 1209 1041 1376 1110; x_wconf 72' lang='lat' dir='ltr'><strong>annalibus</strong></span> <span class='ocrx_word' id='word_1_67' title='bbox 1410 1030 1414 1143; x_wconf 63' lang='lat' dir='ltr'><strong>i</strong></span> 
     </span>
     <span class='ocr_line' id='line_1_9' title="bbox 218 1150 1414 1243; baseline -0.001 -24"><span class='ocrx_word' id='word_1_68' title='bbox 218 1152 470 1243; x_wconf 80' lang='lat' dir='ltr'><strong>philosophicis</strong></span> <span class='ocrx_word' id='word_1_69' title='bbox 483 1152 666 1242; x_wconf 89' lang='lat' dir='ltr'><strong>inscriptis</strong></span> <span class='ocrx_word' id='word_1_70' title='bbox 677 1151 796 1241; x_wconf 84' lang='lat' dir='ltr'><strong>Lydia</strong></span> <span class='ocrx_word' id='word_1_71' title='bbox 816 1151 916 1221; x_wconf 81' lang='grc'><strong>1852.</strong></span> <span class='ocrx_word' id='word_1_72' title='bbox 930 1176 966 1242; x_wconf 92' lang='lat' dir='ltr'><strong>p.</strong></span> <span class='ocrx_word' id='word_1_73' title='bbox 976 1150 1146 1220; x_wconf 81' lang='lat'><strong>441.442.</strong></span> <span class='ocrx_word' id='word_1_74' title='bbox 1157 1150 1273 1241; x_wconf 90' lang='lat' dir='ltr'><strong>primo</strong></span> <span class='ocrx_word' id='word_1_75' title='bbox 1295 1173 1375 1218; x_wconf 88' lang='lat' dir='ltr'><strong>suum</strong></span> <span class='ocrx_word' id='word_1_76' title='bbox 1410 1156 1414 1207; x_wconf 79' lang='lat'><strong>¹.</strong></span> 
     </span>
     <span class='ocr_line' id='line_1_10' title="bbox 219 1228 1414 1352; baseline -0.003 -22"><span class='ocrx_word' id='word_1_77' title='bbox 219 1268 420 1352; x_wconf 87' lang='lat' dir='ltr'><strong>conceptum</strong></span> <span class='ocrx_word' id='word_1_78' title='bbox 458 1260 781 1351; x_wconf 68' lang='lat' dir='ltr'><strong>«speculativum»</strong></span> <span class='ocrx_word' id='word_1_79' title='bbox 822 1259 1014 1330; x_wconf 69' lang='lat' dir='ltr'><strong>Trinitatis</strong></span> <span class='ocrx_word' id='word_1_80' title='bbox 1037 1261 1206 1352; x_wconf 81' lang='lat' dir='ltr'><strong>exponit,</strong></span> <span class='ocrx_word' id='word_1_81' title='bbox 1233 1257 1377 1329; x_wconf 82' lang='lat' dir='ltr'><strong>videlicet</strong></span> <span class='ocrx_word' id='word_1_82' title='bbox 1408 1228 1414 1339; x_wconf 80' lang='lat' dir='ltr'><strong>l</strong></span> 
     </span>
     <span class='ocr_line' id='line_1_11' title="bbox 221 1368 1414 1461; baseline 0 -26"><span class='ocrx_word' id='word_1_83' title='bbox 221 1393 452 1461; x_wconf 72' lang='lat' dir='ltr'><strong>«processum</strong></span> <span class='ocrx_word' id='word_1_84' title='bbox 476 1370 571 1438; x_wconf 89' lang='lat' dir='ltr'><strong>vitae</strong></span> <span class='ocrx_word' id='word_1_85' title='bbox 594 1371 631 1438; x_wconf 94' lang='lat' dir='ltr'><strong>in</strong></span> <span class='ocrx_word' id='word_1_86' title='bbox 654 1377 734 1438; x_wconf 89' lang='lat' dir='ltr'><strong>ente</strong></span> <span class='ocrx_word' id='word_1_87' title='bbox 757 1369 918 1438; x_wconf 90' lang='lat' dir='ltr'><strong>absoluto</strong></span> <span class='ocrx_word' id='word_1_88' title='bbox 941 1370 994 1456; x_wconf 91' lang='lat' dir='ltr'><strong>(in</strong></span> <span class='ocrx_word' id='word_1_89' title='bbox 1016 1370 1103 1456; x_wconf 90' lang='lat' dir='ltr'><strong>Deo)</strong></span> <span class='ocrx_word' id='word_1_90' title='bbox 1126 1391 1169 1438; x_wconf 92' lang='lat' dir='ltr'><strong>ac</strong></span> <span class='ocrx_word' id='word_1_91' title='bbox 1192 1368 1374 1436; x_wconf 68' lang='lat' dir='ltr'><strong>manifeste</strong></span> <span class='ocrx_word' id='word_1_92' title='bbox 1410 1372 1414 1415; x_wconf 71' lang='lat'>³</span> 
     </span>
     <span class='ocr_line' id='line_1_12' title="bbox 216 1473 1414 1570; baseline -0.003 -23"><span class='ocrx_word' id='word_1_93' title='bbox 216 1478 346 1547; x_wconf 92' lang='lat' dir='ltr'><strong>tionem</strong></span> <span class='ocrx_word' id='word_1_94' title='bbox 369 1478 436 1547; x_wconf 91' lang='lat' dir='ltr'><strong>Dei</strong></span> <span class='ocrx_word' id='word_1_95' title='bbox 458 1477 502 1546; x_wconf 86' lang='lat' dir='ltr'><strong>ad</strong></span> <span class='ocrx_word' id='word_1_96' title='bbox 525 1477 621 1546; x_wconf 84' lang='lat' dir='ltr'><strong>intra</strong></span> <span class='ocrx_word' id='word_1_97' title='bbox 637 1477 689 1545; x_wconf 88' lang='lat' dir='ltr'><strong>ita</strong></span> <span class='ocrx_word' id='word_1_98' title='bbox 703 1477 843 1566; x_wconf 88' lang='lat' dir='ltr'><strong>perfici,</strong></span> <span class='ocrx_word' id='word_1_99' title='bbox 864 1485 906 1546; x_wconf 90' lang='lat' dir='ltr'><strong>ut</strong></span> <span class='ocrx_word' id='word_1_100' title='bbox 920 1478 1009 1546; x_wconf 78' lang='lat' dir='ltr'><strong>Eme</strong></span> <span class='ocrx_word' id='word_1_101' title='bbox 1023 1477 1089 1546; x_wconf 87' lang='lat' dir='ltr'><strong>Dei</strong></span> <span class='ocrx_word' id='word_1_102' title='bbox 1103 1482 1284 1570; x_wconf 82' lang='lat' dir='ltr'><strong>tamqnam</strong></span> <span class='ocrx_word' id='word_1_103' title='bbox 1296 1473 1374 1566; x_wconf 82' lang='lat' dir='ltr'><strong>priu-</strong></span> <span class='ocrx_word' id='word_1_104' title='bbox 1409 1478 1414 1497; x_wconf 77' lang='lat'><strong>¹</strong></span> 
     </span>
     <span class='ocr_line' id='line_1_13' title="bbox 217 1582 1372 1678; baseline -0.003 -23"><span class='ocrx_word' id='word_1_105' title='bbox 217 1587 346 1678; x_wconf 92' lang='lat' dir='ltr'><strong>cipium</strong></span> <span class='ocrx_word' id='word_1_106' title='bbox 370 1586 568 1655; x_wconf 89' lang='lat' dir='ltr'><strong>absolutum</strong></span> <span class='ocrx_word' id='word_1_107' title='bbox 592 1583 787 1673; x_wconf 78' lang='lat' dir='ltr'><strong>duplicetur</strong></span> <span class='ocrx_word' id='word_1_108' title='bbox 802 1609 833 1672; x_wconf 70' lang='grc' dir='ltr'><strong>»ς</strong></span> <span class='ocrx_word' id='word_1_109' title='bbox 859 1591 935 1655; x_wconf 90' lang='lat' dir='ltr'><strong>tum</strong></span> <span class='ocrx_word' id='word_1_110' title='bbox 960 1607 1043 1655; x_wconf 88' lang='lat' dir='ltr'><strong>vero</strong></span> <span class='ocrx_word' id='word_1_111' title='bbox 1067 1583 1238 1670; x_wconf 86' lang='lat' dir='ltr'><strong>ulterius,</strong></span> <span class='ocrx_word' id='word_1_112' title='bbox 1263 1582 1372 1676; x_wconf 75' lang='lat' dir='ltr'><strong>inquit,</strong></span> 
     </span>
     <span class='ocr_line' id='line_1_14' title="bbox 220 1694 1372 1786; baseline 0.002 -27"><span class='ocrx_word' id='word_1_113' title='bbox 220 1719 296 1765; x_wconf 78' lang='lat' dir='ltr'><strong>aex</strong></span> <span class='ocrx_word' id='word_1_114' title='bbox 320 1696 454 1764; x_wconf 89' lang='lat' dir='ltr'><strong>dnobus</strong></span> <span class='ocrx_word' id='word_1_115' title='bbox 476 1694 638 1764; x_wconf 81' lang='lat' dir='ltr'><strong>membris</strong></span> <span class='ocrx_word' id='word_1_116' title='bbox 662 1695 892 1786; x_wconf 89' lang='lat' dir='ltr'><strong>oppositionis</strong></span> <span class='ocrx_word' id='word_1_117' title='bbox 915 1696 1036 1782; x_wconf 90' lang='lat' dir='ltr'><strong>(Patre</strong></span> <span class='ocrx_word' id='word_1_118' title='bbox 1052 1701 1089 1763; x_wconf 89' lang='lat' dir='ltr'><strong>et</strong></span> <span class='ocrx_word' id='word_1_119' title='bbox 1102 1694 1215 1781; x_wconf 82' lang='lat' dir='ltr'><strong>Filio)</strong></span> <span class='ocrx_word' id='word_1_120' title='bbox 1238 1715 1372 1784; x_wconf 86' lang='lat' dir='ltr'><strong>proruu-</strong></span> 
     </span>
     <span class='ocr_line' id='line_1_15' title="bbox 217 1797 1370 1895; baseline -0.003 -25"><span class='ocrx_word' id='word_1_121' title='bbox 217 1803 272 1894; x_wconf 89' lang='lat' dir='ltr'><strong>pit</strong></span> <span class='ocrx_word' id='word_1_122' title='bbox 293 1804 393 1885; x_wconf 81' lang='lat' dir='ltr'><strong>Esse,</strong></span> <span class='ocrx_word' id='word_1_123' title='bbox 420 1801 676 1894; x_wconf 86' lang='lat' dir='ltr'><strong>quod.ntrique</strong></span> <span class='ocrx_word' id='word_1_124' title='bbox 693 1802 849 1892; x_wconf 86' lang='lat' dir='ltr'><strong>aequale,</strong></span> <span class='ocrx_word' id='word_1_125' title='bbox 868 1802 987 1871; x_wconf 87' lang='lat' dir='ltr'><strong>nentri</strong></span> <span class='ocrx_word' id='word_1_126' title='bbox 1003 1801 1314 1895; x_wconf 85' lang='lat' dir='ltr'><strong>quomodocumque</strong></span> <span class='ocrx_word' id='word_1_127' title='bbox 1332 1797 1370 1866; x_wconf 89' lang='lat' dir='ltr'><strong>in·</strong></span> 
     </span>
     <span class='ocr_line' id='line_1_16' title="bbox 216 1908 1368 2001; baseline -0.004 -23"><span class='ocrx_word' id='word_1_128' title='bbox 216 1910 360 2001; x_wconf 78' lang='lat' dir='ltr'><strong>aequale</strong></span> <span class='ocrx_word' id='word_1_129' title='bbox 383 1919 468 1981; x_wconf 75' lang='lat' dir='ltr'><strong>esto</strong></span> <span class='ocrx_word' id='word_1_130' title='bbox 503 1910 682 2000; x_wconf 83' lang='lat' dir='ltr'><strong>(Spiritus</strong></span> <span class='ocrx_word' id='word_1_131' title='bbox 714 1908 899 1997; x_wconf 83' lang='lat' dir='ltr'><strong>Sanctus).</strong></span> <span class='ocrx_word' id='word_1_132' title='bbox 925 1910 1110 1979; x_wconf 86' lang='lat' dir='ltr'><strong>Iudicatur</strong></span> <span class='ocrx_word' id='word_1_133' title='bbox 1133 1908 1259 1978; x_wconf 86' lang='lat' dir='ltr'><strong>deinde</strong></span> <span class='ocrx_word' id='word_1_134' title='bbox 1287 1909 1368 1988; x_wconf 79' lang='lat' dir='ltr'><strong>fons,</strong></span> 
     </span>
     <span class='ocr_line' id='line_1_17' title="bbox 217 2017 1369 2111; baseline -0.006 -25"><span class='ocrx_word' id='word_1_135' title='bbox 217 2018 308 2111; x_wconf 78' lang='lat' dir='ltr'><strong>unde</strong></span> <span class='ocrx_word' id='word_1_136' title='bbox 331 2017 511 2088; x_wconf 87' lang='lat' dir='ltr'><strong>derivetur</strong></span> <span class='ocrx_word' id='word_1_137' title='bbox 535 2017 642 2087; x_wconf 89' lang='lat' dir='ltr'><strong>huius</strong></span> <span class='ocrx_word' id='word_1_138' title='bbox 664 2018 717 2087; x_wconf 89' lang='lat' dir='ltr'><strong>rei</strong></span> <span class='ocrx_word' id='word_1_139' title='bbox 742 2017 1013 2087; x_wconf 77' lang='lat' dir='ltr'><strong>demonstratioz</strong></span> <span class='ocrx_word' id='word_1_140' title='bbox 1043 2046 1060 2081; x_wconf 83' lang='lat' dir='ltr'><strong>a</strong></span> <span class='ocrx_word' id='word_1_141' title='bbox 1074 2031 1310 2106; x_wconf 71' lang='lat' dir='ltr'><strong>arqamentam</strong></span> <span class='ocrx_word' id='word_1_142' title='bbox 1333 2037 1369 2079; x_wconf 76' lang='lat' dir='ltr'><strong>oo</strong></span> 
     </span>
     <span class='ocr_line' id='line_1_18' title="bbox 214 2121 1367 2219; baseline -0.003 -25"><span class='ocrx_word' id='word_1_143' title='bbox 214 2152 297 2219; x_wconf 71' lang='lat' dir='ltr'><strong>qens</strong></span> <span class='ocrx_word' id='word_1_144' title='bbox 320 2127 364 2195; x_wconf 90' lang='lat' dir='ltr'><strong>ad</strong></span> <span class='ocrx_word' id='word_1_145' title='bbox 387 2127 604 2196; x_wconf 88' lang='lat' dir='ltr'><strong>admittenda</strong></span> <span class='ocrx_word' id='word_1_146' title='bbox 626 2126 699 2195; x_wconf 87' lang='lat' dir='ltr'><strong>tria</strong></span> <span class='ocrx_word' id='word_1_147' title='bbox 722 2127 807 2195; x_wconf 91' lang='lat' dir='ltr'><strong>haec</strong></span> <span class='ocrx_word' id='word_1_148' title='bbox 830 2132 1002 2195; x_wconf 88' lang='lat' dir='ltr'><strong>momenta</strong></span> <span class='ocrx_word' id='word_1_149' title='bbox 1025 2130 1120 2214; x_wconf 89' lang='lat' dir='ltr'><strong>(tres</strong></span> <span class='ocrx_word' id='word_1_150' title='bbox 1143 2121 1367 2215; x_wconf 83' lang='lat' dir='ltr'><strong>personas)in</strong></span> 
     </span>
     <span class='ocr_line' id='line_1_19' title="bbox 215 2232 1367 2325; baseline -0.007 -22"><span class='ocrx_word' id='word_1_151' title='bbox 215 2235 497 2305; x_wconf 78' lang='lat' dir='ltr'><strong>manifestatione</strong></span> <span class='ocrx_word' id='word_1_152' title='bbox 521 2234 587 2303; x_wconf 90' lang='lat' dir='ltr'><strong>Dei</strong></span> <span class='ocrx_word' id='word_1_153' title='bbox 610 2234 654 2304; x_wconf 83' lang='lat' dir='ltr'><strong>sd</strong></span> <span class='ocrx_word' id='word_1_154' title='bbox 677 2235 774 2303; x_wconf 88' lang='lat' dir='ltr'><strong>intra</strong></span> <span class='ocrx_word' id='word_1_155' title='bbox 797 2235 950 2325; x_wconf 88' lang='lat' dir='ltr'><strong>positum</strong></span> <span class='ocrx_word' id='word_1_156' title='bbox 964 2241 1019 2302; x_wconf 87' lang='lat' dir='ltr'><strong>est</strong></span> <span class='ocrx_word' id='word_1_157' title='bbox 1032 2232 1070 2300; x_wconf 91' lang='lat' dir='ltr'><strong>in</strong></span> <span class='ocrx_word' id='word_1_158' title='bbox 1086 2232 1298 2322; x_wconf 83' lang='lat' dir='ltr'><strong>cogitatione</strong></span> <span class='ocrx_word' id='word_1_159' title='bbox 1308 2252 1367 2321; x_wconf 81' lang='lat' dir='ltr'><strong>pro</strong></span> 
     </span>
     <span class='ocr_line' id='line_1_20' title="bbox 214 2341 1180 2434; baseline -0.003 -22"><span class='ocrx_word' id='word_1_160' title='bbox 214 2343 285 2434; x_wconf 91' lang='lat' dir='ltr'><strong>prii</strong></span> <span class='ocrx_word' id='word_1_161' title='bbox 307 2344 401 2434; x_wconf 68' lang='lat' dir='ltr'><strong>Epo,</strong></span> <span class='ocrx_word' id='word_1_162' title='bbox 427 2365 488 2412; x_wconf 92' lang='lat' dir='ltr'><strong>seu</strong></span> <span class='ocrx_word' id='word_1_163' title='bbox 503 2344 541 2411; x_wconf 90' lang='lat' dir='ltr'><strong>in</strong></span> <span class='ocrx_word' id='word_1_164' title='bbox 565 2341 815 2433; x_wconf 87' lang='lat' dir='ltr'><strong>personalitate</strong></span> <span class='ocrx_word' id='word_1_165' title='bbox 840 2342 991 2434; x_wconf 86' lang='lat' dir='ltr'><strong>spiritus</strong></span> <span class='ocrx_word' id='word_1_166' title='bbox 1013 2341 1141 2411; x_wconf 91' lang='lat' dir='ltr'><strong>nostri.</strong></span> <span class='ocrx_word' id='word_1_167' title='bbox 1163 2369 1180 2403; x_wconf 80' lang='lat' dir='ltr'><strong>n</strong></span> 
     </span>
    </p>

    <p class='ocr_par' dir='ltr' id='par_1_2' title="bbox 283 2445 1367 2541">
     <span class='ocr_line' id='line_1_21' title="bbox 283 2445 1367 2541; baseline -0.007 -22"><span class='ocrx_word' id='word_1_168' title='bbox 283 2450 366 2520; x_wconf 84' lang='lat' dir='ltr'><strong>Sine</strong></span> <span class='ocrx_word' id='word_1_169' title='bbox 398 2449 503 2519; x_wconf 87' lang='lat' dir='ltr'><strong>dubio</strong></span> <span class='ocrx_word' id='word_1_170' title='bbox 528 2448 565 2517; x_wconf 93' lang='lat' dir='ltr'><strong>in</strong></span> <span class='ocrx_word' id='word_1_171' title='bbox 596 2449 728 2541; x_wconf 91' lang='lat' dir='ltr'><strong>spiritu</strong></span> <span class='ocrx_word' id='word_1_172' title='bbox 758 2456 875 2518; x_wconf 89' lang='lat' dir='ltr'><strong>creato</strong></span> <span class='ocrx_word' id='word_1_173' title='bbox 903 2457 1018 2540; x_wconf 86' lang='lat' dir='ltr'><strong>potest</strong></span> <span class='ocrx_word' id='word_1_174' title='bbox 1048 2448 1196 2540; x_wconf 88' lang='lat' dir='ltr'><strong>reperiri</strong></span> <span class='ocrx_word' id='word_1_175' title='bbox 1227 2445 1367 2535; x_wconf 77' lang='lat' dir='ltr'><strong>analogia</strong></span> 
     </span>
    </p>
   </div>
   <div class='ocr_carea' id='block_1_2' title="bbox 212 2553 1366 3186">
    <p class='ocr_par' dir='ltr' id='par_1_3' title="bbox 212 2553 1366 3186">
     <span class='ocr_line' id='line_1_22' title="bbox 213 2553 1365 2652; baseline -0.007 -26"><span class='ocrx_word' id='word_1_176' title='bbox 213 2558 356 2652; x_wconf 86' lang='lat' dir='ltr'><strong>aliqua,</strong></span> <span class='ocrx_word' id='word_1_177' title='bbox 383 2557 571 2628; x_wconf 86' lang='lat' dir='ltr'><strong>secundnm</strong></span> <span class='ocrx_word' id='word_1_178' title='bbox 595 2579 698 2649; x_wconf 89' lang='lat' dir='ltr'><strong>quam</strong></span> <span class='ocrx_word' id='word_1_179' title='bbox 722 2556 902 2647; x_wconf 89' lang='lat' dir='ltr'><strong>supposita</strong></span> <span class='ocrx_word' id='word_1_180' title='bbox 924 2579 966 2625; x_wconf 89' lang='lat' dir='ltr'><strong>ao</strong></span> <span class='ocrx_word' id='word_1_181' title='bbox 980 2554 1161 2647; x_wconf 87' lang='lat' dir='ltr'><strong>proposita</strong></span> <span class='ocrx_word' id='word_1_182' title='bbox 1176 2553 1365 2625; x_wconf 83' lang='lat' dir='ltr'><strong>revelatione</strong></span> 
     </span>
     <span class='ocr_line' id='line_1_23' title="bbox 214 2659 1365 2757; baseline -0.004 -23"><span class='ocrx_word' id='word_1_183' title='bbox 214 2667 456 2756; x_wconf 81' lang='lat' dir='ltr'><strong>intelligamus</strong></span> <span class='ocrx_word' id='word_1_184' title='bbox 479 2665 724 2757; x_wconf 86' lang='lat' dir='ltr'><strong>aliquatenus,</strong></span> <span class='ocrx_word' id='word_1_185' title='bbox 751 2662 836 2756; x_wconf 88' lang='lat' dir='ltr'><strong>quid</strong></span> <span class='ocrx_word' id='word_1_186' title='bbox 861 2663 909 2731; x_wconf 91' lang='lat' dir='ltr'><strong>sit</strong></span> <span class='ocrx_word' id='word_1_187' title='bbox 931 2663 1030 2731; x_wconf 90' lang='lat' dir='ltr'><strong>nobis</strong></span> <span class='ocrx_word' id='word_1_188' title='bbox 1046 2661 1257 2732; x_wconf 81' lang='lat' dir='ltr'><strong>credendam.</strong></span> <span class='ocrx_word' id='word_1_189' title='bbox 1272 2659 1365 2747; x_wconf 70' lang='lat' dir='ltr'><strong>Scrip</strong></span> 
     </span>
     <span class='ocr_line' id='line_1_24' title="bbox 215 2762 1366 2865; baseline -0.007 -22"><span class='ocrx_word' id='word_1_190' title='bbox 215 2782 316 2843; x_wconf 86' lang='lat' dir='ltr'><strong>turae</strong></span> <span class='ocrx_word' id='word_1_191' title='bbox 339 2775 436 2865; x_wconf 90' lang='lat' dir='ltr'><strong>ipsae</strong></span> <span class='ocrx_word' id='word_1_192' title='bbox 458 2773 631 2857; x_wconf 85' lang='lat' dir='ltr'><strong>indicant,</strong></span> <span class='ocrx_word' id='word_1_193' title='bbox 659 2772 723 2841; x_wconf 82' lang='lat' dir='ltr'><strong>SS.</strong></span> <span class='ocrx_word' id='word_1_194' title='bbox 737 2772 876 2857; x_wconf 88' lang='lat' dir='ltr'><strong>Patres,</strong></span> <span class='ocrx_word' id='word_1_195' title='bbox 895 2793 978 2862; x_wconf 90' lang='lat' dir='ltr'><strong>prae</strong></span> <span class='ocrx_word' id='word_1_196' title='bbox 1002 2771 1129 2841; x_wconf 88' lang='lat' dir='ltr'><strong>ceteris</strong></span> <span class='ocrx_word' id='word_1_197' title='bbox 1153 2772 1190 2841; x_wconf 87' lang='lat' dir='ltr'><strong>S.</strong></span> <span class='ocrx_word' id='word_1_198' title='bbox 1216 2762 1366 2861; x_wconf 81' lang='lat' dir='ltr'><strong>Augusti·</strong></span> 
     </span>
     <span class='ocr_line' id='line_1_25' title="bbox 213 2874 1365 2973; baseline -0.01 -20"><span class='ocrx_word' id='word_1_199' title='bbox 213 2907 279 2953; x_wconf 92' lang='lat' dir='ltr'><strong>nus</strong></span> <span class='ocrx_word' id='word_1_200' title='bbox 303 2892 339 2953; x_wconf 89' lang='lat' dir='ltr'><strong>et</strong></span> <span class='ocrx_word' id='word_1_201' title='bbox 362 2889 440 2973; x_wconf 91' lang='lat' dir='ltr'><strong>post</strong></span> <span class='ocrx_word' id='word_1_202' title='bbox 462 2882 577 2972; x_wconf 88' lang='lat' dir='ltr'><strong>ipsum</strong></span> <span class='ocrx_word' id='word_1_203' title='bbox 602 2882 638 2952; x_wconf 80' lang='lat' dir='ltr'><strong>S.</strong></span> <span class='ocrx_word' id='word_1_204' title='bbox 653 2880 865 2967; x_wconf 86' lang='lat' dir='ltr'><strong>Anselmus‚</strong></span> <span class='ocrx_word' id='word_1_205' title='bbox 890 2881 996 2970; x_wconf 83' lang='lat' dir='ltr'><strong>Hugo</strong></span> <span class='ocrx_word' id='word_1_206' title='bbox 1018 2886 1055 2949; x_wconf 89' lang='lat' dir='ltr'><strong>et</strong></span> <span class='ocrx_word' id='word_1_207' title='bbox 1076 2879 1284 2948; x_wconf 86' lang='lat' dir='ltr'><strong>Richardus</strong></span> <span class='ocrx_word' id='word_1_208' title='bbox 1302 2874 1365 2946; x_wconf 85' lang='lat' dir='ltr'><strong>Vio-</strong></span> 
     </span>
     <span class='ocr_line' id='line_1_26' title="bbox 212 2986 1365 3081; baseline -0.008 -22"><span class='ocrx_word' id='word_1_209' title='bbox 212 2990 347 3076; x_wconf 89' lang='lat' dir='ltr'><strong>torini,</strong></span> <span class='ocrx_word' id='word_1_210' title='bbox 380 2989 624 3075; x_wconf 87' lang='lat' dir='ltr'><strong>Lombardus,</strong></span> <span class='ocrx_word' id='word_1_211' title='bbox 658 2987 695 3057; x_wconf 81' lang='lat' dir='ltr'><strong>S.</strong></span> <span class='ocrx_word' id='word_1_212' title='bbox 730 2988 880 3057; x_wconf 79' lang='lat' dir='ltr'><strong>Thomas</strong></span> <span class='ocrx_word' id='word_1_213' title='bbox 915 2987 1047 3081; x_wconf 89' lang='lat' dir='ltr'><strong>aliique</strong></span> <span class='ocrx_word' id='word_1_214' title='bbox 1078 2986 1235 3077; x_wconf 82' lang='lat' dir='ltr'><strong>theologi</strong></span> <span class='ocrx_word' id='word_1_215' title='bbox 1272 3000 1365 3056; x_wconf 77' lang='lat' dir='ltr'><strong>omues</strong></span> 
     </span>
     <span class='ocr_line' id='line_1_27' title="bbox 212 3094 1365 3186; baseline -0.001 -19"><span class='ocrx_word' id='word_1_216' title='bbox 212 3098 444 3168; x_wconf 88' lang='lat' dir='ltr'><strong>illustrarunt</strong></span> <span class='ocrx_word' id='word_1_217' title='bbox 465 3096 555 3166; x_wconf 88' lang='lat' dir='ltr'><strong>hanc</strong></span> <span class='ocrx_word' id='word_1_218' title='bbox 578 3094 789 3186; x_wconf 78' lang='lat' dir='ltr'><strong>analogiam.</strong></span> <span class='ocrx_word' id='word_1_219' title='bbox 803 3098 856 3166; x_wconf 87' lang='lat' dir='ltr'><strong>At</strong></span> <span class='ocrx_word' id='word_1_220' title='bbox 878 3102 1020 3166; x_wconf 86' lang='lat' dir='ltr'><strong>tantum</strong></span> <span class='ocrx_word' id='word_1_221' title='bbox 1044 3097 1163 3181; x_wconf 86' lang='lat' dir='ltr'><strong>abest,</strong></span> <span class='ocrx_word' id='word_1_222' title='bbox 1183 3102 1227 3164; x_wconf 91' lang='lat' dir='ltr'><strong>ut</strong></span> <span class='ocrx_word' id='word_1_223' title='bbox 1249 3117 1289 3166; x_wconf 84' lang='lat' dir='ltr'><strong>ea</strong></span> <span class='ocrx_word' id='word_1_224' title='bbox 1307 3113 1365 3185; x_wconf 70' lang='lat' dir='ltr'><strong>pos</strong></span> 
     </span>
    </p>
   </div>
   <div class='ocr_carea' id='block_1_3' title="bbox 207 3258 1379 4506">
    <p class='ocr_par' dir='ltr' id='par_1_4' title="bbox 207 3258 1379 4506">
     <span class='ocr_line' id='line_1_28' title="bbox 211 3258 1368 3329; baseline -0.002 -15"><span class='ocrx_word' id='word_1_225' title='bbox 211 3263 341 3329; x_wconf 73' lang='lat' dir='ltr'><strong>mysterio</strong></span> <span class='ocrx_word' id='word_1_226' title='bbox 351 3263 443 3329; x_wconf 70' lang='lat' dir='ltr'><strong>repsi,</strong></span> <span class='ocrx_word' id='word_1_227' title='bbox 456 3264 552 3315; x_wconf 76' lang='lat' dir='ltr'><strong>ceteris</strong></span> <span class='ocrx_word' id='word_1_228' title='bbox 562 3273 651 3316; x_wconf 78' lang='lat' dir='ltr'><strong>autem</strong></span> <span class='ocrx_word' id='word_1_229' title='bbox 665 3264 697 3314; x_wconf 80' lang='lat' dir='ltr'><strong>in</strong></span> <span class='ocrx_word' id='word_1_230' title='bbox 706 3263 877 3329; x_wconf 68' lang='lat' dir='ltr'><strong>parabolice</strong></span> <span class='ocrx_word' id='word_1_231' title='bbox 898 3263 939 3315; x_wconf 84' lang='lat' dir='ltr'><strong>ib.</strong></span> <span class='ocrx_word' id='word_1_232' title='bbox 951 3279 979 3329; x_wconf 88' lang='lat' dir='ltr'><strong>p.</strong></span> <span class='ocrx_word' id='word_1_233' title='bbox 990 3262 1055 3314; x_wconf 75' lang='lat'><strong>412.</strong></span> <span class='ocrx_word' id='word_1_234' title='bbox 1076 3260 1157 3314; x_wconf 81' lang='lat' dir='ltr'><strong>Alibi</strong></span> <span class='ocrx_word' id='word_1_235' title='bbox 1177 3261 1291 3314; x_wconf 82' lang='lat' dir='ltr'><strong>scribit:</strong></span> <span class='ocrx_word' id='word_1_236' title='bbox 1309 3258 1368 3326; x_wconf 67' lang='lat' dir='ltr'><strong>post</strong></span> 
     </span>
     <span class='ocr_line' id='line_1_29' title="bbox 212 3346 1368 3424; baseline -0.003 -17"><span class='ocrx_word' id='word_1_237' title='bbox 212 3370 297 3422; x_wconf 83' lang='lat' dir='ltr'><strong>quam</strong></span> <span class='ocrx_word' id='word_1_238' title='bbox 316 3356 486 3422; x_wconf 71' lang='lat' dir='ltr'><strong>impugnata</strong></span> <span class='ocrx_word' id='word_1_239' title='bbox 506 3358 551 3407; x_wconf 92' lang='lat' dir='ltr'><strong>cst</strong></span> <span class='ocrx_word' id='word_1_240' title='bbox 570 3355 693 3408; x_wconf 85' lang='lat' dir='ltr'><strong>scicntia</strong></span> <span class='ocrx_word' id='word_1_241' title='bbox 711 3358 741 3406; x_wconf 88' lang='lat' dir='ltr'><strong>et</strong></span> <span class='ocrx_word' id='word_1_242' title='bbox 759 3353 943 3421; x_wconf 86' lang='lat' dir='ltr'><strong>philosophia</strong></span> <span class='ocrx_word' id='word_1_243' title='bbox 961 3351 1000 3424; x_wconf 86' lang='lat' dir='ltr'><strong>(a</strong></span> <span class='ocrx_word' id='word_1_244' title='bbox 1017 3346 1289 3422; x_wconf 80' lang='lat' dir='ltr'><strong>Relomatoribus)</strong></span> <span class='ocrx_word' id='word_1_245' title='bbox 1305 3362 1368 3418; x_wconf 73' lang='lat' dir='ltr'><strong>pne</strong></span> 
     </span>
     <span class='ocr_line' id='line_1_30' title="bbox 212 3439 1369 3511; baseline -0.003 -15"><span class='ocrx_word' id='word_1_246' title='bbox 212 3448 294 3498; x_wconf 83' lang='lat' dir='ltr'><strong>textu</strong></span> <span class='ocrx_word' id='word_1_247' title='bbox 314 3444 397 3498; x_wconf 77' lang='lat' dir='ltr'><strong>serbi</strong></span> <span class='ocrx_word' id='word_1_248' title='bbox 416 3445 469 3498; x_wconf 86' lang='lat' dir='ltr'><strong>Dei</strong></span> <span class='ocrx_word' id='word_1_249' title='bbox 487 3445 621 3511; x_wconf 81' lang='lat' dir='ltr'><strong>revelati,</strong></span> <span class='ocrx_word' id='word_1_250' title='bbox 633 3449 663 3497; x_wconf 85' lang='lat' dir='ltr'><strong>ct</strong></span> <span class='ocrx_word' id='word_1_251' title='bbox 677 3445 804 3497; x_wconf 82' lang='lat' dir='ltr'><strong>vicissim</strong></span> <span class='ocrx_word' id='word_1_252' title='bbox 816 3443 918 3496; x_wconf 84' lang='lat' dir='ltr'><strong>deiude</strong></span> <span class='ocrx_word' id='word_1_253' title='bbox 931 3443 1070 3497; x_wconf 85' lang='lat' dir='ltr'><strong>revelatio</strong></span> <span class='ocrx_word' id='word_1_254' title='bbox 1083 3443 1255 3509; x_wconf 74' lang='lat' dir='ltr'><strong>impugnata</strong></span> <span class='ocrx_word' id='word_1_255' title='bbox 1267 3458 1284 3495; x_wconf 79' lang='lat' dir='ltr'><strong>a</strong></span> <span class='ocrx_word' id='word_1_256' title='bbox 1296 3439 1369 3494; x_wconf 73' lang='lat' dir='ltr'><strong>scier</strong></span> 
     </span>
     <span class='ocr_line' id='line_1_31' title="bbox 210 3529 1370 3601; baseline -0.005 -15"><span class='ocrx_word' id='word_1_257' title='bbox 210 3535 263 3600; x_wconf 82' lang='lat' dir='ltr'><strong>tia,</strong></span> <span class='ocrx_word' id='word_1_258' title='bbox 275 3550 350 3589; x_wconf 88' lang='lat' dir='ltr'><strong>nnnc</strong></span> <span class='ocrx_word' id='word_1_259' title='bbox 371 3535 492 3587; x_wconf 71' lang='lat' dir='ltr'><strong>eveniet</strong></span> <span class='ocrx_word' id='word_1_260' title='bbox 511 3538 632 3601; x_wconf 87' lang='lat' dir='ltr'><strong>tompus,</strong></span> <span class='ocrx_word' id='word_1_261' title='bbox 646 3549 701 3600; x_wconf 89' lang='lat' dir='ltr'><strong>quo</strong></span> <span class='ocrx_word' id='word_1_262' title='bbox 720 3533 789 3586; x_wconf 82' lang='lat' dir='ltr'><strong>fides</strong></span> <span class='ocrx_word' id='word_1_263' title='bbox 808 3540 838 3586; x_wconf 89' lang='lat' dir='ltr'><strong>et</strong></span> <span class='ocrx_word' id='word_1_264' title='bbox 856 3534 979 3587; x_wconf 83' lang='lat' dir='ltr'><strong>scientie</strong></span> <span class='ocrx_word' id='word_1_265' title='bbox 996 3532 1074 3586; x_wconf 75' lang='lat' dir='ltr'><strong>filisa</strong></span> <span class='ocrx_word' id='word_1_266' title='bbox 1092 3533 1151 3585; x_wconf 85' lang='lat' dir='ltr'><strong>iam</strong></span> <span class='ocrx_word' id='word_1_267' title='bbox 1170 3531 1288 3586; x_wconf 71' lang='lat' dir='ltr'><strong>adultae</strong></span> <span class='ocrx_word' id='word_1_268' title='bbox 1300 3529 1370 3584; x_wconf 78' lang='lat' dir='ltr'><strong>nnius</strong></span> 
     </span>
     <span class='ocr_line' id='line_1_32' title="bbox 208 3623 1370 3691; baseline -0.004 -13"><span class='ocrx_word' id='word_1_269' title='bbox 208 3624 307 3678; x_wconf 81' lang='lat' dir='ltr'><strong>Patris</strong></span> <span class='ocrx_word' id='word_1_270' title='bbox 327 3626 383 3680; x_wconf 85' lang='lat' dir='ltr'><strong>sibi</strong></span> <span class='ocrx_word' id='word_1_271' title='bbox 403 3624 506 3678; x_wconf 82' lang='lat' dir='ltr'><strong>emicas</strong></span> <span class='ocrx_word' id='word_1_272' title='bbox 520 3625 670 3691; x_wconf 75' lang='lat' dir='ltr'><strong>porrigent</strong></span> <span class='ocrx_word' id='word_1_273' title='bbox 689 3640 799 3691; x_wconf 84' lang='lat' dir='ltr'><strong>manns,</strong></span> <span class='ocrx_word' id='word_1_274' title='bbox 819 3634 850 3676; x_wconf 78' lang='lat' dir='ltr'><strong>ne</strong></span> <span class='ocrx_word' id='word_1_275' title='bbox 862 3625 952 3676; x_wconf 77' lang='lat' dir='ltr'><strong>omnis</strong></span> <span class='ocrx_word' id='word_1_276' title='bbox 973 3623 1077 3676; x_wconf 68' lang='lat' dir='ltr'><strong>ccv-itm</strong></span> <span class='ocrx_word' id='word_1_277' title='bbox 1090 3623 1121 3675; x_wconf 77' lang='lat' dir='ltr'><strong>in</strong></span> <span class='ocrx_word' id='word_1_278' title='bbox 1137 3626 1217 3674; x_wconf 81' lang='lat' dir='ltr'><strong>cocto</strong></span> <span class='ocrx_word' id='word_1_279' title='bbox 1231 3623 1370 3674; x_wconf 68' lang='lat' dir='ltr'><strong>aetatem</strong></span> 
     </span>
     <span class='ocr_line' id='line_1_33' title="bbox 209 3708 1372 3782; baseline -0.006 -15"><span class='ocrx_word' id='word_1_280' title='bbox 209 3714 244 3767; x_wconf 75' lang='lat' dir='ltr'><strong>ab</strong></span> <span class='ocrx_word' id='word_1_281' title='bbox 264 3718 385 3782; x_wconf 86' lang='lat' dir='ltr'><strong>utraque</strong></span> <span class='ocrx_word' id='word_1_282' title='bbox 404 3715 583 3766; x_wconf 61' lang='lat' dir='ltr'><strong>affirmetur„</strong></span> <span class='ocrx_word' id='word_1_283' title='bbox 604 3713 635 3764; x_wconf 86' lang='lat' dir='ltr'><strong>in</strong></span> <span class='ocrx_word' id='word_1_284' title='bbox 655 3712 706 3780; x_wconf 85' lang='lat' dir='ltr'><strong>Op.</strong></span> <span class='ocrx_word' id='word_1_285' title='bbox 729 3713 902 3766; x_wconf 62' lang='lat' dir='ltr'><strong>“Euristeua</strong></span> <span class='ocrx_word' id='word_1_286' title='bbox 922 3716 952 3765; x_wconf 89' lang='lat' dir='ltr'><strong>et</strong></span> <span class='ocrx_word' id='word_1_287' title='bbox 970 3713 1129 3766; x_wconf 77' lang='lat' dir='ltr'><strong>Heracles=</strong></span> <span class='ocrx_word' id='word_1_288' title='bbox 1151 3729 1179 3780; x_wconf 94' lang='lat' dir='ltr'><strong>p.</strong></span> <span class='ocrx_word' id='word_1_289' title='bbox 1201 3712 1267 3765; x_wconf 79' lang='grc'><strong>887.</strong></span> <span class='ocrx_word' id='word_1_290' title='bbox 1287 3710 1323 3765; x_wconf 82' lang='lat' dir='ltr'><strong>ei.</strong></span> <span class='ocrx_word' id='word_1_291' title='bbox 1339 3708 1372 3762; x_wconf 81' lang='lat' dir='ltr'><strong>ib.</strong></span> 
     </span>
     <span class='ocr_line' id='line_1_34' title="bbox 210 3801 1374 3871; baseline -0.003 -15"><span class='ocrx_word' id='word_1_292' title='bbox 210 3821 239 3871; x_wconf 86' lang='lat' dir='ltr'><strong>p.</strong></span> <span class='ocrx_word' id='word_1_293' title='bbox 251 3804 314 3856; x_wconf 77' lang='lat'><strong>251.</strong></span> <span class='ocrx_word' id='word_1_294' title='bbox 324 3804 386 3856; x_wconf 78' lang='lat'><strong>252.</strong></span> <span class='ocrx_word' id='word_1_295' title='bbox 402 3803 531 3856; x_wconf 71' lang='grc'><strong>287889.</strong></span> <span class='ocrx_word' id='word_1_296' title='bbox 546 3802 675 3855; x_wconf 70' lang='lat' dir='ltr'><strong>sao-278.</strong></span> <span class='ocrx_word' id='word_1_297' title='bbox 688 3804 751 3855; x_wconf 84' lang='grc'><strong>288.</strong></span> <span class='ocrx_word' id='word_1_298' title='bbox 762 3805 825 3856; x_wconf 80' lang='grc'><strong>887.</strong></span> <span class='ocrx_word' id='word_1_299' title='bbox 840 3804 903 3856; x_wconf 82' lang='grc'><strong>842.</strong></span> <span class='ocrx_word' id='word_1_300' title='bbox 915 3804 979 3855; x_wconf 85' lang='grc'><strong>848.</strong></span> <span class='ocrx_word' id='word_1_301' title='bbox 1001 3823 1014 3850; x_wconf 76' lang='grc' dir='ltr'>ι</span> <span class='ocrx_word' id='word_1_302' title='bbox 1025 3804 1158 3868; x_wconf 74' lang='lat' dir='ltr'><strong>Magnum</strong></span> <span class='ocrx_word' id='word_1_303' title='bbox 1177 3817 1282 3856; x_wconf 85' lang='lat' dir='ltr'><strong>munus</strong></span> <span class='ocrx_word' id='word_1_304' title='bbox 1306 3801 1374 3855; x_wconf 74' lang='lat' dir='ltr'><strong>thae-</strong></span> 
     </span>
     <span class='ocr_line' id='line_1_35' title="bbox 210 3893 1374 3960; baseline -0.005 -13"><span class='ocrx_word' id='word_1_305' title='bbox 210 3894 284 3958; x_wconf 73' lang='lat' dir='ltr'><strong>logis</strong></span> <span class='ocrx_word' id='word_1_306' title='bbox 310 3899 424 3947; x_wconf 89' lang='lat' dir='ltr'><strong>nostrae</strong></span> <span class='ocrx_word' id='word_1_307' title='bbox 447 3894 552 3946; x_wconf 84' lang='lat' dir='ltr'><strong>astatis</strong></span> <span class='ocrx_word' id='word_1_308' title='bbox 580 3894 745 3960; x_wconf 77' lang='lat' dir='ltr'><strong>Impositum</strong></span> <span class='ocrx_word' id='word_1_309' title='bbox 768 3899 828 3958; x_wconf 89' lang='lat' dir='ltr'><strong>est,</strong></span> <span class='ocrx_word' id='word_1_310' title='bbox 850 3899 884 3946; x_wconf 91' lang='lat' dir='ltr'><strong>ut</strong></span> <span class='ocrx_word' id='word_1_311' title='bbox 911 3893 1058 3959; x_wconf 78' lang='lat' dir='ltr'><strong>antiquam</strong></span> <span class='ocrx_word' id='word_1_312' title='bbox 1080 3907 1190 3945; x_wconf 83' lang='lat' dir='ltr'><strong>crucem</strong></span> <span class='ocrx_word' id='word_1_313' title='bbox 1216 3893 1374 3945; x_wconf 79' lang='lat' dir='ltr'><strong>intellectu</strong></span> 
     </span>
     <span class='ocr_line' id='line_1_36' title="bbox 208 3977 1375 4052; baseline -0.004 -18"><span class='ocrx_word' id='word_1_314' title='bbox 208 3981 486 4052; x_wconf 82' lang='lat' dir='ltr'><strong>(immedistesermo</strong></span> <span class='ocrx_word' id='word_1_315' title='bbox 505 3987 568 4036; x_wconf 87' lang='lat' dir='ltr'><strong>erat</strong></span> <span class='ocrx_word' id='word_1_316' title='bbox 587 3982 618 4035; x_wconf 88' lang='lat' dir='ltr'><strong>in</strong></span> <span class='ocrx_word' id='word_1_317' title='bbox 637 3983 874 4036; x_wconf 83' lang='lat' dir='ltr'><strong>antecedentibus</strong></span> <span class='ocrx_word' id='word_1_318' title='bbox 900 3982 934 4034; x_wconf 85' lang='lat' dir='ltr'><strong>dc</strong></span> <span class='ocrx_word' id='word_1_319' title='bbox 959 3982 1160 4047; x_wconf 75' lang='lat' dir='ltr'><strong>intelligentia</strong></span> <span class='ocrx_word' id='word_1_320' title='bbox 1183 3980 1326 4047; x_wconf 72' lang='lat' dir='ltr'><strong>dogmatis</strong></span> <span class='ocrx_word' id='word_1_321' title='bbox 1346 3977 1375 4030; x_wconf 79' lang='lat' dir='ltr'><strong>ie</strong></span> 
     </span>
     <span class='ocr_line' id='line_1_37' title="bbox 209 4069 1377 4144; baseline -0.003 -18"><span class='ocrx_word' id='word_1_322' title='bbox 209 4070 367 4144; x_wconf 74' lang='lat' dir='ltr'><strong>Trinitate)</strong></span> <span class='ocrx_word' id='word_1_323' title='bbox 386 4078 558 4127; x_wconf 88' lang='lat' dir='ltr'><strong>commutent</strong></span> <span class='ocrx_word' id='word_1_324' title='bbox 577 4073 609 4126; x_wconf 90' lang='lat' dir='ltr'><strong>in</strong></span> <span class='ocrx_word' id='word_1_325' title='bbox 628 4073 743 4139; x_wconf 70' lang='lat' dir='ltr'><strong>insigna</strong></span> <span class='ocrx_word' id='word_1_326' title='bbox 764 4073 881 4126; x_wconf 88' lang='lat' dir='ltr'><strong>honoris</strong></span> <span class='ocrx_word' id='word_1_327' title='bbox 900 4087 950 4139; x_wconf 91' lang='lat' dir='ltr'><strong>pro</strong></span> <span class='ocrx_word' id='word_1_328' title='bbox 964 4072 1055 4124; x_wconf 91' lang='lat' dir='ltr'><strong>libero</strong></span> <span class='ocrx_word' id='word_1_329' title='bbox 1075 4069 1193 4137; x_wconf 83' lang='lat' dir='ltr'><strong>spiritu,</strong></span> <span class='ocrx_word' id='word_1_330' title='bbox 1211 4071 1264 4138; x_wconf 86' lang='lat' dir='ltr'><strong>qui</strong></span> <span class='ocrx_word' id='word_1_331' title='bbox 1283 4071 1377 4138; x_wconf 77' lang='lat' dir='ltr'><strong>etipse</strong></span> 
     </span>
     <span class='ocr_line' id='line_1_38' title="bbox 209 4159 1378 4231; baseline -0.008 -13"><span class='ocrx_word' id='word_1_332' title='bbox 209 4164 296 4218; x_wconf 86' lang='lat' dir='ltr'><strong>aDeo</strong></span> <span class='ocrx_word' id='word_1_333' title='bbox 309 4164 396 4217; x_wconf 88' lang='lat' dir='ltr'><strong>habet</strong></span> <span class='ocrx_word' id='word_1_334' title='bbox 414 4164 458 4217; x_wconf 79' lang='lat' dir='ltr'><strong>ius</strong></span> <span class='ocrx_word' id='word_1_335' title='bbox 475 4174 500 4216; x_wconf 82' lang='lat' dir='ltr'><strong>et</strong></span> <span class='ocrx_word' id='word_1_336' title='bbox 524 4165 715 4216; x_wconf 80' lang='lat' dir='ltr'><strong>autonomiam</strong></span> <span class='ocrx_word' id='word_1_337' title='bbox 736 4164 773 4216; x_wconf 79' lang='lat' dir='ltr'><strong>od</strong></span> <span class='ocrx_word' id='word_1_338' title='bbox 787 4164 1001 4231; x_wconf 78' lang='lat' dir='ltr'><strong>inquisitionem</strong></span> <span class='ocrx_word' id='word_1_339' title='bbox 1015 4170 1041 4214; x_wconf 83' lang='lat' dir='ltr'><strong>et</strong></span> <span class='ocrx_word' id='word_1_340' title='bbox 1056 4161 1283 4230; x_wconf 58' lang='lat' dir='ltr'><strong>inestimatus·</strong></span> <span class='ocrx_word' id='word_1_341' title='bbox 1296 4159 1378 4213; x_wconf 69' lang='lat' dir='ltr'><strong>onai</strong></span> 
     </span>
     <span class='ocr_line' id='line_1_39' title="bbox 207 4250 1377 4323; baseline -0.004 -17"><span class='ocrx_word' id='word_1_342' title='bbox 207 4254 276 4317; x_wconf 80' lang='lat' dir='ltr'><strong>ceri,</strong></span> <span class='ocrx_word' id='word_1_343' title='bbox 292 4254 368 4321; x_wconf 80' lang='lat' dir='ltr'><strong>quod</strong></span> <span class='ocrx_word' id='word_1_344' title='bbox 382 4255 558 4321; x_wconf 73' lang='lat' dir='ltr'><strong>propositam</strong></span> <span class='ocrx_word' id='word_1_345' title='bbox 579 4256 626 4308; x_wconf 78' lang='lat' dir='ltr'><strong>ait.</strong></span> <span class='ocrx_word' id='word_1_346' title='bbox 640 4276 652 4303; x_wconf 77' lang='lat' dir='ltr'><strong>o</strong></span> <span class='ocrx_word' id='word_1_347' title='bbox 665 4254 853 4323; x_wconf 84' lang='lat' dir='ltr'><strong>Propaedeut.</strong></span> <span class='ocrx_word' id='word_1_348' title='bbox 862 4255 886 4307; x_wconf 93' lang='lat'><strong>1.</strong></span> <span class='ocrx_word' id='word_1_349' title='bbox 900 4272 927 4321; x_wconf 86' lang='lat' dir='ltr'><strong>p.</strong></span> <span class='ocrx_word' id='word_1_350' title='bbox 939 4255 1000 4306; x_wconf 88' lang='grc'><strong>122.</strong></span> <span class='ocrx_word' id='word_1_351' title='bbox 1013 4254 1050 4307; x_wconf 83' lang='lat' dir='ltr'><strong>ci.</strong></span> <span class='ocrx_word' id='word_1_352' title='bbox 1062 4253 1104 4306; x_wconf 91' lang='lat' dir='ltr'><strong>lbi</strong></span> <span class='ocrx_word' id='word_1_353' title='bbox 1124 4269 1152 4320; x_wconf 86' lang='lat' dir='ltr'><strong>p.</strong></span> <span class='ocrx_word' id='word_1_354' title='bbox 1164 4251 1229 4305; x_wconf 77' lang='lat'><strong>804.</strong></span> <span class='ocrx_word' id='word_1_355' title='bbox 1241 4251 1305 4306; x_wconf 71' lang='lat'><strong>³⁴7.</strong></span> <span class='ocrx_word' id='word_1_356' title='bbox 1318 4250 1377 4304; x_wconf 76' lang='grc'><strong>848.</strong></span> 
     </span>
     <span class='ocr_line' id='line_1_40' title="bbox 207 4341 1379 4413; baseline -0.004 -16"><span class='ocrx_word' id='word_1_357' title='bbox 207 4346 270 4398; x_wconf 86' lang='grc'><strong>898.</strong></span> <span class='ocrx_word' id='word_1_358' title='bbox 280 4345 342 4400; x_wconf 78' lang='lat'><strong>394.</strong></span> <span class='ocrx_word' id='word_1_359' title='bbox 355 4349 409 4399; x_wconf 88' lang='lat' dir='ltr'><strong>etc.</strong></span> <span class='ocrx_word' id='word_1_360' title='bbox 423 4367 435 4392; x_wconf 73' lang='lat' dir='ltr'><strong>a</strong></span> <span class='ocrx_word' id='word_1_361' title='bbox 448 4346 596 4400; x_wconf 76' lang='lat' dir='ltr'><strong>Thomesa</strong></span> <span class='ocrx_word' id='word_1_362' title='bbox 610 4347 755 4413; x_wconf 81' lang='lat' dir='ltr'><strong>scrupulis</strong></span> <span class='ocrx_word' id='word_1_363' title='bbox 771 4366 783 4393; x_wconf 74' lang='lat' dir='ltr'><strong>n</strong></span> <span class='ocrx_word' id='word_1_364' title='bbox 799 4363 828 4413; x_wconf 91' lang='lat' dir='ltr'><strong>p.</strong></span> <span class='ocrx_word' id='word_1_365' title='bbox 842 4346 902 4399; x_wconf 87' lang='grc'><strong>188.</strong></span> <span class='ocrx_word' id='word_1_366' title='bbox 914 4345 1041 4397; x_wconf 76' lang='lat' dir='ltr'><strong>loa-197.</strong></span> <span class='ocrx_word' id='word_1_367' title='bbox 1054 4343 1184 4396; x_wconf 75' lang='lat' dir='ltr'><strong>alo-auo.</strong></span> <span class='ocrx_word' id='word_1_368' title='bbox 1195 4341 1294 4409; x_wconf 76' lang='lat' dir='ltr'><strong>Lydia</strong></span> <span class='ocrx_word' id='word_1_369' title='bbox 1303 4341 1379 4395; x_wconf 75' lang='lat'><strong>1040.</strong></span> 
     </span>
     <span class='ocr_line' id='line_1_41' title="bbox 207 4434 1378 4506; baseline -0.007 -14"><span class='ocrx_word' id='word_1_370' title='bbox 207 4453 235 4503; x_wconf 89' lang='lat' dir='ltr'><strong>p.</strong></span> <span class='ocrx_word' id='word_1_371' title='bbox 244 4438 371 4495; x_wconf 71' lang='grc'><strong>881188.</strong></span> <span class='ocrx_word' id='word_1_372' title='bbox 381 4436 454 4506; x_wconf 75' lang='lat' dir='ltr'><strong>Lyd.</strong></span> <span class='ocrx_word' id='word_1_373' title='bbox 463 4438 542 4492; x_wconf 83' lang='grc'><strong>1881.</strong></span> <span class='ocrx_word' id='word_1_374' title='bbox 549 4454 578 4505; x_wconf 86' lang='lat' dir='ltr'><strong>p.</strong></span> <span class='ocrx_word' id='word_1_375' title='bbox 586 4437 650 4491; x_wconf 87' lang='grc'><strong>810.</strong></span> <span class='ocrx_word' id='word_1_376' title='bbox 660 4459 673 4486; x_wconf 78' lang='grc' dir='ltr'>ι</span> <span class='ocrx_word' id='word_1_377' title='bbox 682 4437 792 4492; x_wconf 76' lang='lat' dir='ltr'><strong>Aurora</strong></span> <span class='ocrx_word' id='word_1_378' title='bbox 804 4436 944 4491; x_wconf 80' lang='lat' dir='ltr'><strong>australis</strong></span> <span class='ocrx_word' id='word_1_379' title='bbox 955 4439 985 4490; x_wconf 89' lang='lat' dir='ltr'><strong>et</strong></span> <span class='ocrx_word' id='word_1_380' title='bbox 994 4435 1119 4491; x_wconf 79' lang='lat' dir='ltr'><strong>borealis</strong></span> <span class='ocrx_word' id='word_1_381' title='bbox 1127 4455 1141 4485; x_wconf 77' lang='grc' dir='ltr'>ι</span> <span class='ocrx_word' id='word_1_382' title='bbox 1150 4451 1180 4503; x_wconf 91' lang='lat' dir='ltr'><strong>p.</strong></span> <span class='ocrx_word' id='word_1_383' title='bbox 1189 4434 1378 4489; x_wconf 59' lang='grc'><strong>18818888.</strong></span> 
     </span>
    </p>
   </div>
   <div class='ocr_carea' id='block_1_4' title="bbox 0 0 1590 4950">
    <p class='ocr_par' dir='ltr' id='par_1_5' title="bbox 0 0 1590 4950">
     <span class='ocr_line' id='line_1_42' title="bbox 0 0 1590 4950; baseline 0 4"><span class='ocrx_word' id='word_1_384' title='bbox 0 0 1590 4950; x_wconf 95' lang='lat' dir='ltr'><strong> </strong></span> 
     </span>
    </p>
   </div>
  </div>
 </body>
</html>
