3172 4950
699 338 738 353 -
759 304 820 368 462
839 336 878 353 -

207 410 364 501 Spiritus
391 409 566 494 Sanctus,
592 409 812 501 intelligitur
840 411 950 479 Pater
979 409 1194 503 principium
1221 410 1277 503 Spi

208 516 331 587 Sancti
353 540 422 585 uon
445 518 657 609 proprietate
680 536 749 609 qua
771 516 1018 608 distinguatur
1039 540 1062 585 a
1084 517 1191 601 Filio,
1214 520 1266 587 sed

208 632 312 695 tenus
333 623 440 693 Pater
461 632 498 693 et
520 623 637 693 Filius
659 646 769 692 unum
795 633 879 693 suut
902 628 1039 694 virtute
1053 626 1277 715 spiratricese

209 730 358 802 lectione
381 731 604 821 productrice
626 731 756 800 amoris
779 732 1024 818 subsistentis,
1049 732 1147 802 sicut
1167 732 1277 824 quand·

210 846 265 909 ter
287 839 420 908 dicitur
441 846 601 924 creator,
626 837 845 929 intelligitur
876 850 1012 910 creator
1041 848 1216 932 quatenus
1242 842 1277 911 vi

210 948 378 1017 creatrice
400 954 456 1017 est
477 971 585 1016 unum
609 971 686 1016 cum
708 948 802 1016 Filio
824 956 861 1017 et
884 949 1022 1039 Spiritu
1046 950 1187 1017 Sancto.

277 1052 327 1122 II.
353 1054 396 1121 In
419 1054 537 1122 verbis
559 1054 671 1144 ipsis:
699 1084 716 1119 ι
731 1079 827 1146 quem
851 1079 910 1145 epo
933 1059 1071 1121 mittum
1102 1056 1197 1122 nodis
1217 1055 1277 1124 al

213 1162 383 1251 Spiritum
408 1162 583 1247 veritatis,
609 1165 673 1254 qui
688 1187 709 1228 a
722 1163 829 1230 Patre
840 1162 997 1253 procedit
1011 1191 1043 1247 n,
1069 1162 1277 1232 exhibetur]

212 1277 254 1338 ut
275 1291 384 1338 uuum
407 1291 484 1339 cum
506 1270 624 1355 Patre,
650 1276 821 1361 quatenus
843 1271 947 1340 Pater
969 1280 1025 1340 est
1047 1271 1277 1362 principiuml

213 1385 273 1447 tus
295 1376 419 1447 Sancti
440 1378 658 1469 procedentis
681 1379 725 1446 ab
748 1379 836 1469 ipso.
861 1380 1131 1450 Demonstratur
1160 1380 1196 1449 id
1218 1378 1277 1469 prii

213 1485 319 1555 dictis
342 1486 380 1554 iu
401 1486 496 1557 thesi
518 1487 703 1577 superiori,
722 1488 782 1556 ubi
805 1489 1032 1570 ostendimus,
1049 1487 1247 1556 missionem
1268 1510 1277 1577 1

213 1616 278 1664 nse
301 1594 444 1665 divinae
465 1595 572 1664 nnius
593 1597 638 1664 ab
660 1597 773 1666 ultera
801 1620 875 1665 esse
910 1596 1226 1665 manifestationem
1251 1618 1277 1685 pi

214 1703 324 1773 sionis
349 1723 514 1793 personae
531 1702 657 1773 missae
679 1726 701 1771 a
724 1704 895 1789 mittente,
913 1711 950 1772 et
965 1703 1217 1794 processionem
1231 1703 1273 1772 ad

214 1832 289 1879 esee
311 1809 545 1880 necessarium
568 1811 833 1881 fundamentum
856 1812 1034 1879 missionis
1056 1811 1101 1878 ad
1125 1818 1237 1879 extre.

283 1918 371 1986 'lum
395 1940 479 1987 vero
502 1920 609 1988 verba
642 1919 820 2009 proposita
854 1919 1035 2009 speciatim
1066 1919 1277 2009 expendente

214 2025 324 2117 priori
347 2026 470 2095 inciso:
498 2056 514 2090 ι
529 2049 593 2116 ego
609 2028 745 2096 mittam
762 2026 860 2095 vobis
875 2048 898 2093 a
912 2027 1017 2095 Patre
1031 2054 1063 2111 n,
1082 2026 1277 2115 exprimitur

215 2135 268 2205 sio
284 2134 441 2225 Spiritus
457 2135 578 2207 Sancti
594 2135 639 2204 ad
662 2141 776 2218 extra,
795 2136 969 2229 huiusque
985 2135 1163 2204 missionis
1178 2136 1277 2225 princ:

216 2244 423 2313 enuntietur
445 2242 550 2312 Pater
573 2249 609 2311 et
632 2244 759 2327 Filius,
783 2242 902 2312 Filius
925 2246 961 2313 in
984 2251 1092 2328 recto,
1117 2244 1275 2311 Peterin

216 2373 297 2446 quo:
323 2376 383 2443 eqo
407 2354 543 2418 mittam
566 2376 588 2417 o
612 2352 733 2433 Putre·
756 2350 849 2420 siunt
871 2349 957 2418 alibi
981 2350 1124 2439 ponitur
1147 2350 1185 2418 in
1208 2356 1277 2419 rect

216 2469 283 2546 ter,
309 2460 346 2528 in
369 2459 508 2551 obliquo
524 2459 659 2529 Filius:
682 2490 698 2523 ιι
713 2482 812 2552 quem
829 2459 947 2528 mittet
963 2459 1071 2526 Poter
1087 2462 1125 2524 iu
1141 2462 1274 2525 nomine

217 2570 268 2638 Io.
284 2569 383 2637 XIV.
398 2570 453 2637 26.
469 2569 557 2637 Item
581 2568 666 2636 alibi
689 2568 899 2658 exprimitur
922 2569 1017 2636 solus
1040 2568 1159 2653 Peter,
1184 2568 1269 2637 alibi

219 2677 336 2747 Filius
359 2678 525 2746 mittens:
554 2708 570 2740 ι
588 2678 695 2745 Peter
728 2677 837 2745 alium
873 2676 1089 2744 Paraclitum
1125 2677 1226 2746 dabit
1257 2699 1277 2741 v

217 2789 265 2856 ib.
282 2786 381 2855 XIV.
398 2787 452 2872 163
481 2785 543 2853 usi
567 2785 696 2868 abiero,
722 2785 860 2853 mittam
884 2806 959 2851 euru
984 2784 1029 2853 ad
1052 2807 1146 2851 voss
1178 2782 1277 2852 ib.X'

218 2895 259 2962 Iu
283 2894 340 2963 hie
363 2894 477 2983 igitur
500 2893 679 2962 luciacum
696 2893 800 2961 Patre
823 2891 1042 2981 intelligitur
1056 2891 1186 2973 Filius,
1204 2915 1277 2960 cum

215 3005 320 3072 Pater
343 3002 554 3092 principium
577 3001 775 3083 missionis,
802 3000 906 3068 Pater
933 3007 974 3067 ut
997 3000 1277 3068 communicans]

216 3110 332 3179 Filius
355 3116 396 3177 ut
411 3107 697 3178 communicatam
719 3104 848 3174 habens
870 3128 891 3173 a
914 3107 1021 3175 Patre
1038 3108 1207 3175 virtutem
1223 3115 1277 3176 etr

217 3219 402 3287 missionis.
433 3218 524 3286 Hinc
548 3215 819 3306 propositiones:
845 3216 949 3283 Pater
972 3215 1096 3299 mittit,
1122 3215 1240 3284 Filius
1266 3240 1277 3283 1

218 3329 324 3397 Pater
346 3326 457 3395 mittit
479 3327 517 3394 in
540 3326 676 3394 nomine
699 3324 799 3407 Filii,
818 3323 934 3393 Filius
949 3324 1064 3392 mittit
1079 3347 1100 3390 a
1116 3325 1235 3409 Patre,
1257 3348 1277 3394 o

219 3436 353 3504 huntur
375 3436 413 3503 iu
435 3436 701 3525 propositionem
722 3434 945 3523 complexam:
974 3434 1097 3500 «Deus
1112 3432 1209 3499 dedic
1225 3436 1277 3522 Sp.

219 3570 314 3612 suum
330 3546 490 3613 Sanctum
503 3545 540 3607 in
557 3542 683 3607 nebien
700 3541 859 3609 LTheSS.
875 3540 976 3624 IV.8;
987 3540 1020 3607 2.
1033 3542 1111 3609 Cor.
1123 3541 1154 3609 I.
1170 3540 1273 3627 22;V.

218 3656 312 3725 sicut
334 3652 487 3722 vidimus
509 3650 761 3741 appellationes
784 3652 938 3739 Spiritus
962 3650 1097 3729 Putris,
1122 3651 1277 3738 Spiritus

220 3764 325 3833 simul
349 3760 591 3851 comprehendi
615 3783 677 3850 per
700 3760 844 3828 alteram
871 3761 1026 3847 Spiritus
1049 3758 1128 3824 Dei.

285 3871 402 3939 Filius
425 3870 543 3961 itaque
561 3868 672 3936 mittit
694 3890 715 3935 u
738 3870 843 3935 Patre
860 3866 1033 3957 Spiritum
1050 3865 1220 3935 Sanctum
1237 3887 1277 3933 un

220 3987 317 4064 tute,
343 4001 413 4047 una
435 3978 598 4049 missione
621 3977 792 4045 communi
816 3976 910 4044 Filio
939 3998 1017 4043 cum
1040 3975 1166 4056 Patre,
1193 3981 1277 4065 atqu

222 4088 326 4157 Pater
348 4093 384 4155 et
406 4086 522 4155 Filius
545 4093 629 4154 sunt
652 4108 758 4153 unum
782 4083 994 4174 principium
1015 4081 1204 4149 missionis.
1222 4080 1277 4147 Iar

221 4220 284 4266 cur
306 4195 392 4265 haec
415 4194 464 4262 sit
487 4194 606 4262 missio
630 4219 651 4259 o
676 4193 795 4274 Putre,
815 4191 999 4260 definitiva
1023 4189 1216 4259 declaratio
1231 4197 1266 4259 et

221 4301 352 4372 sarium
376 4300 639 4370 fundamentum
664 4300 769 4369 datur
793 4300 829 4366 in
854 4298 1003 4367 secundo
1027 4297 1152 4365 inciso:
1172 4298 1235 4388 qui
1250 4318 1271 4359 o

220 4408 383 4499 procedit.
402 4410 479 4479 Nou
500 4431 584 4498 ergo
605 4416 774 4477 essetnec
797 4413 913 4496 posset
922 4428 1002 4474 esse
1027 4403 1145 4473 missio
1162 4424 1277 4495 person
