3172 4950
712 331 749 346 -
770 298 832 361 230
851 330 889 345 -
1398 326 1402 375 -Ι

215 408 291 478 sine
314 406 419 476 dubio
442 406 537 475 sicut
557 404 676 474 verbis
698 402 836 473 Christi
854 404 907 473 Io.
919 403 968 473 X.
996 430 1017 469 e
1029 424 1098 494 ego
1110 405 1150 472 et
1163 402 1271 474 Pecs
1282 418 1371 476 mm
1400 418 1402 487 ζ

216 538 381 598 sumnus
408 518 446 582 et
471 512 607 582 «Pater
631 511 669 580 in
691 531 744 580 me
767 518 822 581 eat
842 516 880 580 et
899 530 965 600 ego
985 510 1025 579 in
1045 510 1211 598 Petam
1236 512 1290 583 ita
1308 528 1372 584 tto!s
1398 496 1402 547 ³

215 619 516 692 substantialitate
532 626 569 688 et
581 617 901 689 circuminsessionc
912 640 970 689 res
979 616 1114 705 ccccm
1123 619 1248 689 udan
1263 619 1373 712 ‹lnpltt

215 731 350 802 veritas
373 727 525 796 unitatis
547 733 696 795 naturae
719 733 758 796 et
777 725 1017 799 distinctionis
1043 746 1274 817 personarum
1301 748 1375 800 ow

214 837 469 929 prehenditcr3
497 834 557 904 sed
580 835 697 904 eadem
721 858 778 904 res
799 834 984 926 eademqne
1007 834 1143 904 veritae
1174 836 1308 927 duplici
1331 834 1374 907 ua

215 967 319 1016 versa
330 947 470 1016 notione
486 944 693 1035 concipitur.
711 945 803 1013 Dum
818 944 967 1014 dicimus
981 965 1148 1035 personas
1163 944 1372 1014 consubstan-

214 1052 346 1138 tiales,
370 1051 586 1142 concipimus
606 1072 710 1120 unam
732 1070 807 1120 ease
823 1056 985 1120 naturam
1000 1050 1254 1120 distinctarum
1275 1068 1373 1143 pone

215 1181 341 1228 narum
364 1159 402 1229 in
425 1157 641 1249 oppositione
664 1157 800 1227 directa
820 1157 865 1226 ad
888 1155 1059 1227 haereant
1090 1165 1305 1228 statuentem
1330 1144 1394 1229 W

218 1290 339 1338 versas
362 1274 510 1336 naturas
534 1267 571 1334 in
594 1266 709 1334 tribus
731 1264 914 1357 personis,
939 1272 975 1335 et
1003 1273 1257 1359 consequenter
1284 1265 1374 1336 etin

215 1377 253 1447 in
277 1376 494 1466 oppositione
517 1375 562 1444 ad
586 1374 822 1444 tritheismcm
850 1382 992 1464 propter
1020 1373 1305 1464 singularitetem
1330 1372 1373 1445 uo

215 1486 320 1554 vineo
346 1506 415 1551 non
447 1481 732 1572 multiplicabilis
760 1487 919 1551 naturae.
947 1480 1092 1563 Quando
1124 1504 1211 1551 vero
1242 1481 1375 1552 dimn-

207 1571 598 1674 ¹circuminsessionem¹
624 1589 838 1679 concipimus
859 1613 934 1660 esse
949 1596 1070 1658 mutuo
1084 1611 1192 1658 unam
1209 1611 1372 1681 personat
1392 1582 1395 1587 ’

215 1700 254 1768 in
277 1698 373 1782 alia,
400 1703 573 1789 quatenus
596 1718 711 1766 omnes
735 1718 901 1786 personae
924 1696 962 1766 in
984 1716 1055 1766 una
1082 1720 1231 1766 numero
1261 1705 1394 1768 natum

216 1806 440 1887 subsistunt,
467 1810 508 1871 ut
530 1802 667 1871 directa
689 1804 738 1872 sit
761 1805 932 1896 oppositio
955 1811 1078 1874 eontm
1097 1804 1295 1892 haeresim,
1317 1825 1373 1900 que

215 1935 287 1982 cna
310 1932 457 2003 persona
473 1910 648 1979 diceretur
665 1913 858 1983 subsistere
872 1913 1032 1983 seiuncta
1045 1913 1091 1981 ab
1102 1913 1220 1982 altera
1234 1936 1300 1982 non
1310 1914 1370 2006 qui

216 2021 293 2089 dem
308 2019 496 2089 secundum
508 2018 569 2084 cta·
580 2024 616 2086 ct
633 2039 694 2108 pen·
712 2022 932 2111 negationem
947 2020 1166 2112 praesentiae
1181 2021 1282 2108 (talis
1295 2020 1369 2091 enin

215 2149 313 2198 error
336 2124 489 2193 admissa
511 2125 702 2195 divinitate
725 2149 747 2194 a
770 2128 899 2198 nemini
923 2127 1057 2218 concipi
1080 2131 1227 2219 poscet),
1244 2129 1369 2198 micat

216 2255 370 2303 seorsum
392 2233 437 2301 ab
460 2231 532 2300 alia
555 2239 592 2301 st
612 2248 717 2301 cotra
731 2236 854 2320 ctiam,
873 2242 1044 2329 quatenus
1067 2234 1271 2305 &etiamn
1285 2235 1367 2303 hate

215 2346 271 2410 ret
293 2345 469 2424 naturam,
495 2340 662 2431 quomodo
676 2348 749 2410 tres
772 2365 803 2412 e.
819 2369 854 2434 g.
870 2343 1019 2434 spiritus
1033 2342 1247 2413 absistunt.
1271 2343 1368 2426 cuc

215 2448 494 2518 circuminsassic
512 2454 567 2518 est
581 2447 619 2518 in
634 2449 769 2519 directa
786 2452 1002 2542 oppositione
1016 2457 1140 2521 ccntta
1149 2450 1366 2521 triticiam

215 2563 254 2626 et
275 2563 524 2650 consequenter
547 2564 653 2649 atque
677 2578 699 2626 a
721 2558 863 2629 fortiori
887 2566 1010 2630 contre
1030 2557 1280 2629 Arianismcm
1391 2572 1402 2645 ξ

683 2777 826 2839 THESIS
848 2780 919 2840 XV.

348 2902 394 2963 De
415 2904 545 2964 unitate
562 2906 777 2982 perfectiouis
799 2907 1004 2983 supersecta
1024 2906 1092 2965 eice
1115 2906 1259 2984 mapalia

552 3006 620 3063 cive
642 3006 748 3064 tribuo
768 3008 867 3066 simul
888 3007 1051 3082 spectatis.

290 3185 303 3211 ι
315 3160 358 3218 Ex
377 3164 489 3217 ratione
508 3167 776 3219 circumicecaaicm'o
804 3167 966 3220 declaratur
990 3167 1089 3220 nnita
1109 3165 1294 3236 perlectionta
1309 3162 1366 3219 uu·

218 3275 231 3302 ι
247 3260 348 3307 itm
366 3268 561 3321 personarum,
582 3255 656 3323 qnod
678 3258 703 3308 1·
723 3255 872 3323 plenitudo
886 3255 1072 3322 porrectionis
1085 3254 1276 3324 singularum,
1290 3252 1368 3324 quott-
1397 3266 1402 3271 ·

218 3366 231 3392 s
246 3359 301 3398 nno
320 3345 462 3398 relatione
480 3347 603 3412 originis
622 3346 658 3399 ad
677 3347 799 3399 invicem
819 3346 996 3413 referuntur,
1011 3347 1113 3412 exigit,
1130 3351 1164 3399 nt
1182 3361 1241 3401 una
1254 3342 1368 3401 cliui}

218 3456 231 3482 s
246 3435 313 3489 boat
331 3435 389 3490 siut
407 3438 603 3503 immanentem
624 3437 698 3490 unda
718 3440 744 3489 2·
758 3441 848 3490 totum
857 3438 1048 3505 perfectiouis
1059 3438 1142 3489 ctiam
1152 3438 1289 3490 ηιατίσιο
1299 3433 1384 3490 titul·

218 3545 231 3572 ι
246 3541 432 3594 personarum
450 3527 557 3580 hebent
575 3527 706 3592 ungulae
725 3542 781 3580 non
801 3526 914 3594 quidem
928 3532 961 3579 nt.
973 3526 1147 3579 constituens
1165 3526 1215 3580 aad
1234 3543 1284 3597 per
1297 3527 1373 3578 ιἰΙΙ*

217 3617 375 3669 »noctium
394 3617 601 3683 necessariam
622 3631 694 3684 quae
714 3618 812 3669 unitas
831 3617 1016 3683 perfectionis
1035 3618 1062 3669 3·
1082 3616 1246 3671 dederetur
1265 3633 1299 3672 ax
1314 3610 1372 3670 nell

218 3706 401 3761 uidentitote
420 3712 479 3761 tum
498 3708 625 3762 omnium
643 3712 704 3761 tum
723 3708 902 3773 singulm-cn
921 3722 1107 3776 personarum
1131 3723 1196 3762 com
1213 3707 1328 3763 infinito
1341 3717 1372 3759 or

219 3800 342 3853 »centu
360 3798 461 3853 diuina
475 3820 499 3851 c.

284 3974 315 4043 1.
337 3975 421 4045 Post
452 3976 665 4048 declaratam
695 3979 872 4069 propriam
895 3979 1068 4048 rationem
1098 3986 1242 4051 mutuae
1274 3975 1378 4049 ineri-

217 4082 366 4151 ctentiae
389 4106 613 4173 personarum
637 4086 858 4176 singularum
881 4087 918 4155 in
943 4087 1101 4156 omnibus
1124 4095 1162 4158 at
1185 4073 1378 4158 omniomin

218 4189 370 4281 singulis
393 4215 575 4282 possumus
605 4195 803 4286 explicare,
838 4191 1005 4287 quomodo
1029 4196 1074 4265 ad
1105 4196 1327 4287 singularum
1351 4192 1382 4262 tt

217 4297 369 4366 omnium
392 4298 636 4390 perfectionem
659 4301 835 4392 pertineat
858 4299 944 4370 haec
966 4301 1047 4393 ipse
1069 4300 1300 4375 immanentis
1319 4320 1381 4371 mu·

216 4408 291 4475 tna.
317 4402 524 4479 Intellectus
546 4407 690 4481 divinus
714 4433 755 4481 ex
779 4408 975 4480 intrinseca
996 4411 1197 4484 necessarie
1224 4431 1291 4484 au
1315 4428 1382 4502 ptr
