3172 4950
702 343 740 356 -
762 310 821 372 408
842 342 881 357 -

277 418 366 485 Nam
389 437 471 485 sane
496 416 526 482 1·
549 425 708 505 exparte
730 422 842 499 actus,
868 417 899 483 si
923 438 1014 483 unus
1037 422 1184 485 estnon
1204 414 1344 506 multipli-

210 523 334 592 cabilis
357 530 457 592 actus
480 524 643 592 infinitus
666 518 804 593 infinite
828 523 1033 612 intelligens
1056 545 1154 591 omne
1177 530 1343 607 verun,et

210 631 241 699 si
264 654 306 699 ex
330 631 521 700 intrinseca
544 640 674 699 natura
697 631 805 699 huius
827 630 1080 699 intellectionis
1105 630 1287 699 necessario
1303 638 1343 699 to·

208 746 283 808 tum
308 740 399 830 quod
422 739 611 828 intelligit,
633 739 799 828 exprimit
822 740 947 823 Verbo,
974 745 1152 829 repugnat
1173 738 1342 807 utVerbuu

209 871 277 916 non
301 848 351 915 sit
373 871 499 931 unum,
526 848 619 915 sicut
648 867 740 915 unus
762 854 817 916 est
839 853 940 915 actus
969 847 1177 934 intelligens
1204 853 1240 914 et
1258 847 1343 916 dien

209 956 323 1025 Verbo
346 958 553 1047 adaequato.

274 1064 306 1128 2·
329 1064 424 1132 Idem
448 1062 561 1155 liquet
582 1085 625 1131 ex
648 1070 749 1151 parte
773 1062 893 1129 Verbi.
920 1062 1013 1144 Quia
1036 1063 1130 1131 enim
1153 1063 1294 1132 Verbum
1309 1068 1345 1129 ert

210 1173 387 1259 infinitum
412 1173 448 1235 iu
468 1169 621 1257 formali
643 1172 779 1234 ratione
803 1169 916 1250 Verbi,
941 1192 1003 1239 seu
1026 1170 1223 1260 adaequata
1246 1175 1278 1237 el:
1294 1166 1345 1235 ll&

207 1393 320 1455 totam
349 1386 547 1476 possibilem
577 1384 856 1475 expressionem,
890 1392 1028 1475 praeter
1059 1408 1164 1477 quam
1186 1385 1255 1453 alia
1275 1380 1347 1451 uulk

208 1517 282 1563 esse
304 1501 437 1583 potest,
470 1493 542 1560 nisi
572 1494 810 1561 tantummodo
840 1501 881 1562 ut
903 1493 1017 1583 ipsius
1040 1493 1202 1561 infinitae
1223 1492 1347 1559 intem

207 1602 441 1692 expressionis
466 1601 618 1668 imitatio
641 1622 683 1667 ae
704 1601 924 1669 adumbratio
947 1599 993 1667 ud
1016 1616 1130 1667 extra.
1156 1594 1347 1690 Quisqueri

208 1712 268 1779 det
289 1732 332 1779 ex
355 1712 473 1778 eadem
496 1709 645 1791 ratione,
671 1731 714 1776 ex
732 1730 802 1799 qna
823 1716 1000 1799 repugnat
1023 1708 1269 1797 multiplicatio
1281 1702 1347 1775 eru

206 1818 361 1886 absoluti
376 1817 550 1904 (infiniti),
569 1839 765 1905 repugnare
781 1817 1108 1906 multiplicationem
1124 1816 1233 1885 Verbi
1248 1808 1347 1883 infinit

208 1926 425 2015 procedentis
456 1948 516 2013 per
547 1923 765 1993 intellectum
800 1924 990 1992 infinitum.
1015 1924 1121 1993 Ratio
1145 1923 1278 1993 scilicet
1293 1924 1346 1999 eal,

207 2033 299 2123 quod
323 2033 391 2099 duo
409 2032 548 2099 infinita
564 2032 658 2099 sicut
675 2031 711 2098 iu
729 2031 867 2100 ratione
890 2053 1052 2120 suprema
1069 2030 1164 2100 entis
1179 2031 1230 2099 ita
1245 2030 1277 2098 in
1291 2043 1347 2118 qur

208 2140 265 2208 vis
288 2140 428 2207 formali
452 2140 587 2207 ratione
610 2145 821 2228 repugnant.
847 2138 948 2207 Sicut
970 2157 1053 2206 vero
1077 2138 1199 2208 unitas
1219 2154 1347 2206 necesst-

208 2247 264 2314 ria
285 2246 378 2315 entis
408 2245 542 2315 infiniti
565 2268 633 2313 non
659 2247 757 2314 modo
780 2269 848 2314 non
872 2246 1032 2315 excludit
1054 2247 1115 2314 sed
1138 2247 1209 2314 imo
1230 2240 1347 2313 includit

208 2355 475 2445 possibilitatem
492 2350 644 2438 entium,
664 2376 752 2445 quae
767 2362 808 2422 ut
823 2355 1107 2423 adumbrationes
1122 2356 1169 2424 ad
1184 2362 1280 2424 extra
1291 2368 1347 2443 pm

206 2463 270 2530 illo
294 2471 376 2531 sunt
399 2463 581 2551 analogice
603 2462 718 2547 entia,
744 2463 796 2531 ita
811 2470 847 2531 et
862 2464 1016 2531 Verbum
1039 2463 1220 2532 infinitum
1240 2478 1346 2530 nonex-

208 2568 322 2639 oludit
345 2570 404 2638 sed
428 2570 590 2654 includit,
610 2570 700 2661 quod
724 2569 906 2659 possibiles
930 2571 1073 2639 suntad
1090 2578 1193 2639 extra
1216 2564 1345 2638 imitatio

207 2699 268 2745 uss
284 2683 319 2745 et
336 2677 617 2744 adumbrationes
632 2676 739 2744 Verbi
757 2676 888 2744 infiniti
905 2676 1011 2761 (Vide
1024 2677 1145 2745 Tract.
1160 2677 1202 2745 de
1213 2677 1301 2761 Deo).

273 2785 378 2853 Patet
410 2784 524 2873 igitur
551 2808 593 2851 ex
624 2783 801 2853 infinitate
826 2785 945 2853 unitas
976 2784 1085 2853 Verbi
1115 2784 1254 2869 divini,
1275 2790 1344 2852 etu

208 2896 273 2963 hac
297 2893 528 2981 singularitas
552 2892 780 2961 fecunditatis
803 2894 847 2961 ad
882 2893 1138 2982 producendum
1168 2884 1345 2961 Verbnull

208 3002 281 3070 solo
304 3003 421 3069 Patre.
448 3001 622 3069 Nimirum
645 3000 847 3069 intellectus
878 3002 1022 3069 divinus
1051 3025 1144 3069 unus
1172 2992 1345 3070 numeroit

208 3108 323 3176 tribus
351 3108 507 3195 personis
540 3108 611 3189 ita,
646 3115 686 3175 ut
709 3108 757 3174 sit
786 3130 855 3174 non
887 3107 1161 3176 communicatus
1193 3109 1229 3176 in
1250 3106 1344 3173 Paeo,

209 3214 481 3282 communicatus
504 3236 526 3280 a
549 3215 654 3282 Patre
669 3215 705 3282 in
723 3215 854 3282 Filium
870 3220 907 3282 et
922 3216 966 3282 ab
982 3222 1131 3305 utroque
1154 3216 1194 3281 in
1210 3211 1345 3303 spiritu

209 3320 388 3403 Sanctum,
414 3323 596 3411 supposita
618 3322 688 3389 iam
711 3322 931 3411 expressione
955 3322 1064 3391 Verbi
1094 3322 1227 3390 infiniti
1249 3308 1345 3389 intelll-

209 3429 309 3519 gitnr
332 3453 399 3496 non
423 3452 497 3497 esse
520 3430 635 3499 adhuc
651 3430 765 3497 veluti
781 3431 835 3498 bis
851 3430 1022 3497 fecundus
1047 3428 1123 3498 sive
1139 3429 1185 3497 ad
1201 3428 1285 3496 idem
1296 3418 1346 3489 siu

208 3536 253 3605 ad
276 3536 374 3605 aliud
397 3520 547 3605 Verbum
574 3538 842 3627 producendum.
869 3538 946 3605 Non
969 3537 1144 3625 primum,
1171 3558 1248 3604 nam
1276 3520 1346 3602 iod·

209 3643 320 3713 lectus
352 3651 524 3736 quatenus
555 3652 610 3711 est
640 3668 707 3711 non
742 3645 1015 3713 communicatus
1039 3645 1076 3710 in
1100 3644 1214 3732 prima
1235 3646 1347 3731 persor*

208 3753 402 3822 necessario
427 3752 663 3821 intellectione
687 3753 743 3819 sui
767 3752 929 3841 producit
950 3753 1117 3835 Verbum,
1142 3752 1291 3819 Verbum
1307 3760 1347 3809 αἱ·

209 3869 278 3929 tem
301 3861 509 3949 productum
533 3884 601 3927 non
630 3868 747 3949 potest.
769 3861 958 3950 producere
981 3860 1158 3949 seipsum,
1191 3882 1252 3927 neo
1271 3846 1347 3924 tert·

209 3988 357 4056 persona
380 3968 481 4035 cuius
506 3968 715 4057 principium
740 3974 833 4053 (cum
857 3969 976 4052 Patre)
999 3973 1054 4035 est
1076 3966 1193 4055 ipsum
1216 3964 1347 4035 Verbum

208 4080 420 4162 potestesse
443 4076 654 4164 principium
679 4075 734 4142 sui
759 4074 935 4164 principii.
960 4074 1039 4141 Non
1060 4073 1224 4157 alterum,
1241 4068 1347 4162 quiea

209 4181 315 4248 dictis
332 4180 543 4249 imtellectus
559 4183 702 4249 divinus
718 4189 772 4250 est
790 4181 960 4249 fecundus
984 4183 1087 4246 unius
1106 4188 1243 4249 tantum
1257 4164 1347 4243 Verbi.

209 4310 297 4377 quae
313 4288 391 4377 ipsa
408 4289 525 4357 unitas
542 4288 767 4379 consequitur
789 4312 832 4357 cx
853 4287 1032 4356 infinitate
1055 4285 1279 4356 fecunditatis
1288 4281 1314 4347 h.
1323 4294 1347 4340 ο·

209 4414 251 4463 ex
274 4417 325 4481 eo,
351 4397 442 4487 quod
465 4395 604 4463 ratione
627 4395 818 4464 infinitatis
842 4393 1046 4464 intellectus
1062 4393 1207 4463 divinus
1220 4395 1347 4461 otuu
