3172 4950
211 391 341 458 tionem
363 388 427 475 (1).
445 387 540 458 Heee
555 389 675 481 itaque
691 389 943 461 intellectualis
959 392 1140 485 expressio
1155 392 1223 477 sui,
1240 393 1290 465 hic

213 503 335 584 ceptus
358 493 485 563 mentis
508 494 612 563 etism
637 496 674 563 in
697 496 797 564 nobis
812 505 867 566 est
883 498 1054 589 quaedam
1071 496 1262 567 similitudo
1273 507 1298 567 ei

212 604 333 685 aiunt,
359 626 426 668 esee
447 604 675 669 intentionale
696 603 748 673 rei
781 627 869 695 quse
900 604 1148 695 intelligitur;
1177 613 1214 673 et
1241 606 1298 694 proi

213 712 295 780 dum
318 711 468 800 spiritus
490 712 665 800 intelligit
688 713 866 802 seipsum,
886 715 1031 783 verbum
1049 736 1113 782 seu
1129 713 1298 783 intellectu

213 819 389 909 expressio
412 819 560 908 spiritus
581 820 688 888 estin
710 820 841 909 spiritu
866 820 1095 891 substantiali
1120 821 1219 891 velut
1240 824 1298 912 epis

216 928 407 993 intellectus
431 929 468 992 in
492 929 623 1016 spiritu
646 927 876 1016 intellipente.

279 1034 387 1101 Porro
411 1041 465 1102 est
488 1057 527 1101 eo
550 1034 740 1123 perfectius
764 1034 930 1119 verbum,
956 1058 1025 1127 quo
1049 1034 1191 1125 plenius
1220 1040 1298 1103 eta

213 1139 356 1231 quatius
378 1139 544 1229 exprimit
566 1161 637 1207 rem
661 1139 898 1226 intellectam,
922 1162 989 1232 quo
1012 1140 1157 1231 proinde
1187 1140 1291 1231 magis

213 1245 308 1316 cedit
329 1247 374 1315 ed
397 1246 619 1315 identitatem
636 1269 713 1315 oum
736 1271 774 1317 re
798 1247 1001 1333 intellecta,
1032 1253 1069 1317 et
1100 1271 1167 1341 quo
1197 1248 1298 1339 perseo

212 1359 266 1421 est
288 1374 345 1421 res
367 1352 549 1422 intellecta
579 1359 683 1444 atque
714 1376 878 1443 expresse
909 1354 1091 1422 verbulo
1114 1355 1215 1423 nobis
1240 1354 1298 1423 veri

212 1481 345 1549 semper
369 1458 531 1527 deficite
555 1458 775 1548 plenitudine
797 1461 1045 1549 perfectionis,
1072 1462 1157 1553 quia
1180 1462 1284 1552 primo

212 1591 278 1661 quo
301 1569 445 1637 suntin
469 1592 504 1638 se
528 1569 776 1658 perfectiores,
802 1571 981 1637 eominus
1011 1590 1071 1638 eas
1095 1570 1202 1638 verbo
1223 1592 1298 1661 expr

212 1701 289 1745 mus
316 1677 504 1746 secundum
522 1683 633 1745 totam
664 1677 835 1747 rationem
862 1684 898 1747 et
918 1678 1271 1767 intelligibilitatem3
1291 1702 1298 1745 ι

212 1786 335 1855 deinde
358 1784 660 1875 etiam-qnatenus
683 1807 743 1853 eas
773 1785 1025 1875 exprimimus,
1052 1787 1199 1853 verbum
1228 1794 1298 1855 nost

211 1901 265 1962 est
288 1892 448 1962 eccidens
472 1898 508 1961 et
531 1890 643 1959 solum
665 1891 911 1962 intentionalis
934 1892 1144 1977 similitudo,
1170 1916 1238 1961 non
1264 1916 1298 1961 au

212 2000 410 2069 substantia
433 2008 469 2068 et
491 1999 570 2089 ipsa
590 2022 646 2068 res
667 2001 868 2089 intellects;
896 2002 980 2094 qnia
1004 2002 1114 2072 tertio
1141 2026 1230 2095 quae
1251 2025 1298 2093 pei

211 2108 286 2177 tius
309 2109 535 2199 exprimimus
564 2110 667 2179 verbo
693 2110 843 2195 mentis,
874 2116 957 2178 sunt
983 2111 1021 2177 in
1049 2134 1085 2180 se
1107 2112 1196 2202 ipsis
1225 2112 1298 2203 impe

211 2223 269 2285 ota
285 2216 347 2304 (2).
362 2216 576 2285 Nominatim
593 2216 698 2307 (quod
714 2216 773 2285 hie
798 2217 944 2285 maxime
961 2222 1176 2307 spectamus)
1192 2219 1298 2286 dume

210 2324 357 2415 seipsam
373 2324 541 2414 exprimit
557 2326 673 2409 verbo,
691 2325 834 2393 verbum
856 2325 1012 2394 deficite
1026 2326 1239 2416 perfectione
1259 2348 1298 2395 eet

211 2434 291 2503 dum
309 2456 425 2501 onmes
436 2440 510 2501 tres
521 2432 688 2501 rationes.

277 2544 318 2610 In
343 2542 415 2611 Deo
438 2542 532 2611 sicut
547 2542 660 2633 ipsum
679 2541 874 2631 inteliiqere
888 2540 1027 2610 infinite
1042 2543 1237 2631 perfectum
1250 2546 1297 2611 eet

211 2651 364 2720 Verbum
388 2649 527 2717 infinite
551 2648 788 2717 intellectione
810 2672 1013 2738 expressum
1027 2655 1083 2718 est
1099 2649 1238 2718 infinite
1251 2670 1298 2738 per

210 2766 297 2830 tum.
316 2758 410 2826 Deus
430 2758 557 2849 quippe
581 2755 755 2845 intelligit
779 2780 815 2825 se
843 2757 980 2846 ipsum,
1011 2755 1165 2847 adeoque
1199 2780 1251 2825 res
1277 2754 1298 2823 ir

210 2867 303 2937 lecta
329 2872 382 2934 est
414 2865 574 2949 infinita;
601 2864 776 2954 intelligit
792 2887 853 2933 seu
869 2864 1129 2956 comprehendit
1144 2888 1182 2933 se
1197 2888 1298 2934 secun

211 2980 319 3044 totum
343 2972 513 3042 rationem
545 2971 720 3040 infinitam
750 2970 1085 3060 intelligibilitatis3
1111 2971 1180 3041 bac
1202 2973 1257 3041 sui
1275 2972 1298 3038 ir

210 3082 357 3152 lectione
380 3103 448 3148 non
472 3078 709 3147 tantummodo
732 3079 919 3169 imaginem
943 3079 1212 3149 intent-ionalem
1235 3080 1286 3149 sui

210 3188 310 3257 ducit
333 3210 422 3278 quae
453 3192 545 3255 esset
571 3187 752 3271 accidens,
787 3187 846 3256 sed
874 3186 1106 3275 intelligendo
1136 3211 1174 3258 se
1197 3210 1298 3257 secum

209 3302 320 3364 totam
360 3295 534 3363 infinitam
571 3294 904 3384 intelligibilitatem
940 3301 976 3363 et
1013 3295 1158 3383 proinde
1198 3317 1298 3365 secum

209 3410 321 3473 totum
345 3402 524 3473 infinitum
549 3404 636 3471 Esse
657 3402 820 3494 producit
842 3403 1033 3471 immanens
1056 3402 1211 3472 Verbum
1235 3402 1298 3472 sui:

215 3586 1298 3661 .mufflmmmmmwmmfflmmdwffimmm2

208 3683 271 3749 ipso
290 3681 415 3748 concipit
431 3679 508 3732 dere
522 3679 682 3743 intellecta,
704 3693 777 3745 quse
796 3677 910 3744 quidem
930 3679 961 3727 in
982 3679 1063 3729 nobie
1082 3692 1176 3745 neque
1194 3683 1239 3731 est
1254 3678 1298 3745 ipu

208 3787 279 3839 quse
299 3771 488 3835 intelligitur,
503 3784 594 3836 neque
613 3773 659 3821 est
677 3769 742 3835 ipsa
756 3769 921 3820 substantia
934 3769 1112 3833 intellectus,
1128 3769 1179 3822 sed
1193 3776 1298 3836 estque

208 3862 369 3915 similitudo
397 3866 530 3928 concepta
548 3861 701 3915 intellectu
722 3858 755 3911 de
775 3875 805 3912 re
825 3860 994 3923 intellecta,
1016 3875 1101 3926 quam
1125 3876 1208 3913 uoces
1227 3864 1298 3913 extet

209 3952 382 4017 significant,
403 3951 477 4005 unde
498 3958 527 4004 et
546 3952 611 4019 ipsa
629 3952 755 4005 intentio
775 3954 886 4003 eertum
904 3951 1023 4002 interius
1042 3952 1225 4005 nominatur.
1245 3962 1298 4017 quot

208 4042 347 4094 exteriori
368 4043 453 4095 verbo
473 4042 664 4107 significatum
680 4064 692 4079 ··
713 4041 742 4094 S.
753 4041 806 4093 Tb.
821 4043 911 4093 contr.
925 4041 1008 4092 (ient.
1021 4042 1070 4093 IV.
1082 4057 1106 4094 e.
1118 4042 1162 4093 11.

261 4128 304 4202 (2)
322 4131 366 4183 Ex
385 4131 560 4197 perfectione
580 4132 622 4184 rei
641 4133 808 4184 intellectae
828 4135 857 4183 et
884 4136 995 4183 amatae
1020 4130 1206 4197 repetendum
1226 4134 1282 4193 eet,

207 4222 236 4275 S.
250 4222 430 4288 Augustinus
450 4222 539 4283 docet,
554 4224 711 4290 pleniorem
732 4238 794 4275 esse
815 4223 980 4287 analogiam
999 4221 1047 4275 SS.
1062 4222 1222 4276 Trinitatis
1234 4222 1261 4272 in
1272 4232 1298 4270 ui

208 4311 273 4364 dum
292 4312 380 4364 Deum
400 4313 544 4378 inteiligit
557 4317 586 4365 et
598 4317 685 4377 amat,
705 4327 790 4379 quarn
804 4311 869 4364 dum
882 4312 1028 4376 intelligit
1042 4314 1071 4363 et
1084 4316 1162 4364 unet
1174 4311 1298 4379 seipseu·

208 4400 288 4455 'irim
303 4401 324 4454 1.
335 4400 412 4455 xlv.
428 4418 458 4455 n.
474 4403 517 4456 11.
534 4402 577 4457 15.
591 4403 627 4457 ui.
638 4403 667 4458 S.
679 4404 733 4458 nh.
748 4404 774 4457 1.
786 4420 815 4470 q.
828 4402 872 4455 93.
888 4419 915 4455 a.
926 4404 956 4454 8.
