3172 4950
640 333 678 352 ..
698 301 760 364 337
780 334 817 351 ..

207 405 350 479 Relatio
372 407 481 479 realis
507 407 545 479 in
577 408 705 478 creatis
735 413 789 478 est
818 408 979 479 accidens
1008 410 1046 481 in
1075 411 1254 500 subiecto,
1280 416 1319 486 vi

182 519 245 589 rius
267 517 463 588 subiectum
487 518 594 587 habet
617 518 770 587 ordinem
787 518 831 587 ad
846 517 956 587 alium
971 519 1159 590 terminum
1175 520 1315 593 realem.

182 682 186 695 .
206 625 328 719 itaque
349 624 477 695 relatio
501 625 631 695 dicitur
654 627 729 716 ipse
753 627 836 695 ordo
868 627 913 695 ad
943 626 1114 713 alterum,
1142 652 1242 721 quern
1265 652 1318 700 ra·

182 740 301 805 ectum
322 734 376 803 ita
397 735 574 804 abstracte
598 734 854 805 consideratum
875 741 1010 804 veteres
1033 735 1215 826 appellent
1229 738 1319 807 rela-

181 841 252 913 cnis
275 865 344 909 esse
367 840 413 908 od
435 840 664 928 (terminum),
683 841 744 911 ille
759 850 938 932 respectus
962 865 1030 911 uon
1047 848 1103 912 est
1118 844 1250 914 entitas
1266 846 1318 915 di·

181 951 277 1021 inota
298 970 321 1017 a
343 949 492 1018 termino
516 949 575 1037 (ad
599 971 699 1041 quem
722 951 891 1037 refertur)
915 958 951 1019 et
973 952 1017 1019 ab
1032 951 1210 1022 accidente
1228 953 1318 1046 quod

181 1058 272 1129 indat
294 1056 402 1127 talem
425 1058 592 1142 ordinem,
617 1066 653 1127 et
677 1058 767 1150 quod
791 1057 867 1128 ideo
883 1058 1015 1128 dicitur
1030 1061 1213 1128 relationis
1230 1062 1319 1150 fua-

181 1180 338 1233 Μίνω
352 1164 410 1232 vel
424 1186 446 1232 a
462 1164 642 1235 veteribus
655 1164 762 1234 etiam
782 1167 965 1232 relationis
978 1190 1045 1233 esse
1064 1168 1102 1232 in
1118 1166 1316 1254 (subiecto).

181 1274 236 1345 inc
249 1272 441 1343 relationes
457 1278 633 1362 spectatae
649 1272 837 1342 secundum
854 1296 956 1341 sunm
972 1273 1235 1343 fundamentum
1257 1297 1319 1345 seu

180 1383 331 1455 eundum
347 1406 416 1450 esse
431 1386 469 1448 in
484 1382 631 1449 subiecto
649 1389 734 1450 suut
746 1382 972 1464 intonantes,
987 1382 1174 1451 secundum
1186 1404 1319 1452 merum

180 1514 213 1559 ss
232 1487 280 1558 cd
303 1491 484 1557 terminum
507 1494 684 1579 spectatae
707 1488 876 1559 dicuntur
901 1492 1107 1572 assistentes,
1132 1490 1156 1558 i.
1176 1489 1319 1559 anihil

180 1598 321 1669 atauo
344 1602 509 1689 ponentes
524 1598 562 1665 in
578 1597 744 1667 subiecto.
769 1597 869 1668 Unde
885 1620 986 1690 porro
1001 1597 1145 1668 evidens
1164 1605 1229 1684 est,
1250 1623 1318 1668 om·

179 1705 412 1779 arelationes
428 1705 541 1774 reales
556 1705 750 1775 necessario
767 1704 893 1775 habere
917 1729 1018 1775 suum
1043 1729 1110 1772 esse
1132 1709 1170 1771 in
1193 1706 1318 1774 subiec-

179 1838 206 1898 ις
224 1814 290 1885 hoo
312 1814 405 1884 enim
427 1814 518 1882 nihil
543 1813 642 1882 aliud
666 1812 866 1904 significat,
893 1836 996 1906 quam
1024 1814 1114 1906 quod
1138 1820 1222 1884 sunt
1242 1835 1317 1884 rea·

179 1930 231 1995 css
251 1945 314 1993 seu
338 1922 536 1991 fundantur
559 1921 597 1988 in
620 1921 784 1991 realitate
800 1920 1004 1991 inhaerente
1021 1921 1177 1992 subiecto
1191 1922 1316 1992 relato.

179 2034 274 2103 'caim
289 2052 373 2100 vero
393 2029 581 2098 relationes
599 2049 686 2120 qnae
710 2051 801 2098 mere
825 2028 954 2098 habent
978 2053 1046 2096 esse
1070 2029 1116 2096 ad
1141 2032 1320 2097 caminam

178 2138 222 2210 ias
241 2137 407 2209 realitate
430 2136 649 2206 fundamenti
671 2136 710 2204 in
733 2135 900 2221 subiecto,
928 2159 990 2206 seu
1014 2159 1103 2230 quae
1127 2146 1212 2207 sunt
1227 2161 1320 2208 mere

178 2249 339 2315 earam
354 2251 391 2314 et
405 2244 504 2313 nullo
528 2244 626 2311 modo
649 2243 884 2330 inhaerentes,
910 2267 979 2314 non
1002 2252 1086 2314 sunt
1109 2268 1194 2316 vera
1215 2245 1318 2317 reali·

178 2374 225 2441 ιι,
246 2354 305 2424 sed
328 2353 441 2422 solnm
465 2360 506 2421 nt
528 2351 674 2423 realitas
704 2353 952 2444 concipiuntur
981 2357 1134 2440 (veteres
1164 2353 1316 2424 aiebant:

178 2469 232 2534 nat
250 2485 312 2533 ons
333 2486 403 2533 non
427 2462 558 2553 primae
576 2460 782 2530 intentionis
804 2462 864 2532 sed
888 2463 1058 2532 secundae
1083 2462 1316 2550 intentionis),

178 2573 253 2662 dona
273 2569 352 2639 ideo
377 2576 462 2640 sunt
487 2568 674 2638 relationes
699 2568 848 2637 rationis
871 2574 907 2638 et
928 2591 998 2637 non
1020 2568 1143 2638 reales.

218 2676 286 2745 Iam
308 2677 499 2746 secundum
522 2678 612 2747 hano
633 2676 900 2767 probabiliorem
917 2677 1089 2746 theoriam
1112 2677 1156 2746 de
1178 2677 1318 2746 relatio·

177 2783 249 2855 ubas
264 2785 299 2855 in
316 2785 457 2870 creatis,
479 2808 565 2878 quae
582 2785 809 2854 confirmatur
824 2785 930 2853 etiam
947 2786 1159 2855 auctoritate
1175 2785 1212 2854 S.
1229 2785 1318 2854 Tho-

177 2910 234 2977 nae,
246 2893 463 2985 aliquomodo
476 2893 734 2961 declamatura
750 2891 848 2959 nobis
861 2891 1048 2961 relationes
1061 2891 1215 2960 divinae.
1229 2892 1319 2961 Illae

177 2995 226 3069 ire
238 3001 340 3070 dubio
356 3006 441 3070 sunt
455 2998 566 3068 reales
582 2998 771 3091 (loquimur
789 2999 831 3068 de
846 2998 1076 3067 relationibus
1088 2999 1316 3086 intrinsecis),

176 3104 296 3202 deoque
319 3114 405 3179 eunt
427 3109 557 3177 entitas
580 3107 700 3199 aliqua
723 3108 760 3175 in
784 3108 858 3198 ipso
882 3109 1031 3178 termino
1059 3108 1119 3198 qui
1150 3110 1316 3193 refertur,

176 3232 221 3285 ato
238 3225 351 3287 anum
376 3224 460 3285 sunt
489 3238 604 3285 merus
634 3220 813 3305 respectus
836 3222 871 3286 et
893 3217 1086 3287 extrinsece
1109 3219 1317 3298 assistentes,

176 3325 326 3397 saeba
347 3325 531 3395 Gilbertus
553 3325 777 3396 Porretanns.

218 3433 317 3527 st12
339 3433 405 3502 illa
427 3433 558 3503 entitas
581 3455 642 3502 seu
665 3432 792 3501 relatio
817 3433 1004 3501 seeundum
1021 3457 1088 3500 esse
1103 3435 1141 3500 ia
1156 3434 1317 3516 eradicato,

176 3549 282 3614 mest
296 3545 333 3612 in
351 3544 423 3612 Deo
439 3542 599 3611 accidens
622 3541 809 3610 inhaerens
833 3541 1001 3625 subiecto,
1020 3541 1079 3609 sed
1096 3548 1150 3609 est
1171 3543 1320 3631 ipsamet

175 3643 267 3720 divina
284 3651 484 3721 substantia
501 3648 698 3719 formaliter
715 3655 755 3718 ut
771 3649 935 3718 relativa.
951 3648 1034 3739 Ipsa
1050 3648 1216 3717 videlicet
1228 3648 1318 3719 divi·

175 3757 451 3828 usnbstantialis
466 3756 660 3827 intellectio
677 3780 745 3825 nou
758 3756 856 3825 modo
868 3762 921 3825 est
934 3754 1129 3825 intellectio
1145 3754 1316 3841 absoluta,

175 3864 212 3936 ad
229 3865 331 3936 babet
354 3888 397 3935 ex
427 3866 619 3936 intrinseca
650 3887 714 3933 sua
737 3871 867 3934 natura
899 3863 1133 3934 necessarium
1165 3865 1319 3936 ordinem

175 3970 307 4045 droam
328 3974 484 4044 Verbum
508 3981 549 4044 ut
564 3977 607 4044 ad
624 3974 812 4044 terminum
829 3972 1057 4043 aeternaliter
1073 3979 1109 4043 et
1125 3975 1319 4045 necessario

174 4082 362 4171 rodactum3
387 4084 520 4175 pariter
543 4084 697 4154 Verbum
720 4091 774 4153 est
797 4084 875 4174 ipsa
898 4081 1016 4154 eadem
1039 4082 1201 4152 absoluta
1217 4082 1318 4152 intel·

174 4193 248 4267 tetic
270 4190 530 4276 substantialis,
550 4191 609 4260 sed
626 4213 712 4283 qnae
731 4192 794 4260 sub
811 4191 951 4261 formali
968 4191 1103 4261 ratione
1118 4190 1227 4259 Verbi
1242 4212 1319 4281 pro·

174 4302 241 4373 acti
262 4301 369 4369 babet
390 4298 618 4369 intrinsecum
641 4300 872 4370 necessarium
895 4299 1050 4368 ordinem
1068 4299 1113 4370 ad
1130 4299 1317 4389 producen-

174 4432 225 4481 ιιι.
249 4407 347 4478 Idem
370 4405 468 4476 valet
489 4406 532 4481 do
555 4406 693 4498 Spiritu
720 4407 848 4478 Sancto
880 4413 921 4477 ut
950 4406 1140 4497 intrinseco
1170 4405 1318 4474 termino

1158 4548 1177 4584 0
