3172 4950
709 319 889 384 -175—

203 428 313 524 καρδιᾳ
339 426 444 518 θεον).
472 432 568 502 Ante
589 432 808 525 enimquam
831 431 1019 525 quidquam
1042 432 1152 519 fieret,
1173 432 1265 504 illud
1289 432 1384 504 Ver--

208 543 287 612 bum
303 541 430 610 babuit
443 562 585 611 consors
600 539 824 611 consiliorum
842 535 1054 631 (συμβουλον),
1081 545 1203 631 utpote
1219 539 1310 632 quod
1326 545 1381 611 est

212 672 304 719 mens
324 648 402 718 eius
424 654 463 718 et
483 648 735 739 intelligentia.
754 648 902 732 Quando
925 653 1042 717 autem
1074 646 1189 717 voluit
1210 647 1306 717 Deus
1329 649 1380 717 fa·

215 781 286 828 cere
323 777 413 849 quae
450 761 656 842 statuerat,
697 756 762 826 hoc
800 757 952 826 Verbum
998 755 1123 846 genuit
1160 755 1381 847 prolatitium

221 862 424 960 (πρηφιιισν),
449 864 722 957 primogenitum
744 865 855 933 omnis
880 871 1075 949 creaturae,
1101 886 1169 932 non
1193 863 1283 957 quod
1306 866 1381 956 ipse

223 996 342 1044 nouus
365 973 477 1046 Verbi¹
497 973 623 1058 fleret,
650 972 710 1042 sed
737 972 892 1042 Verbum
920 973 1071 1062 gignens
1103 977 1139 1041 et
1169 972 1285 1041 Verbo
1318 995 1381 1041 suo

225 1083 269 1169 (iu
282 1083 418 1173 seipso)
440 1102 573 1172 semper
595 1101 816 1150 conversans.
832 1080 927 1149 Haeo
950 1102 1013 1148 nos
1037 1081 1160 1149 docent
1183 1078 1247 1149 SS.
1263 1079 1378 1171 Scrip-

224 1199 321 1277 turas,
345 1196 383 1261 et
405 1193 576 1282 quotquot
599 1189 738 1280 Spiritu
754 1189 882 1258 Sancto
905 1188 1016 1257 afflati
1039 1189 1148 1275 fuera,
1175 1187 1268 1258 inter
1294 1211 1381 1281 quos

227 1300 355 1370 loannes
376 1298 430 1368 its
452 1297 589 1367 dicens:
614 1297 653 1364 iu
676 1297 849 1387 principio
872 1302 949 1366 erat
971 1295 1145 1382 Verbum,
1171 1303 1207 1366 et
1228 1295 1380 1366 Verbum

228 1411 290 1476 erat
308 1404 400 1497 apud
422 1404 546 1474 Deum.
571 1404 639 1473 His
662 1404 779 1473 verbis
803 1404 978 1490 ostendit,
1004 1403 1108 1473 initio
1136 1403 1246 1472 solum
1270 1403 1380 1474 fuisse

230 1512 319 1582 licum
340 1517 377 1582 et
397 1511 437 1581 in
458 1533 498 1581 so
520 1509 686 1581 Verbum.
701 1510 791 1580 Tum
814 1511 925 1580 addit:
951 1515 987 1580 et
1008 1511 1103 1580 Deus
1120 1514 1197 1579 erat
1211 1510 1376 1594 Verbum,

230 1619 324 1687 omnia
345 1618 545 1709 peripsum
568 1618 665 1687 facta
689 1622 783 1686 sunt.
798 1617 951 1686 Verbum
975 1617 1089 1707 igitur
1113 1640 1191 1687 cum
1213 1616 1308 1686 Deus
1331 1618 1388 1686 sit'

230 1735 311 1797 etex
332 1726 404 1796 Deo
424 1726 605 1815 genitum,
631 1724 722 1795 illud
744 1725 850 1795 Pater
879 1726 1123 1795 universorum
1153 1747 1231 1794 oum
1264 1725 1378 1794 visum

232 1835 332 1921 merit,
344 1834 457 1906 mittit
471 1833 509 1902 in
525 1832 676 1926 aliquem
688 1832 803 1904 locum
821 1861 837 1896 e
857 1839 925 1904 etc.
945 1833 995 1904 ibi
1010 1856 1045 1911 ιι.
1060 1835 1116 1903 22.
1130 1832 1284 1903 Eandem
1301 1834 1378 1903 doc·

184 1960 187 2023 ξ
231 1943 338 2013 trinam
360 1949 398 2013 et
419 1941 622 2034 plerumque
645 1940 769 2012 iisdem
786 1942 859 2011 fere
882 1941 1045 2034 loquendi
1069 1941 1230 2012 formulis
1257 1966 1378 2035 propo·

184 2064 187 2149 g
233 2056 301 2121 nunt
319 2051 442 2120 Patres
465 2048 542 2118 alii:
556 2049 718 2128 Iustinus
740 2049 825 2119 dial.
852 2071 930 2119 eum
954 2048 1090 2141 Tryph.
1111 2074 1146 2119 ιι.
1162 2051 1234 2140 61.;
1260 2051 1378 2121 ‘latia-

184 2164 189 2247 ζ
233 2179 281 2228 ιιι
300 2164 408 2230 contr.
428 2158 552 2228 Graec.
567 2181 602 2228 ιι.
620 2158 653 2226 ὅ.
668 2182 676 2245 3
694 2158 941 2247 Athenagoras
963 2157 1088 2247 Legat.
1106 2183 1142 2228 n.
1161 2159 1230 2248 10.;
1250 2160 1379 2252 Hippo·

184 2252 189 2329 i
234 2266 312 2356 lytra
327 2275 438 2339 contr.
454 2267 555 2337 Noet.
575 2290 610 2335 ιι.
627 2265 696 2354 10.;
713 2265 955 2336 Tertullianus
972 2272 1094 2337 contra
1109 2267 1213 2336 Prsx.
1233 2291 1262 2336 o.
1280 2270 1312 2337 5.
1328 2268 1377 2356 b.;

235 2373 431 2447 llovatisnus
455 2397 486 2445 o.
502 2374 558 2442 31.
576 2380 646 2444 eto.

281 2484 468 2555 Evidenter
492 2482 530 2550 in
560 2481 657 2551 hisce
688 2479 775 2550 loeis
797 2480 950 2551 Verbum
977 2486 1158 2573 spectatur
1189 2480 1380 2571 dupliciter

236 2590 309 2676 o)in
328 2613 364 2662 se
385 2595 422 2661 et
445 2590 483 2659 in
505 2610 570 2658 sua
590 2589 783 2660 intrinseca
804 2587 974 2658 relatione
1004 2589 1048 2658 ad
1071 2589 1233 2673 Patrem,
1259 2594 1302 2657 ut
1324 2589 1379 2658 de·

237 2699 375 2769 scribitur
397 2698 436 2767 in
458 2696 582 2787 primis
605 2697 739 2790 duobus
773 2698 957 2768 versiculis
987 2696 1178 2788 Evangelii
1207 2696 1377 2784 Ioannis;
1423 2727 1425 2731 ·

237 2802 307 2889 tin
326 2804 496 2874 relatione
519 2802 566 2870 ad
589 2819 700 2887 extra,
725 2804 761 2875 h.
778 2826 809 2873 e.
825 2810 998 2896 quatenus
1027 2805 1065 2873 in
1088 2802 1203 2873 Verbo
1226 2804 1379 2874 conside·

237 2920 312 2983 ratur
333 2913 390 2984 vel
411 2912 492 2983 idea
512 2919 550 2982 et
572 2912 755 2982 consilium
778 2913 965 2983 creationis
995 2914 1039 2982 ab
1061 2920 1202 2984 aeterno
1233 2936 1379 2984 commu·
1456 2969 1461 2980 .

237 3018 362 3092 natum
377 3043 400 3089 a
414 3021 520 3091 Patre
542 3021 580 3090 in
602 3019 746 3107 Filium,
772 3020 830 3090 vel
852 3021 921 3090 iam
945 3022 1022 3113 ipsa
1043 3021 1080 3091 in
1104 3028 1257 3112 tempore
1272 3021 1379 3090 maui-

238 3126 350 3198 testatio
371 3134 409 3198 et
432 3128 587 3218 operatio
611 3127 657 3194 od
680 3143 779 3196 emero
802 3134 839 3198 et
862 3128 980 3199 missio
1003 3151 1025 3197 a
1047 3130 1164 3216 Patre,
1183 3134 1226 3199 ut
1241 3129 1379 3199 exhibe-

239 3237 279 3305 tur
295 3237 329 3305 in
351 3235 526 3307 versiculo
548 3235 656 3305 tertio
678 3234 831 3305 eiusdem
852 3234 1055 3327 Evangelii.

283 3343 319 3414 ln
340 3344 451 3436 priori
475 3343 750 3414 consideratione
780 3343 991 3414 describitur
1020 3344 1250 3415 disertissime
1273 3343 1381 3414 Verbi

184 3462 187 3535 ξ
241 3452 650 3523 aerumnosarum
679 3451 799 3521 unitas
830 3475 908 3522 cum
934 3453 1063 3541 Patre;
1096 3459 1150 3522 est
1180 3453 1271 3522 enim
1294 3452 1379 3521 Ver-

184 3580 187 3609 *
242 3551 316 3644 bun,
338 3559 381 3628 de
404 3581 471 3650 quo
493 3558 641 3629 Ioannes
663 3558 728 3627 ait:
746 3559 784 3628 iu
799 3558 973 3651 principio
996 3565 1084 3644 erat,
1107 3565 1143 3628 et
1165 3558 1259 3628 Deus
1281 3565 1378 3643 erat,

184 3658 187 3735 ζ
242 3666 306 3751 qued
323 3674 378 3738 est
399 3689 495 3737 mens
517 3672 555 3738 et
575 3667 814 3757 intelligentia
843 3668 962 3737 Patris
996 3663 1084 3755 (νους
1108 3689 1159 3729 και
1183 3661 1377 3757 φριιησις),

242 3773 306 3858 quod
324 3774 399 3846 ideo
423 3775 624 3845 necessario
652 3798 784 3867 semper
814 3781 869 3845 est
890 3776 1044 3845 Verbum
1074 3775 1221 3844 insitum
1249 3775 1286 3843 in
1308 3775 1381 3845 Deo

184 3880 186 3893 '
242 3871 328 3951 Pate.
340 3883 393 3954 Ne
416 3905 500 3952 vero
523 3883 693 3952 habeatur
716 3883 816 3956 velut
838 3883 1051 3954 attributum
1076 3883 1273 3952 absolutum
1295 3883 1377 3969 Dei,

242 4001 288 4054 ron
304 3991 415 4062 minus
438 3992 569 4063 diserte
592 3992 801 4082 exprimitur
824 3992 1007 4062 distinctio
1023 3990 1131 4060 Verbi
1147 3992 1190 4059 ab
1211 4014 1261 4077 eo,
1281 3992 1382 4062 cuius

242 4096 436 4172 severum.
451 4101 518 4170 Eat
526 4096 690 4187 Verbum,
703 4100 793 4193 quod
805 4107 895 4171 teate
911 4102 1041 4171 Ioanne
1057 4107 1135 4194 erat
1151 4100 1244 4192 opud
1259 4100 1378 4184 Deum,

242 4204 369 4287 quoiast
387 4208 611 4279 consiliarius
634 4232 696 4279 seu
719 4232 859 4279 consors
883 4208 1109 4279 consiliorum
1132 4208 1263 4293 Patris,
1289 4209 1380 4300 quod

240 4315 277 4378 ut
291 4318 440 4406 genitum
463 4339 486 4386 a
507 4318 613 4388 Patre
636 4319 859 4408 generatione
881 4324 1047 4404 aeterna3
1073 4339 1154 4386 uam
1182 4316 1314 4387 dicitnr
1336 4314 1380 4383 ab

239 4423 348 4493 uerno
369 4447 444 4494 ease
468 4425 504 4492 in
530 4424 734 4509 visceribus,
748 4425 785 4494 in
802 4424 903 4495 corde
919 4425 1037 4494 Patris
1063 4424 1127 4510 ita,
1145 4430 1186 4494 ut
1201 4425 1249 4493 sit
1262 4420 1379 4492 Filius
