3172 4950
649 336 689 353 ··
708 306 769 368 489
788 336 827 352 -

188 434 241 482 nen
259 411 346 480 duae
362 461 371 496 ,
395 415 432 482 et
453 409 559 480 simul
581 409 679 500 origo
701 410 790 479 Filii
811 433 833 478 a
847 410 953 481 Patre
969 411 1228 503 significantur3
1243 417 1323 507 puri

188 520 295 589 ratione
316 518 355 587 in
378 518 594 609 processione
618 517 774 608 Spiritus
797 517 919 588 Sancti
942 544 964 585 u
987 521 1095 588 Putre
1111 546 1176 614 per
1191 524 1323 592 Filium

188 649 266 696 mum
287 625 472 696 exhibetur
494 625 724 717 processionis
749 625 983 716 principium,
1016 628 1099 719 quia
1127 630 1220 699 sicut
1252 654 1345 700 una.

188 735 309 804 utentia
330 735 383 804 ita
405 756 476 804 una
497 740 551 804 est
565 733 622 804 vis
638 733 819 824 spiratrix,
834 733 894 802 sed
909 757 1075 824 personae
1092 737 1322 809 ostenduntur

188 841 273 928 duee,
298 865 445 935 quarum
467 848 522 914 est
543 841 695 912 essentia
717 842 781 922 sub
811 840 951 910 formali
974 842 1080 911 etiam
1109 843 1245 914 ratione
1267 845 1323 915 vis

188 948 358 1039 spirctncis
380 973 463 1036 nna,
488 950 548 1019 sed
570 950 625 1019 ita
647 954 688 1018 ut
709 950 814 1018 Pater
838 950 888 1018 sit
909 951 1119 1042 principium
1143 953 1218 1021 sine
1227 954 1323 1044 prin·

188 1055 253 1146 cipio
275 1054 529 1150 (uposarupsusu
545 1050 655 1146 ἀιτια),
679 1057 797 1126 Filius
827 1057 876 1127 sit
904 1081 973 1126 non
1004 1059 1214 1149 principium
1245 1061 1320 1130 sine

188 1161 329 1254 principio
352 1165 412 1235 sed
434 1187 542 1233 unum
565 1186 642 1233 cum
664 1164 770 1233 Patre
792 1163 1003 1255 principium
1027 1165 1184 1255 Spiritus
1198 1166 1321 1236 Sancti

188 1267 254 1339 deut
271 1293 362 1340 unus
383 1293 460 1341 cum
481 1273 587 1340 Patre
608 1272 703 1340 Deus
725 1278 761 1341 et
791 1278 948 1357 creator,
974 1281 1145 1365 quatenus
1178 1298 1323 1365 genera·

188 1373 256 1446 ione
273 1378 379 1448 habet
402 1366 653 1449 communicata
676 1378 801 1464 omnia,
820 1386 1007 1471 quaesunt
1028 1382 1147 1450 Patris
1162 1387 1322 1473 (excepta

188 1485 397 1574 paternitate),
414 1493 450 1556 et
465 1487 610 1578 proinde
633 1487 737 1556 etiam
760 1488 832 1557 vim
850 1488 1081 1579 spiretnicem.
1096 1491 1215 1581 Neque
1229 1490 1321 1559 enim

189 1587 266 1662 Pater
286 1601 322 1664 et
343 1595 460 1664 Filius
483 1595 597 1685 magis
619 1595 809 1686 spiratione
833 1618 936 1688 quam
952 1595 1082 1665 deitate
1098 1596 1155 1665 vel
1171 1598 1321 1666 attribu·

188 1696 221 1764 tis
236 1702 397 1770 absolutis
424 1702 516 1770 inter
540 1724 575 1770 se
599 1702 891 1792 distinguuntur,
916 1726 993 1773 cum
1016 1688 1321 1773 distinctio'nulla
1433 1750 1436 1755 -

188 1800 300 1875 sitella
321 1807 415 1876 inter
437 1830 493 1877 eos
516 1828 619 1901 quam
640 1830 702 1898 per
718 1808 897 1878 formalem
910 1809 1081 1878 rationem
1094 1810 1320 1901 paternitatis

188 1914 212 1978 ct
227 1913 412 1985 filiationis.

230 2019 277 2090 llx
299 2023 406 2092 dictis
427 2028 595 2113 apparet,
620 2045 689 2091 non
711 2045 750 2092 re
774 2021 974 2112 significata
996 2024 1057 2094 sed
1081 2028 1195 2093 tamen
1220 2026 1320 2094 modo

188 2143 235 2194 em
251 2128 402 2198 eamdem
424 2130 648 2220 significandi
672 2130 815 2199 differre
837 2131 1072 2216 sententiam,
1098 2153 1167 2223 qna
1189 2130 1321 2202 dicitur

188 2222 313 2321 tpintns
337 2235 488 2306 Sanctus
509 2238 691 2327 procedere
715 2263 737 2305 a
760 2238 867 2305 Patre
888 2261 953 2327 per
967 2239 1113 2320 lilium,
1138 2240 1181 2307 ab
1204 2239 1318 2308 altera

188 2356 233 2423 [cu
249 2342 380 2412 dicitnr
402 2343 622 2433 procederes
648 2344 756 2413 Putre
771 2359 803 2411 er
825 2344 934 2414 Filio.
952 2343 996 2412 In
1017 2343 1082 2413 hoc
1096 2344 1207 2412 altero
1221 2345 1319 2413 modo

188 2438 293 2533 licendi
314 2450 447 2519 directe
469 2456 647 2540 spectatur
669 2450 859 2520 declaratio
882 2450 1031 2520 unitatis
1054 2450 1240 2541 principii,
1259 2450 1319 2520 sed

188 2554 243 2624 udo
263 2557 411 2648 originis
434 2559 527 2656 inter
549 2560 688 2629 Patrem
711 2566 748 2628 et
769 2559 902 2628 Filium
931 2559 1092 2651 quamvis
1121 2559 1319 2629 nominibus

188 2660 246 2747 peis
266 2665 498 2751 contineatur,
511 2689 580 2735 non
602 2673 717 2736 tamen
733 2666 899 2756 explicite
914 2665 1122 2756 exprimitur
1138 2666 1251 2758 quoad
1266 2665 1319 2756 ip·

188 2784 234 2837 en
252 2772 496 2862 spirationem,
523 2796 611 2865 quae
634 2775 683 2843 sit
703 2773 797 2841 Filio
820 2773 1070 2843 communicata
1092 2795 1114 2841 a
1135 2774 1253 2842 Patre.
1275 2773 1319 2841 In

188 2874 402 2947 »uastantem
416 2880 515 2949 modo
537 2878 700 2972 loquendi
723 2880 938 2971 propositum
960 2885 1015 2948 est
1036 2879 1167 2949 directe
1183 2879 1319 2969 signifi·

188 3000 239 3053 cre
258 2986 412 3056 ordinem
434 2987 582 3078 originis
605 2988 697 3057 inter
721 2988 808 3057 duas
830 3009 995 3079 personas
1018 2987 1202 3079 spirantes,
1228 2986 1319 3079 quod

188 3083 260 3163 tur
280 3104 335 3167 est
358 3099 436 3167 fons
451 3095 689 3187 primordialis
708 3087 963 3186 (προκαταρκτικη
981 3088 1089 3184 duria),
1107 3116 1128 3161 a
1144 3116 1209 3186 quo
1225 3092 1319 3162 sicut

188 3201 305 3271 suus
327 3203 380 3272 ita
403 3201 460 3274 vis
481 3201 652 3293 spiratrix
681 3207 738 3270 est
767 3201 1017 3270 communicata
1047 3200 1165 3289 Fili03
1199 3200 1318 3269 unitas

188 3320 241 3373 'ero
259 3309 424 3400 principii
448 3332 517 3377 non
540 3308 702 3398 explicite
724 3308 812 3398 ipsis
835 3308 1022 3399 particulis
1038 3309 1248 3397 aPatreper
1258 3307 1318 3376 ri-

188 3402 265 3500 icn,
288 3415 348 3484 sed
370 3416 488 3505 potius
510 3416 548 3483 in
571 3415 829 3505 significatione
852 3416 1000 3487 subiecti
1022 3417 1128 3502 (Deus
1152 3416 1260 3483 Pater
1281 3420 1318 3483 et

188 3510 247 3586 leus
260 3524 390 3613 Filius)
406 3525 615 3593 continetur.
633 3524 759 3593 Patres
781 3525 895 3614 igitur
926 3524 1158 3594 occidentales
1185 3523 1224 3591 in
1248 3525 1317 3591 ior·

188 3625 255 3740 pule
268 3630 355 3722 ipsis
370 3631 525 3717 solemni,
544 3653 612 3724 qua
627 3632 749 3701 dicunt
761 3632 1012 3722 processionem
1029 3655 1071 3698 ec
1087 3631 1194 3698 Putre
1209 3643 1241 3695 et
1256 3631 1316 3697 Fi-

188 3746 224 3812 20,
240 3735 367 3807 directe
383 3739 569 3806 enuntiant
591 3737 760 3807 adversus
781 3738 934 3806 Arianos
956 3737 1126 3806 unitatem
1147 3735 1317 3803 essentiae

188 3844 432 3933 aspirationis,
456 3852 493 3914 et
514 3843 700 3914 includunt
722 3845 979 3917 distinctionem
1011 3863 1235 3933 personarum
1257 3840 1317 3910 ad·

188 3957 275 4019 'ersus
297 3952 514 4022 Sabellisncs
529 3977 537 4039 ;
563 3952 750 4021 orientales
764 3952 803 4019 in
818 3951 969 4033 formula
983 3950 1071 4042 ipsis
1087 3948 1317 4040 frequentiori

188 4058 379 4127 recessionis
402 4083 442 4127 ex
466 4061 573 4129 Patre
584 4084 648 4149 per
663 4061 796 4128 Filiam
811 4060 941 4129 directe
963 4057 1151 4129 enuntiant
1173 4057 1316 4126 distinc-

190 4175 277 4241 0oem
300 4176 338 4239 et
359 4168 513 4237 ordinem
535 4189 759 4259 personarum
782 4168 992 4258 spirantium
1015 4170 1059 4237 ad
1082 4168 1316 4239 exclusionem

188 4263 411 4346 ²bellisnismi
432 4281 470 4346 et
491 4275 536 4343 ad
559 4274 791 4366 repellendam
806 4274 1014 4359 calumniam
1029 4277 1073 4344 ab
1087 4274 1233 4342 Arianis
1247 4294 1316 4340 non

188 4384 254 4455 nel
276 4385 489 4456 intentatam
511 4381 724 4453 confusionis
745 4404 990 4474 personarum,
1015 4382 1185 4474 simulque
1203 4379 1315 4450 inclu-
