3172 4950
675 122 714 137 -
735 91 797 153 409
817 123 855 137 -

205 204 413 288 suspiras
434 197 631 287 exprimens
655 197 811 266 Verbum
835 196 1067 288 adaequatum
1083 199 1119 263 et
1133 193 1211 264 ideo
1234 195 1349 264 infini-

206 310 260 375 un
278 310 313 375 st
333 303 412 374 ideo
434 328 554 374 unum.

252 411 376 482 Eodem
399 412 497 481 modo
519 412 729 504 loquendum
744 419 807 480 est
829 411 870 479 de
894 432 963 480 uno
985 415 1067 481 actu
1091 410 1288 477 dilectionis
1316 416 1353 479 et

209 516 352 588 debuine
375 524 477 588 actus
498 517 648 588 termino
671 517 864 606 producto,
896 518 956 609 qui
987 524 1041 586 est
1064 517 1223 608 Spiritus
1247 517 1352 586 Sano-

209 630 258 694 tns.
283 626 410 694 «Deus
434 648 503 695 uno
525 624 678 716 simplici
701 602 923 693 aotu⁶omnia
945 625 1120 716 intelligit
1136 632 1172 694 ct
1187 625 1353 693 similiter
1443 628 1446 635 '
1471 696 1474 701 ,

212 733 298 801 onnia
318 733 422 820 vnlt;
448 733 539 803 unde
554 733 592 800 in
608 756 647 803 eo
663 754 741 817 non.
754 737 870 822 potest
891 756 965 802 esse
987 733 1161 823 processio
1183 734 1292 802 Verbi
1311 756 1353 802 ex

159 894 162 901 .
212 837 308 925 Verbo,
332 864 444 934 neque
467 841 596 910 amoris
619 865 660 911 ex
683 863 811 924 amore,
830 842 890 911 sed
913 848 968 909 est
989 842 1027 909 in
1049 864 1088 910 eo
1111 841 1222 909 solum
1246 864 1354 909 unum

159 922 165 1035 ζ
212 944 335 1017 Verbum
358 950 554 1040 perfectum
576 957 614 1019 et
636 972 728 1018 unus
751 972 847 1018 amor
869 951 1058 1039 perfectus3
1079 955 1114 1017 et
1130 949 1166 1016 in
1191 946 1256 1018 hoo
1279 949 1355 1018 eius

159 1052 164 1197 p
212 1056 338 1145 posca
360 1057 560 1128 fecunditas
582 1058 831 1126 manifestatur
844 1085 861 1119 c
877 1057 914 1125 S.
928 1055 994 1124 Th.
1009 1056 1041 1124 1.
1054 1081 1087 1147 q.
1098 1056 1153 1124 27.
1166 1078 1198 1124 a.
1214 1056 1247 1124 5.
1262 1055 1307 1124 ad
1319 1055 1352 1124 3.

159 1210 175 1301 p
211 1158 358 1235 [intincto
370 1188 443 1235 rem
459 1166 615 1257 explicat
631 1166 760 1235 Suarez
777 1166 817 1253 (l.
837 1166 866 1233 I.
888 1189 918 1234 c.
938 1167 970 1234 7.
989 1190 1024 1233 n.
1044 1165 1196 1251 11.1a):
1217 1194 1233 1229 c
1251 1165 1356 1233 Pater

159 1308 164 1389 p
212 1276 346 1351 sumus
361 1274 527 1364 producit
547 1274 681 1342 Filium
704 1298 765 1364 per
781 1273 944 1342 illudmet
959 1273 1171 1362 intelligere,
1196 1272 1287 1365 quod
1302 1276 1357 1340 est

159 1400 163 1465 p
211 1394 358 1450 munna
382 1381 541 1449 omnibns
563 1380 744 1471 personis,
778 1386 951 1471 qnatenus
973 1379 1065 1449 illud
1088 1400 1109 1445 a
1132 1402 1168 1451 se
1191 1377 1298 1447 habet
1320 1383 1357 1447 et

211 1504 260 1553 non
277 1509 336 1577 per
356 1489 639 1576 generationem
673 1489 738 1558 hoc
761 1489 854 1557 enim
876 1489 964 1557 satis
987 1495 1062 1572 est,
1096 1494 1138 1556 ut
1167 1488 1273 1556 Pater
1295 1509 1357 1576 pen

159 1628 162 1667 ι
211 1586 278 1662 ilud
297 1594 498 1686 intelligere
520 1596 692 1686 producat
713 1603 751 1665 et
772 1619 841 1664 non
856 1595 972 1664 Filius
988 1618 1050 1664 nec
1070 1594 1228 1686 Spiritus
1251 1594 1356 1663 Sanc·

159 1692 162 1727 ²
212 1700 263 1769 tu.
283 1701 375 1787 Quia
409 1727 487 1773 cum
517 1705 622 1773 Pater
658 1702 748 1773 illud
778 1704 906 1772 habeat
937 1725 1019 1771 ase
1041 1707 1078 1771 et
1109 1709 1190 1772 ante
1226 1704 1357 1770 omnem

159 1830 185 1841 ··
213 1806 458 1894 eductionem,
484 1817 578 1880 reate
593 1817 709 1900 potest
731 1809 983 1879 communicare
1007 1809 1097 1878 illud
1121 1810 1227 1879 alteri
1243 1831 1358 1900 perso·

213 1930 277 2002 ¹⁸03
305 1918 537 1987 communicat
559 1926 676 1988 autem
699 1942 741 1988 ex
765 1917 900 1986 virtute
923 1925 961 1985 et
983 1918 1200 1987 fecunditate
1231 1918 1358 2006 ipsius-

158 2094 163 2115 ἲ
214 2027 265 2091 nst
279 2030 380 2094 catus
402 2025 669 2115 intelligendi...
688 2025 731 2094 In
752 2025 848 2093 Filio
871 2030 987 2099 autem
1011 2031 1047 2094 et
1070 2025 1209 2115 Spiritu
1230 2025 1359 2093 Sancto

158 2128 165 2209 i
214 2122 263 2197 'nn
280 2154 346 2201 non
369 2132 476 2202 habet
499 2133 702 2203 intellectus
725 2133 825 2201 illam
849 2133 963 2201 veluti
986 2133 1169 2217 virtutem,
1188 2134 1273 2223 quic
1290 2134 1359 2198 iam

215 2228 310 2305 kase
321 2256 434 2308 ccccm
447 2242 517 2307 citi
532 2238 774 2333 adaequatum,
793 2239 858 2330 qni
871 2239 1103 2329 multiplicari
1119 2262 1187 2307 non
1199 2245 1356 2329 potest...

214 2340 304 2437 Atque
325 2348 391 2418 hoe
414 2349 512 2418 modo
528 2355 656 2419 etcum
671 2348 789 2418 eadem
807 2348 1029 2438 proportione
1045 2345 1360 2437 philosophandum

214 2458 253 2520 et
268 2455 306 2526 de
327 2478 444 2526 amore
466 2480 528 2526 seu
551 2456 760 2541 dilectione,
793 2461 964 2549 quantum
992 2454 1037 2523 ad
1060 2476 1132 2523 rem
1165 2458 1356 2544 spectat...
1391 2452 1396 2461 ’

215 2552 436 2634 Incoluntate
459 2571 575 2634 autem
598 2565 640 2633 ob
663 2563 844 2654 penuriam
868 2562 1046 2632 nominum
1069 2561 1220 2631 solemus
1243 2560 1361 2630 eedem

215 2682 275 2737 vocs
294 2671 495 2762 significare
512 2676 630 2741 actum
646 2670 797 2755 amandi,
816 2669 1090 2760 productionem,
1109 2673 1145 2737 et
1158 2667 1358 2752 terminum,

215 2773 324 2849 ¹silicet
344 2779 483 2848 nomine
500 2782 625 2857 occisoris¹
640 2779 698 2849 vel
713 2778 951 2846 dilectionis...
971 2777 1114 2867 Proprie
1134 2782 1249 2846 tamen
1266 2797 1362 2844 amor

214 2885 387 2986 flentialis
409 2893 466 2956 est
487 2894 523 2955 et
545 2887 747 2971 communis,
774 2893 809 2955 et
824 2908 886 2976 per
909 2885 1012 2953 illum
1035 2886 1234 2975 producunt
1255 2885 1361 2953 Pater

215 2988 352 3063 attius
367 2992 540 3084 Spiritum
557 2994 735 3079 Sanctum,
755 3000 927 3085 quatenus
942 2992 1045 3061 illum
1061 3014 1211 3061 amorem
1234 2994 1363 3085 absque

216 3102 405 3171 unctione
437 3103 634 3171 voluntatis
666 3103 797 3171 habent
826 3101 884 3170 vel
907 3123 929 3168 a
952 3123 988 3170 se
1011 3106 1053 3170 ut
1084 3101 1190 3170 Pater
1221 3100 1278 3170 vel
1302 3122 1363 3189 per

218 3210 449 3289 sanctionem
471 3214 514 3279 ut
535 3210 652 3279 Filius
669 3209 709 3298 (i.
729 3233 758 3279 e.
777 3210 815 3278 in
830 3210 936 3278 Patre
951 3215 988 3278 et
1001 3207 1096 3278 Filio
1118 3213 1219 3278 actus
1236 3207 1364 3277 amoris

218 3325 262 3381 tta
279 3316 418 3387 dilectio
440 3322 585 3386 estnon
607 3316 678 3384 iam
702 3316 882 3411 supposito
912 3316 1149 3399 termino'suo
1172 3316 1364 3385 intrinseco

219 3418 263 3489 nd
279 3423 407 3494 imo'nt
429 3425 621 3515 producens
651 3448 754 3494 suum
786 3423 1022 3494 intrinsecum·
1045 3424 1233 3493 terminum
1263 3422 1364 3490 adae·

157 3524 169 3657 p
220 3536 361 3618 cutum,
386 3532 448 3626 qni
470 3524 525 3602 s'st
547 3531 705 3623 Spiritus
728 3532 879 3603 Sanctus
902 3555 963 3601 seu
981 3528 1203 3622 procedens);
1229 3535 1266 3599 et
1287 3528 1365 3598 ideo

157 3662 166 3731 p
220 3622 284 3703 lieet
300 3638 365 3729 ipsi
387 3637 573 3731 perillum
595 3660 746 3708 amorem
773 3638 992 3729 producent,
1026 3638 1184 3728 Spiritus
1214 3637 1365 3706 Sanctus

157 3740 167 3845 i
222 3735 421 3817 miliniam
444 3746 591 3847 emendo
607 3746 723 3815 eodem
746 3769 861 3816 amore
884 3746 977 3815 nihil
999 3744 1044 3813 ad
1068 3745 1164 3814 intra
1187 3742 1361 3836 producit,

157 3862 163 3893 ·'
219 3842 285 3929 init
295 3851 359 3923 ium
375 3852 542 3945 supponit
564 3853 826 3944 productionem
850 3853 1109 3944 (adaequatam)
1126 3850 1295 3920 amoris.»
