<?xml version="1.0" encoding="UTF-8"?>
<!DOCTYPE html PUBLIC "-//W3C//DTD XHTML 1.0 Transitional//EN"
    "http://www.w3.org/TR/xhtml1/DTD/xhtml1-transitional.dtd">
<html xmlns="http://www.w3.org/1999/xhtml" xml:lang="en" lang="en">
 <head>
  <title>
</title>
<meta http-equiv="Content-Type" content="text/html;charset=utf-8" />
  <meta name='ocr-system' content='tesseract 3.04.00' />
  <meta name='ocr-capabilities' content='ocr_page ocr_carea ocr_par ocr_line ocrx_word'/>
</head>
<body>
  <div class='ocr_page' id='page_1' title='image "./tractatusdedeot00frangoog/tractatusdedeot00frangoog_0079.png"; bbox 0 0 3172 4950; ppageno 0'>
   <div class='ocr_carea' id='block_1_1' title="bbox 206 316 1370 3662">
    <p class='ocr_par' dir='ltr' id='par_1_1' title="bbox 209 316 1370 950">
     <span class='ocr_line' id='line_1_1' title="bbox 716 316 876 378; baseline -0.006 -16"><span class='ocrx_word' id='word_1_1' title='bbox 716 348 754 362; x_wconf 89' lang='lat'><em>-</em></span> <span class='ocrx_word' id='word_1_2' title='bbox 776 316 817 378; x_wconf 69' lang='lat'><strong>60</strong></span> <span class='ocrx_word' id='word_1_3' title='bbox 838 347 876 361; x_wconf 90' lang='lat'>-</span> 
     </span>
     <span class='ocr_line' id='line_1_2' title="bbox 209 423 1370 518; baseline 0 -21"><span class='ocrx_word' id='word_1_4' title='bbox 209 428 392 518; x_wconf 86' lang='lat' dir='ltr'><strong>profanum</strong></span> <span class='ocrx_word' id='word_1_5' title='bbox 416 430 452 494; x_wconf 89' lang='lat' dir='ltr'><strong>st</strong></span> <span class='ocrx_word' id='word_1_6' title='bbox 471 423 650 515; x_wconf 87' lang='lat' dir='ltr'><strong>privatum</strong></span> <span class='ocrx_word' id='word_1_7' title='bbox 675 424 853 508; x_wconf 90' lang='lat' dir='ltr'><strong>adhibent,</strong></span> <span class='ocrx_word' id='word_1_8' title='bbox 879 424 1081 515; x_wconf 83' lang='lat' dir='ltr'><strong>genuinitas</strong></span> <span class='ocrx_word' id='word_1_9' title='bbox 1102 425 1205 495; x_wconf 90' lang='lat' dir='ltr'><strong>velut</strong></span> <span class='ocrx_word' id='word_1_10' title='bbox 1227 432 1327 495; x_wconf 86' lang='lat' dir='ltr'><strong>certa</strong></span> <span class='ocrx_word' id='word_1_11' title='bbox 1347 448 1370 497; x_wconf 70' lang='lat' dir='ltr'><strong>e*</strong></span> 
     </span>
     <span class='ocr_line' id='line_1_3' title="bbox 209 532 1370 624; baseline 0.001 -20"><span class='ocrx_word' id='word_1_12' title='bbox 209 541 312 604; x_wconf 86' lang='lat' dir='ltr'><strong>extra</strong></span> <span class='ocrx_word' id='word_1_13' title='bbox 326 534 469 603; x_wconf 89' lang='lat' dir='ltr'><strong>dubium</strong></span> <span class='ocrx_word' id='word_1_14' title='bbox 484 532 599 624; x_wconf 90' lang='lat' dir='ltr'><strong>posita</strong></span> <span class='ocrx_word' id='word_1_15' title='bbox 614 533 912 603; x_wconf 73' lang='lat' dir='ltr'><strong>demonstraretur</strong></span> <span class='ocrx_word' id='word_1_16' title='bbox 928 534 1000 622; x_wconf 82' lang='lat'><strong>(1);</strong></span> <span class='ocrx_word' id='word_1_17' title='bbox 1017 533 1078 603; x_wconf 91' lang='lat' dir='ltr'><strong>sed</strong></span> <span class='ocrx_word' id='word_1_18' title='bbox 1093 556 1171 603; x_wconf 91' lang='lat' dir='ltr'><strong>oum</strong></span> <span class='ocrx_word' id='word_1_19' title='bbox 1188 555 1232 602; x_wconf 93' lang='lat' dir='ltr'><strong>ex</strong></span> <span class='ocrx_word' id='word_1_20' title='bbox 1248 536 1370 604; x_wconf 83' lang='lat' dir='ltr'><strong>nostri</strong></span> 
     </span>
     <span class='ocr_line' id='line_1_4' title="bbox 209 640 1370 735; baseline 0.001 -23"><span class='ocrx_word' id='word_1_21' title='bbox 209 642 393 735; x_wconf 76' lang='lat' dir='ltr'><strong>principiis</strong></span> <span class='ocrx_word' id='word_1_22' title='bbox 416 641 601 711; x_wconf 74' lang='lat' dir='ltr'><strong>catholicis</strong></span> <span class='ocrx_word' id='word_1_23' title='bbox 624 640 826 731; x_wconf 84' lang='lat' dir='ltr'><strong>genuinitas</strong></span> <span class='ocrx_word' id='word_1_24' title='bbox 849 640 950 731; x_wconf 91' lang='lat' dir='ltr'><strong>plene</strong></span> <span class='ocrx_word' id='word_1_25' title='bbox 973 641 1172 727; x_wconf 71' lang='lat' dir='ltr'><strong>evincatur,</strong></span> <span class='ocrx_word' id='word_1_26' title='bbox 1199 643 1309 712; x_wconf 92' lang='lat' dir='ltr'><strong>simul</strong></span> <span class='ocrx_word' id='word_1_27' title='bbox 1330 645 1370 713; x_wconf 81' lang='lat' dir='ltr'><strong>ai</strong></span> 
     </span>
     <span class='ocr_line' id='line_1_5' title="bbox 209 750 1369 842; baseline 0.002 -22"><span class='ocrx_word' id='word_1_28' title='bbox 209 754 409 836; x_wconf 84' lang='lat' dir='ltr'><strong>firmamus,</strong></span> <span class='ocrx_word' id='word_1_29' title='bbox 434 751 673 819; x_wconf 88' lang='lat' dir='ltr'><strong>Protestsntes</strong></span> <span class='ocrx_word' id='word_1_30' title='bbox 696 772 739 818; x_wconf 88' lang='lat' dir='ltr'><strong>ex</strong></span> <span class='ocrx_word' id='word_1_31' title='bbox 763 750 837 818; x_wconf 89' lang='lat' dir='ltr'><strong>suis</strong></span> <span class='ocrx_word' id='word_1_32' title='bbox 851 750 1038 842; x_wconf 84' lang='lat' dir='ltr'><strong>principiis</strong></span> <span class='ocrx_word' id='word_1_33' title='bbox 1054 772 1096 820; x_wconf 90' lang='lat' dir='ltr'><strong>ao</strong></span> <span class='ocrx_word' id='word_1_34' title='bbox 1111 751 1303 841; x_wconf 89' lang='lat' dir='ltr'><strong>praesidiis</strong></span> <span class='ocrx_word' id='word_1_35' title='bbox 1316 751 1369 822; x_wconf 89' lang='lat' dir='ltr'><strong>ori</strong></span> 
     </span>
     <span class='ocr_line' id='line_1_6' title="bbox 209 859 1108 950; baseline -0.001 -21"><span class='ocrx_word' id='word_1_36' title='bbox 209 861 291 929; x_wconf 90' lang='lat' dir='ltr'><strong>ticis</strong></span> <span class='ocrx_word' id='word_1_37' title='bbox 317 883 385 928; x_wconf 90' lang='lat' dir='ltr'><strong>non</strong></span> <span class='ocrx_word' id='word_1_38' title='bbox 407 881 506 949; x_wconf 89' lang='lat' dir='ltr'><strong>posse</strong></span> <span class='ocrx_word' id='word_1_39' title='bbox 530 859 767 928; x_wconf 88' lang='lat' dir='ltr'><strong>demonstrare</strong></span> <span class='ocrx_word' id='word_1_40' title='bbox 790 859 1108 950; x_wconf 72' lang='lat' dir='ltr'><strong>interpolationem.</strong></span> 
     </span>
    </p>

    <p class='ocr_par' dir='ltr' id='par_1_2' title="bbox 206 966 1370 3448">
     <span class='ocr_line' id='line_1_7' title="bbox 276 966 1369 1052; baseline 0.002 -14"><span class='ocrx_word' id='word_1_41' title='bbox 276 969 316 1038; x_wconf 88' lang='lat' dir='ltr'><strong>Si</strong></span> <span class='ocrx_word' id='word_1_42' title='bbox 328 968 549 1052; x_wconf 87' lang='lat' dir='ltr'><strong>conceseris,</strong></span> <span class='ocrx_word' id='word_1_43' title='bbox 561 967 773 1037; x_wconf 88' lang='lat' dir='ltr'><strong>versiculum</strong></span> <span class='ocrx_word' id='word_1_44' title='bbox 785 974 945 1038; x_wconf 90' lang='lat' dir='ltr'><strong>nostrum</strong></span> <span class='ocrx_word' id='word_1_45' title='bbox 957 969 1011 1035; x_wconf 70' lang='lat'><strong>7¹³</strong></span> <span class='ocrx_word' id='word_1_46' title='bbox 1022 966 1161 1038; x_wconf 89' lang='lat' dir='ltr'><strong>saeculo</strong></span> <span class='ocrx_word' id='word_1_47' title='bbox 1172 966 1369 1040; x_wconf 82' lang='lat' dir='ltr'><strong>iamIVire</strong></span> 
     </span>
     <span class='ocr_line' id='line_1_8' title="bbox 210 1075 1370 1171; baseline 0.001 -24"><span class='ocrx_word' id='word_1_48' title='bbox 210 1078 385 1171; x_wconf 77' lang='lat' dir='ltr'><strong>quertino,</strong></span> <span class='ocrx_word' id='word_1_49' title='bbox 404 1084 440 1147; x_wconf 92' lang='lat' dir='ltr'><strong>et</strong></span> <span class='ocrx_word' id='word_1_50' title='bbox 457 1076 587 1145; x_wconf 90' lang='lat' dir='ltr'><strong>alicubi</strong></span> <span class='ocrx_word' id='word_1_51' title='bbox 605 1079 754 1145; x_wconf 84' lang='lat' dir='ltr'><strong>fortasse</strong></span> <span class='ocrx_word' id='word_1_52' title='bbox 767 1078 873 1147; x_wconf 89' lang='lat' dir='ltr'><strong>etiam</strong></span> <span class='ocrx_word' id='word_1_53' title='bbox 897 1098 987 1147; x_wconf 87' lang='lat' dir='ltr'><strong>saec.</strong></span> <span class='ocrx_word' id='word_1_54' title='bbox 1002 1077 1060 1147; x_wconf 91' lang='lat' dir='ltr'><strong>III</strong></span> <span class='ocrx_word' id='word_1_55' title='bbox 1072 1078 1110 1145; x_wconf 91' lang='lat' dir='ltr'><strong>in</strong></span> <span class='ocrx_word' id='word_1_56' title='bbox 1125 1075 1226 1146; x_wconf 88' lang='lat' dir='ltr'><strong>codd.</strong></span> <span class='ocrx_word' id='word_1_57' title='bbox 1244 1080 1370 1167; x_wconf 85' lang='lat' dir='ltr'><strong>graeei</strong></span> 
     </span>
     <span class='ocr_line' id='line_1_9' title="bbox 209 1184 1370 1270; baseline -0.001 -13"><span class='ocrx_word' id='word_1_58' title='bbox 209 1187 363 1257; x_wconf 82' lang='lat' dir='ltr'><strong>defuisse</strong></span> <span class='ocrx_word' id='word_1_59' title='bbox 380 1186 484 1270; x_wconf 72' lang='lat' dir='ltr'><strong>„sive</strong></span> <span class='ocrx_word' id='word_1_60' title='bbox 506 1185 543 1254; x_wconf 93' lang='lat' dir='ltr'><strong>id</strong></span> <span class='ocrx_word' id='word_1_61' title='bbox 566 1185 735 1255; x_wconf 87' lang='lat' dir='ltr'><strong>acciderit</strong></span> <span class='ocrx_word' id='word_1_62' title='bbox 757 1207 873 1255; x_wconf 88' lang='lat' dir='ltr'><strong>errore</strong></span> <span class='ocrx_word' id='word_1_63' title='bbox 897 1185 1141 1256; x_wconf 80' lang='lat' dir='ltr'><strong>festinantium</strong></span> <span class='ocrx_word' id='word_1_64' title='bbox 1155 1184 1370 1257; x_wconf 90' lang='lat' dir='ltr'><strong>librariornn</strong></span> 
     </span>
     <span class='ocr_line' id='line_1_10' title="bbox 210 1292 1369 1385; baseline 0.001 -23"><span class='ocrx_word' id='word_1_65' title='bbox 210 1294 251 1363; x_wconf 92' lang='lat' dir='ltr'><strong>ob</strong></span> <span class='ocrx_word' id='word_1_66' title='bbox 275 1293 540 1363; x_wconf 89' lang='lat' dir='ltr'><strong>similitudinem</strong></span> <span class='ocrx_word' id='word_1_67' title='bbox 564 1292 809 1362; x_wconf 85' lang='lat' dir='ltr'><strong>vocabulorum</strong></span> <span class='ocrx_word' id='word_1_68' title='bbox 833 1294 871 1360; x_wconf 90' lang='lat' dir='ltr'><strong>in</strong></span> <span class='ocrx_word' id='word_1_69' title='bbox 893 1300 1042 1384; x_wconf 87' lang='lat' dir='ltr'><strong>utroque</strong></span> <span class='ocrx_word' id='word_1_70' title='bbox 1058 1300 1238 1378; x_wconf 88' lang='lat' dir='ltr'><strong>commata,</strong></span> <span class='ocrx_word' id='word_1_71' title='bbox 1254 1301 1299 1364; x_wconf 88' lang='lat' dir='ltr'><strong>ut</strong></span> <span class='ocrx_word' id='word_1_72' title='bbox 1312 1294 1369 1385; x_wconf 91' lang='lat' dir='ltr'><strong>ple</strong></span> 
     </span>
     <span class='ocr_line' id='line_1_11' title="bbox 209 1401 1370 1495; baseline 0 -25"><span class='ocrx_word' id='word_1_73' title='bbox 209 1403 309 1495; x_wconf 89' lang='lat' dir='ltr'><strong>rique</strong></span> <span class='ocrx_word' id='word_1_74' title='bbox 332 1403 569 1492; x_wconf 89' lang='lat' dir='ltr'><strong>suspicantur,</strong></span> <span class='ocrx_word' id='word_1_75' title='bbox 595 1408 632 1471; x_wconf 89' lang='lat' dir='ltr'><strong>et</strong></span> <span class='ocrx_word' id='word_1_76' title='bbox 655 1402 732 1470; x_wconf 90' lang='lat' dir='ltr'><strong>fieri</strong></span> <span class='ocrx_word' id='word_1_77' title='bbox 764 1401 920 1492; x_wconf 90' lang='lat' dir='ltr'><strong>potuisse</strong></span> <span class='ocrx_word' id='word_1_78' title='bbox 947 1401 991 1470; x_wconf 94' lang='lat' dir='ltr'><strong>ab</strong></span> <span class='ocrx_word' id='word_1_79' title='bbox 1013 1401 1181 1491; x_wconf 89' lang='lat' dir='ltr'><strong>exemplis</strong></span> <span class='ocrx_word' id='word_1_80' title='bbox 1212 1401 1370 1472; x_wconf 79' lang='lat' dir='ltr'><strong>similius</strong></span> 
     </span>
     <span class='ocr_line' id='line_1_12' title="bbox 208 1509 1370 1597; baseline 0.003 -19"><span class='ocrx_word' id='word_1_81' title='bbox 208 1511 412 1580; x_wconf 89' lang='lat' dir='ltr'><strong>lacunarum</strong></span> <span class='ocrx_word' id='word_1_82' title='bbox 435 1510 637 1580; x_wconf 88' lang='lat' dir='ltr'><strong>inductione</strong></span> <span class='ocrx_word' id='word_1_83' title='bbox 652 1511 860 1580; x_wconf 89' lang='lat' dir='ltr'><strong>confirmant</strong></span> <span class='ocrx_word' id='word_1_84' title='bbox 874 1509 937 1597; x_wconf 80' lang='lat'><strong>(2),</strong></span> <span class='ocrx_word' id='word_1_85' title='bbox 957 1510 1032 1578; x_wconf 91' lang='lat' dir='ltr'><strong>sive</strong></span> <span class='ocrx_word' id='word_1_86' title='bbox 1056 1511 1188 1578; x_wconf 86' lang='lat' dir='ltr'><strong>factum</strong></span> <span class='ocrx_word' id='word_1_87' title='bbox 1205 1510 1256 1580; x_wconf 89' lang='lat' dir='ltr'><strong>sit</strong></span> <span class='ocrx_word' id='word_1_88' title='bbox 1273 1512 1370 1581; x_wconf 68' lang='lat' dir='ltr'><strong>eoum</strong></span> 
     </span>
     <span class='ocr_line' id='line_1_13' title="bbox 209 1615 1370 1710; baseline 0.003 -26"><span class='ocrx_word' id='word_1_89' title='bbox 209 1618 256 1687; x_wconf 95' lang='lat' dir='ltr'><strong>lio</strong></span> <span class='ocrx_word' id='word_1_90' title='bbox 280 1618 324 1687; x_wconf 92' lang='lat' dir='ltr'><strong>ad</strong></span> <span class='ocrx_word' id='word_1_91' title='bbox 347 1619 623 1687; x_wconf 88' lang='lat' dir='ltr'><strong>observationem</strong></span> <span class='ocrx_word' id='word_1_92' title='bbox 647 1617 854 1708; x_wconf 87' lang='lat' dir='ltr'><strong>disciplinae</strong></span> <span class='ocrx_word' id='word_1_93' title='bbox 877 1615 1017 1700; x_wconf 88' lang='lat' dir='ltr'><strong>arcani,</strong></span> <span class='ocrx_word' id='word_1_94' title='bbox 1036 1622 1077 1685; x_wconf 93' lang='lat' dir='ltr'><strong>ut</strong></span> <span class='ocrx_word' id='word_1_95' title='bbox 1091 1619 1235 1707; x_wconf 86' lang='lat' dir='ltr'><strong>putavit</strong></span> <span class='ocrx_word' id='word_1_96' title='bbox 1249 1620 1370 1710; x_wconf 82' lang='lat' dir='ltr'><strong>Bengc</strong></span> 
     </span>
     <span class='ocr_line' id='line_1_14' title="bbox 209 1724 1369 1822; baseline 0.003 -26"><span class='ocrx_word' id='word_1_97' title='bbox 209 1730 248 1817; x_wconf 92' lang='grc'><strong>(1.</strong></span> <span class='ocrx_word' id='word_1_98' title='bbox 268 1752 298 1798; x_wconf 89' lang='lat' dir='ltr'><strong>c.</strong></span> <span class='ocrx_word' id='word_1_99' title='bbox 318 1734 350 1809; x_wconf 71' lang='grc' dir='ltr'><strong>ἓ.</strong></span> <span class='ocrx_word' id='word_1_100' title='bbox 366 1729 436 1814; x_wconf 81' lang='lat'><strong>25),</strong></span> <span class='ocrx_word' id='word_1_101' title='bbox 456 1728 531 1796; x_wconf 89' lang='lat' dir='ltr'><strong>sive</strong></span> <span class='ocrx_word' id='word_1_102' title='bbox 548 1727 743 1796; x_wconf 86' lang='lat' dir='ltr'><strong>omissionis</strong></span> <span class='ocrx_word' id='word_1_103' title='bbox 759 1727 968 1818; x_wconf 81' lang='lat' dir='ltr'><strong>propagatio</strong></span> <span class='ocrx_word' id='word_1_104' title='bbox 982 1724 1164 1796; x_wconf 88' lang='lat' dir='ltr'><strong>referenda</strong></span> <span class='ocrx_word' id='word_1_105' title='bbox 1179 1728 1229 1798; x_wconf 89' lang='lat' dir='ltr'><strong>sit</strong></span> <span class='ocrx_word' id='word_1_106' title='bbox 1242 1730 1290 1800; x_wconf 91' lang='lat' dir='ltr'><strong>ad</strong></span> <span class='ocrx_word' id='word_1_107' title='bbox 1307 1754 1369 1822; x_wconf 91' lang='lat' dir='ltr'><strong>ope</strong></span> 
     </span>
     <span class='ocr_line' id='line_1_15' title="bbox 208 1837 1370 1929; baseline 0.005 -23"><span class='ocrx_word' id='word_1_108' title='bbox 208 1860 283 1907; x_wconf 90' lang='lat' dir='ltr'><strong>ram</strong></span> <span class='ocrx_word' id='word_1_109' title='bbox 314 1837 471 1921; x_wconf 86' lang='lat' dir='ltr'><strong>Eusebii,</strong></span> <span class='ocrx_word' id='word_1_110' title='bbox 497 1837 553 1906; x_wconf 91' lang='lat' dir='ltr'><strong>oui</strong></span> <span class='ocrx_word' id='word_1_111' title='bbox 577 1837 792 1926; x_wconf 90' lang='lat' dir='ltr'><strong>parationem</strong></span> <span class='ocrx_word' id='word_1_112' title='bbox 817 1837 1006 1907; x_wconf 87' lang='lat' dir='ltr'><strong>multorum</strong></span> <span class='ocrx_word' id='word_1_113' title='bbox 1038 1837 1194 1906; x_wconf 88' lang='lat' dir='ltr'><strong>codicum</strong></span> <span class='ocrx_word' id='word_1_114' title='bbox 1223 1862 1289 1929; x_wconf 91' lang='lat' dir='ltr'><strong>pro</strong></span> <span class='ocrx_word' id='word_1_115' title='bbox 1318 1840 1370 1912; x_wconf 84' lang='lat' dir='ltr'><strong>Eo</strong></span> 
     </span>
     <span class='ocr_line' id='line_1_16' title="bbox 209 1945 1370 2037; baseline 0.003 -21"><span class='ocrx_word' id='word_1_116' title='bbox 209 1947 316 2017; x_wconf 85' lang='lat' dir='ltr'><strong>closis</strong></span> <span class='ocrx_word' id='word_1_117' title='bbox 331 1945 718 2037; x_wconf 81' lang='lat' dir='ltr'><strong>Constantinopolitano</strong></span> <span class='ocrx_word' id='word_1_118' title='bbox 733 1945 984 2015; x_wconf 86' lang='lat' dir='ltr'><strong>Constantinus</strong></span> <span class='ocrx_word' id='word_1_119' title='bbox 1000 1946 1221 2016; x_wconf 87' lang='lat' dir='ltr'><strong>commiserat</strong></span> <span class='ocrx_word' id='word_1_120' title='bbox 1236 1947 1370 2035; x_wconf 85' lang='lat' dir='ltr'><strong>(Euseb</strong></span> 
     </span>
     <span class='ocr_line' id='line_1_17' title="bbox 209 2054 1370 2143; baseline 0.003 -18"><span class='ocrx_word' id='word_1_121' title='bbox 209 2057 296 2126; x_wconf 90' lang='lat' dir='ltr'><strong>Vita</strong></span> <span class='ocrx_word' id='word_1_122' title='bbox 318 2055 498 2125; x_wconf 82' lang='lat' dir='ltr'><strong>Constant.</strong></span> <span class='ocrx_word' id='word_1_123' title='bbox 517 2054 543 2124; x_wconf 92' lang='lat' dir='ltr'><strong>l.</strong></span> <span class='ocrx_word' id='word_1_124' title='bbox 562 2055 626 2124; x_wconf 85' lang='lat' dir='ltr'><strong>IV.</strong></span> <span class='ocrx_word' id='word_1_125' title='bbox 641 2076 670 2123; x_wconf 89' lang='lat' dir='ltr'><strong>o.</strong></span> <span class='ocrx_word' id='word_1_126' title='bbox 687 2054 757 2143; x_wconf 82' lang='grc'>36),</span> <span class='ocrx_word' id='word_1_127' title='bbox 784 2059 825 2123; x_wconf 90' lang='lat' dir='ltr'><strong>nt</strong></span> <span class='ocrx_word' id='word_1_128' title='bbox 847 2054 967 2123; x_wconf 88' lang='lat' dir='ltr'><strong>innuit</strong></span> <span class='ocrx_word' id='word_1_129' title='bbox 981 2061 1104 2124; x_wconf 85' lang='lat' dir='ltr'><strong>auctor</strong></span> <span class='ocrx_word' id='word_1_130' title='bbox 1120 2056 1370 2128; x_wconf 76' lang='lat' dir='ltr'><strong>recentissima</strong></span> 
     </span>
     <span class='ocr_line' id='line_1_18' title="bbox 208 2162 1370 2256; baseline 0.001 -21"><span class='ocrx_word' id='word_1_131' title='bbox 208 2163 252 2235; x_wconf 89' lang='lat' dir='ltr'><strong>el.</strong></span> <span class='ocrx_word' id='word_1_132' title='bbox 268 2164 376 2235; x_wconf 83' lang='lat' dir='ltr'><strong>Lahir</strong></span> <span class='ocrx_word' id='word_1_133' title='bbox 400 2164 549 2252; x_wconf 90' lang='lat' dir='ltr'><strong>(Introd.</strong></span> <span class='ocrx_word' id='word_1_134' title='bbox 564 2164 600 2233; x_wconf 91' lang='lat' dir='ltr'><strong>in</strong></span> <span class='ocrx_word' id='word_1_135' title='bbox 616 2163 661 2234; x_wconf 85' lang='lat' dir='ltr'><strong>N.</strong></span> <span class='ocrx_word' id='word_1_136' title='bbox 677 2164 718 2232; x_wconf 81' lang='grc' dir='ltr'><strong>Τ.</strong></span> <span class='ocrx_word' id='word_1_137' title='bbox 734 2162 920 2253; x_wconf 86' lang='lat' dir='ltr'><strong>compilata</strong></span> <span class='ocrx_word' id='word_1_138' title='bbox 932 2184 953 2231; x_wconf 92' lang='lat' dir='ltr'><strong>a</strong></span> <span class='ocrx_word' id='word_1_139' title='bbox 965 2163 1010 2233; x_wconf 90' lang='lat' dir='ltr'><strong>el.</strong></span> <span class='ocrx_word' id='word_1_140' title='bbox 1024 2164 1071 2232; x_wconf 90' lang='lat' dir='ltr'><strong>H.</strong></span> <span class='ocrx_word' id='word_1_141' title='bbox 1086 2163 1260 2256; x_wconf 79' lang='lat' dir='ltr'><strong>Valroger</strong></span> <span class='ocrx_word' id='word_1_142' title='bbox 1273 2167 1316 2235; x_wconf 79' lang='grc' dir='ltr'><strong>Τ.</strong></span> <span class='ocrx_word' id='word_1_143' title='bbox 1331 2167 1370 2236; x_wconf 93' lang='grc' dir='ltr'>Π</span> 
     </span>
     <span class='ocr_line' id='line_1_19' title="bbox 209 2271 1370 2365; baseline 0.003 -25"><span class='ocrx_word' id='word_1_144' title='bbox 209 2298 243 2365; x_wconf 93' lang='lat' dir='ltr'><strong>p.</strong></span> <span class='ocrx_word' id='word_1_145' title='bbox 258 2274 352 2359; x_wconf 78' lang='grc'>566),</span> <span class='ocrx_word' id='word_1_146' title='bbox 367 2272 443 2341; x_wconf 89' lang='lat' dir='ltr'><strong>sive</strong></span> <span class='ocrx_word' id='word_1_147' title='bbox 467 2271 613 2340; x_wconf 83' lang='lat' dir='ltr'><strong>fatearis</strong></span> <span class='ocrx_word' id='word_1_148' title='bbox 630 2271 837 2340; x_wconf 84' lang='lat' dir='ltr'><strong>excisionem</strong></span> <span class='ocrx_word' id='word_1_149' title='bbox 853 2271 931 2340; x_wconf 89' lang='lat' dir='ltr'><strong>fieri</strong></span> <span class='ocrx_word' id='word_1_150' title='bbox 946 2271 1102 2361; x_wconf 89' lang='lat' dir='ltr'><strong>potuisse</strong></span> <span class='ocrx_word' id='word_1_151' title='bbox 1118 2272 1241 2342; x_wconf 90' lang='lat' dir='ltr'><strong>multis</strong></span> <span class='ocrx_word' id='word_1_152' title='bbox 1258 2274 1370 2344; x_wconf 91' lang='lat' dir='ltr'><strong>modis</strong></span> 
     </span>
     <span class='ocr_line' id='line_1_20' title="bbox 209 2378 1370 2475; baseline 0.001 -24"><span class='ocrx_word' id='word_1_153' title='bbox 209 2405 276 2475; x_wconf 90' lang='lat' dir='ltr'><strong>qno</strong></span> <span class='ocrx_word' id='word_1_154' title='bbox 298 2387 416 2451; x_wconf 88' lang='lat' dir='ltr'><strong>antem</strong></span> <span class='ocrx_word' id='word_1_155' title='bbox 440 2381 537 2450; x_wconf 87' lang='lat' dir='ltr'><strong>facta</strong></span> <span class='ocrx_word' id='word_1_156' title='bbox 560 2380 632 2464; x_wconf 92' lang='lat' dir='ltr'><strong>sit,</strong></span> <span class='ocrx_word' id='word_1_157' title='bbox 657 2386 693 2448; x_wconf 88' lang='lat' dir='ltr'><strong>te</strong></span> <span class='ocrx_word' id='word_1_158' title='bbox 716 2378 903 2469; x_wconf 64' lang='lat' dir='ltr'><strong>ignorem</strong></span> <span class='ocrx_word' id='word_1_159' title='bbox 937 2379 969 2448; x_wconf 88' lang='lat' dir='ltr'><strong>si</strong></span> <span class='ocrx_word' id='word_1_160' title='bbox 997 2381 1207 2451; x_wconf 89' lang='lat' dir='ltr'><strong>concesseris</strong></span> <span class='ocrx_word' id='word_1_161' title='bbox 1239 2382 1370 2474; x_wconf 88' lang='lat' dir='ltr'><strong>inqnan</strong></span> 
     </span>
     <span class='ocr_line' id='line_1_21' title="bbox 208 2486 1370 2577; baseline 0.003 -21"><span class='ocrx_word' id='word_1_162' title='bbox 208 2489 301 2558; x_wconf 91' lang='lat' dir='ltr'><strong>huno</strong></span> <span class='ocrx_word' id='word_1_163' title='bbox 324 2489 496 2558; x_wconf 86' lang='lat' dir='ltr'><strong>defectum</strong></span> <span class='ocrx_word' id='word_1_164' title='bbox 513 2488 551 2556; x_wconf 92' lang='lat' dir='ltr'><strong>in</strong></span> <span class='ocrx_word' id='word_1_165' title='bbox 567 2487 691 2556; x_wconf 91' lang='lat' dir='ltr'><strong>multis</strong></span> <span class='ocrx_word' id='word_1_166' title='bbox 714 2486 891 2556; x_wconf 89' lang='lat' dir='ltr'><strong>codicibus</strong></span> <span class='ocrx_word' id='word_1_167' title='bbox 913 2486 1052 2577; x_wconf 84' lang='lat' dir='ltr'><strong>graecis</strong></span> <span class='ocrx_word' id='word_1_168' title='bbox 1069 2486 1200 2557; x_wconf 88' lang='lat' dir='ltr'><strong>saeculi</strong></span> <span class='ocrx_word' id='word_1_169' title='bbox 1216 2487 1278 2558; x_wconf 67' lang='grc' dir='ltr'><strong>ΙΨ</strong></span> <span class='ocrx_word' id='word_1_170' title='bbox 1294 2495 1332 2558; x_wconf 86' lang='lat' dir='ltr'><strong>et</strong></span> <span class='ocrx_word' id='word_1_171' title='bbox 1347 2491 1370 2559; x_wconf 86' lang='lat' dir='ltr'><strong>ir</strong></span> 
     </span>
     <span class='ocr_line' id='line_1_22' title="bbox 208 2594 1370 2681; baseline 0.001 -15"><span class='ocrx_word' id='word_1_172' title='bbox 208 2597 386 2666; x_wconf 89' lang='lat' dir='ltr'><strong>nonnullis</strong></span> <span class='ocrx_word' id='word_1_173' title='bbox 398 2597 521 2666; x_wconf 90' lang='lat' dir='ltr'><strong>deinde</strong></span> <span class='ocrx_word' id='word_1_174' title='bbox 533 2594 658 2665; x_wconf 90' lang='lat' dir='ltr'><strong>latinis</strong></span> <span class='ocrx_word' id='word_1_175' title='bbox 671 2595 715 2663; x_wconf 94' lang='lat' dir='ltr'><strong>ad</strong></span> <span class='ocrx_word' id='word_1_176' title='bbox 727 2617 845 2663; x_wconf 90' lang='lat' dir='ltr'><strong>eornm</strong></span> <span class='ocrx_word' id='word_1_177' title='bbox 858 2617 1011 2664; x_wconf 84' lang='lat' dir='ltr'><strong>normam</strong></span> <span class='ocrx_word' id='word_1_178' title='bbox 1023 2597 1168 2681; x_wconf 85' lang='lat' dir='ltr'><strong>exactis,</strong></span> <span class='ocrx_word' id='word_1_179' title='bbox 1184 2597 1370 2667; x_wconf 86' lang='lat' dir='ltr'><strong>adversari</strong></span> 
     </span>
     <span class='ocr_line' id='line_1_23' title="bbox 206 2700 1370 2800; baseline -0.001 -27"><span class='ocrx_word' id='word_1_180' title='bbox 206 2705 299 2775; x_wconf 91' lang='lat' dir='ltr'><strong>nihil</strong></span> <span class='ocrx_word' id='word_1_181' title='bbox 321 2705 473 2788; x_wconf 90' lang='lat' dir='ltr'><strong>habent,</strong></span> <span class='ocrx_word' id='word_1_182' title='bbox 504 2703 594 2800; x_wconf 81' lang='lat' dir='ltr'><strong>qnod</strong></span> <span class='ocrx_word' id='word_1_183' title='bbox 619 2703 717 2772; x_wconf 89' lang='lat' dir='ltr'><strong>ultra</strong></span> <span class='ocrx_word' id='word_1_184' title='bbox 743 2700 843 2772; x_wconf 92' lang='lat' dir='ltr'><strong>velut</strong></span> <span class='ocrx_word' id='word_1_185' title='bbox 869 2708 1003 2774; x_wconf 90' lang='lat' dir='ltr'><strong>eertum</strong></span> <span class='ocrx_word' id='word_1_186' title='bbox 1034 2702 1221 2794; x_wconf 85' lang='lat' dir='ltr'><strong>praesidiis</strong></span> <span class='ocrx_word' id='word_1_187' title='bbox 1245 2704 1370 2775; x_wconf 85' lang='lat' dir='ltr'><strong>critici</strong></span> 
     </span>
     <span class='ocr_line' id='line_1_24' title="bbox 208 2809 1370 2903; baseline 0 -21"><span class='ocrx_word' id='word_1_188' title='bbox 208 2812 405 2882; x_wconf 86' lang='lat' dir='ltr'><strong>immediata</strong></span> <span class='ocrx_word' id='word_1_189' title='bbox 428 2813 663 2881; x_wconf 88' lang='lat' dir='ltr'><strong>demonstrare</strong></span> <span class='ocrx_word' id='word_1_190' title='bbox 679 2811 826 2902; x_wconf 87' lang='lat' dir='ltr'><strong>possint.</strong></span> <span class='ocrx_word' id='word_1_191' title='bbox 844 2809 957 2903; x_wconf 84' lang='lat' dir='ltr'><strong>Atqui</strong></span> <span class='ocrx_word' id='word_1_192' title='bbox 980 2833 1022 2880; x_wconf 91' lang='lat' dir='ltr'><strong>ex</strong></span> <span class='ocrx_word' id='word_1_193' title='bbox 1048 2811 1116 2880; x_wconf 87' lang='lat' dir='ltr'><strong>tali</strong></span> <span class='ocrx_word' id='word_1_194' title='bbox 1143 2812 1284 2882; x_wconf 83' lang='lat' dir='ltr'><strong>defectu</strong></span> <span class='ocrx_word' id='word_1_195' title='bbox 1306 2813 1370 2882; x_wconf 92' lang='lat' dir='ltr'><strong>nul</strong></span> 
     </span>
     <span class='ocr_line' id='line_1_25' title="bbox 208 2919 1370 3014; baseline 0.003 -26"><span class='ocrx_word' id='word_1_196' title='bbox 208 2922 347 2990; x_wconf 87' lang='lat' dir='ltr'><strong>latenus</strong></span> <span class='ocrx_word' id='word_1_197' title='bbox 371 2927 486 3011; x_wconf 87' lang='lat' dir='ltr'><strong>potest</strong></span> <span class='ocrx_word' id='word_1_198' title='bbox 508 2921 688 3005; x_wconf 87' lang='lat' dir='ltr'><strong>concludi,</strong></span> <span class='ocrx_word' id='word_1_199' title='bbox 714 2919 952 2990; x_wconf 88' lang='lat' dir='ltr'><strong>testimonium</strong></span> <span class='ocrx_word' id='word_1_200' title='bbox 974 2920 1208 3010; x_wconf 84' lang='lat' dir='ltr'><strong>dogmaticum</strong></span> <span class='ocrx_word' id='word_1_201' title='bbox 1231 2923 1325 3014; x_wconf 89' lang='lat' dir='ltr'><strong>quod</strong></span> <span class='ocrx_word' id='word_1_202' title='bbox 1348 2923 1370 2992; x_wconf 89' lang='lat' dir='ltr'><strong>i1</strong></span> 
     </span>
     <span class='ocr_line' id='line_1_26' title="bbox 209 3026 1370 3120; baseline 0.003 -24"><span class='ocrx_word' id='word_1_203' title='bbox 209 3029 355 3099; x_wconf 84' lang='lat' dir='ltr'><strong>lectione</strong></span> <span class='ocrx_word' id='word_1_204' title='bbox 382 3026 560 3098; x_wconf 86' lang='lat' dir='ltr'><strong>Ecclesiae</strong></span> <span class='ocrx_word' id='word_1_205' title='bbox 588 3029 720 3097; x_wconf 87' lang='lat' dir='ltr'><strong>latinae</strong></span> <span class='ocrx_word' id='word_1_206' title='bbox 751 3028 831 3097; x_wconf 87' lang='lat' dir='ltr'><strong>inde</strong></span> <span class='ocrx_word' id='word_1_207' title='bbox 859 3051 881 3096; x_wconf 89' lang='lat' dir='ltr'><strong>a</strong></span> <span class='ocrx_word' id='word_1_208' title='bbox 908 3027 1141 3097; x_wconf 86' lang='lat' dir='ltr'><strong>remotissima</strong></span> <span class='ocrx_word' id='word_1_209' title='bbox 1169 3029 1370 3120; x_wconf 87' lang='lat' dir='ltr'><strong>antiquitat</strong></span> 
     </span>
     <span class='ocr_line' id='line_1_27' title="bbox 208 3135 1370 3228; baseline 0 -21"><span class='ocrx_word' id='word_1_210' title='bbox 208 3136 386 3207; x_wconf 85' lang='lat' dir='ltr'><strong>exstitisse</strong></span> <span class='ocrx_word' id='word_1_211' title='bbox 409 3137 572 3228; x_wconf 88' lang='lat' dir='ltr'><strong>positivis</strong></span> <span class='ocrx_word' id='word_1_212' title='bbox 596 3136 812 3206; x_wconf 88' lang='lat' dir='ltr'><strong>documentis</strong></span> <span class='ocrx_word' id='word_1_213' title='bbox 834 3135 1022 3221; x_wconf 89' lang='lat' dir='ltr'><strong>evincitur,</strong></span> <span class='ocrx_word' id='word_1_214' title='bbox 1049 3135 1086 3204; x_wconf 92' lang='lat' dir='ltr'><strong>iu</strong></span> <span class='ocrx_word' id='word_1_215' title='bbox 1109 3135 1294 3226; x_wconf 87' lang='lat' dir='ltr'><strong>primitiva</strong></span> <span class='ocrx_word' id='word_1_216' title='bbox 1313 3136 1370 3207; x_wconf 89' lang='lat' dir='ltr'><strong>edi</strong></span> 
     </span>
     <span class='ocr_line' id='line_1_28' title="bbox 209 3244 1370 3337; baseline -0.001 -21"><span class='ocrx_word' id='word_1_217' title='bbox 209 3247 304 3316; x_wconf 89' lang='lat' dir='ltr'><strong>tione</strong></span> <span class='ocrx_word' id='word_1_218' title='bbox 320 3246 488 3337; x_wconf 90' lang='lat' dir='ltr'><strong>epistolae</strong></span> <span class='ocrx_word' id='word_1_219' title='bbox 504 3245 645 3316; x_wconf 88' lang='lat' dir='ltr'><strong>Ioannis</strong></span> <span class='ocrx_word' id='word_1_220' title='bbox 660 3267 728 3313; x_wconf 91' lang='lat' dir='ltr'><strong>non</strong></span> <span class='ocrx_word' id='word_1_221' title='bbox 745 3245 935 3316; x_wconf 78' lang='lat' dir='ltr'><strong>exstitisse.</strong></span> <span class='ocrx_word' id='word_1_222' title='bbox 959 3244 1055 3335; x_wconf 81' lang='lat' dir='ltr'><strong>Ergo</strong></span> <span class='ocrx_word' id='word_1_223' title='bbox 1079 3244 1370 3335; x_wconf 82' lang='lat' dir='ltr'><strong>interpolationes</strong></span> 
     </span>
     <span class='ocr_line' id='line_1_29' title="bbox 211 3355 1026 3448; baseline 0 -24"><span class='ocrx_word' id='word_1_224' title='bbox 211 3355 397 3445; x_wconf 83' lang='lat' dir='ltr'><strong>praesidiis</strong></span> <span class='ocrx_word' id='word_1_225' title='bbox 421 3355 555 3426; x_wconf 88' lang='lat' dir='ltr'><strong>criticis</strong></span> <span class='ocrx_word' id='word_1_226' title='bbox 579 3356 814 3425; x_wconf 86' lang='lat' dir='ltr'><strong>demonstrare</strong></span> <span class='ocrx_word' id='word_1_227' title='bbox 836 3362 1026 3448; x_wconf 86' lang='lat' dir='ltr'><strong>nequeunt.</strong></span> 
     </span>
    </p>

    <p class='ocr_par' dir='ltr' id='par_1_3' title="bbox 210 3462 1370 3662">
     <span class='ocr_line' id='line_1_30' title="bbox 275 3462 1370 3555; baseline 0 -23"><span class='ocrx_word' id='word_1_228' title='bbox 275 3463 495 3554; x_wconf 81' lang='lat' dir='ltr'><strong>Argumenta</strong></span> <span class='ocrx_word' id='word_1_229' title='bbox 508 3465 633 3548; x_wconf 89' lang='lat' dir='ltr'><strong>omnia,</strong></span> <span class='ocrx_word' id='word_1_230' title='bbox 650 3485 737 3555; x_wconf 90' lang='lat' dir='ltr'><strong>quae</strong></span> <span class='ocrx_word' id='word_1_231' title='bbox 754 3471 876 3532; x_wconf 88' lang='lat' dir='ltr'><strong>contra</strong></span> <span class='ocrx_word' id='word_1_232' title='bbox 891 3463 1147 3552; x_wconf 84' lang='lat' dir='ltr'><strong>genuinitatem</strong></span> <span class='ocrx_word' id='word_1_233' title='bbox 1160 3462 1288 3552; x_wconf 91' lang='lat' dir='ltr'><strong>opponi</strong></span> <span class='ocrx_word' id='word_1_234' title='bbox 1306 3484 1370 3551; x_wconf 84' lang='lat' dir='ltr'><strong>pos</strong></span> 
     </span>
     <span class='ocr_line' id='line_1_31' title="bbox 210 3569 1370 3662; baseline 0 -20"><span class='ocrx_word' id='word_1_235' title='bbox 210 3581 294 3644; x_wconf 91' lang='lat' dir='ltr'><strong>sunt</strong></span> <span class='ocrx_word' id='word_1_236' title='bbox 316 3580 353 3645; x_wconf 91' lang='lat' dir='ltr'><strong>et</strong></span> <span class='ocrx_word' id='word_1_237' title='bbox 375 3575 418 3642; x_wconf 88' lang='lat' dir='ltr'><strong>ab</strong></span> <span class='ocrx_word' id='word_1_238' title='bbox 442 3573 657 3644; x_wconf 87' lang='lat' dir='ltr'><strong>adversariis</strong></span> <span class='ocrx_word' id='word_1_239' title='bbox 680 3595 748 3642; x_wconf 90' lang='lat' dir='ltr'><strong>non</strong></span> <span class='ocrx_word' id='word_1_240' title='bbox 771 3572 846 3640; x_wconf 89' lang='lat' dir='ltr'><strong>sine</strong></span> <span class='ocrx_word' id='word_1_241' title='bbox 862 3593 989 3661; x_wconf 81' lang='lat' dir='ltr'><strong>magno</strong></span> <span class='ocrx_word' id='word_1_242' title='bbox 1003 3576 1177 3662; x_wconf 88' lang='lat' dir='ltr'><strong>apparatu</strong></span> <span class='ocrx_word' id='word_1_243' title='bbox 1193 3569 1232 3637; x_wconf 91' lang='lat' dir='ltr'><strong>in</strong></span> <span class='ocrx_word' id='word_1_244' title='bbox 1247 3592 1370 3642; x_wconf 90' lang='lat' dir='ltr'><strong>soenan</strong></span> 
     </span>
    </p>
   </div>
   <div class='ocr_carea' id='block_1_2' title="bbox 210 3720 1370 4520">
    <p class='ocr_par' dir='ltr' id='par_1_4' title="bbox 210 3720 1370 4064">
     <span class='ocr_line' id='line_1_32' title="bbox 279 3720 1370 3794; baseline 0.005 -19"><span class='ocrx_word' id='word_1_245' title='bbox 279 3721 322 3794; x_wconf 83' lang='lat'><strong>(1)</strong></span> <span class='ocrx_word' id='word_1_246' title='bbox 341 3725 399 3779; x_wconf 85' lang='lat' dir='ltr'><strong>Hoc</strong></span> <span class='ocrx_word' id='word_1_247' title='bbox 417 3723 497 3778; x_wconf 92' lang='lat' dir='ltr'><strong>modo</strong></span> <span class='ocrx_word' id='word_1_248' title='bbox 518 3738 572 3777; x_wconf 93' lang='lat' dir='ltr'><strong>nou</strong></span> <span class='ocrx_word' id='word_1_249' title='bbox 593 3723 677 3777; x_wconf 87' lang='lat' dir='ltr'><strong>valde</strong></span> <span class='ocrx_word' id='word_1_250' title='bbox 698 3724 848 3778; x_wconf 79' lang='lat' dir='ltr'><strong>efficaciter</strong></span> <span class='ocrx_word' id='word_1_251' title='bbox 869 3738 920 3777; x_wconf 86' lang='lat' dir='ltr'><strong>nec</strong></span> <span class='ocrx_word' id='word_1_252' title='bbox 941 3738 1052 3791; x_wconf 88' lang='lat' dir='ltr'><strong>sempor</strong></span> <span class='ocrx_word' id='word_1_253' title='bbox 1071 3723 1150 3777; x_wconf 79' lang='lat' dir='ltr'><strong>felici</strong></span> <span class='ocrx_word' id='word_1_254' title='bbox 1173 3720 1328 3780; x_wconf 85' lang='lat' dir='ltr'><strong>selectione</strong></span> <span class='ocrx_word' id='word_1_255' title='bbox 1341 3741 1370 3780; x_wconf 81' lang='lat' dir='ltr'><strong>ar</strong></span> 
     </span>
     <span class='ocr_line' id='line_1_33' title="bbox 210 3814 1370 3883; baseline 0.005 -16"><span class='ocrx_word' id='word_1_256' title='bbox 210 3820 405 3879; x_wconf 75' lang='lat' dir='ltr'><strong>gumentorum</strong></span> <span class='ocrx_word' id='word_1_257' title='bbox 423 3817 630 3881; x_wconf 76' lang='lat' dir='ltr'><strong>genuiuitatem</strong></span> <span class='ocrx_word' id='word_1_258' title='bbox 641 3815 800 3868; x_wconf 86' lang='lat' dir='ltr'><strong>testimonii</strong></span> <span class='ocrx_word' id='word_1_259' title='bbox 812 3830 904 3883; x_wconf 87' lang='lat' dir='ltr'><strong>nuper</strong></span> <span class='ocrx_word' id='word_1_260' title='bbox 914 3815 991 3868; x_wconf 88' lang='lat' dir='ltr'><strong>tucri</strong></span> <span class='ocrx_word' id='word_1_261' title='bbox 1005 3814 1099 3868; x_wconf 88' lang='lat' dir='ltr'><strong>voluit</strong></span> <span class='ocrx_word' id='word_1_262' title='bbox 1110 3814 1289 3881; x_wconf 70' lang='lat' dir='ltr'><strong>Anglioanus</strong></span> <span class='ocrx_word' id='word_1_263' title='bbox 1303 3817 1370 3873; x_wconf 81' lang='lat' dir='ltr'><strong>Caro</strong></span> 
     </span>
     <span class='ocr_line' id='line_1_34' title="bbox 210 3904 1370 3972; baseline 0.004 -15"><span class='ocrx_word' id='word_1_264' title='bbox 210 3905 256 3957; x_wconf 89' lang='lat' dir='ltr'><strong>lus</strong></span> <span class='ocrx_word' id='word_1_265' title='bbox 268 3905 394 3959; x_wconf 75' lang='lat' dir='ltr'><strong>Forstor.</strong></span> <span class='ocrx_word' id='word_1_266' title='bbox 405 3904 430 3957; x_wconf 87' lang='grc' dir='ltr'><strong>Δ</strong></span> <span class='ocrx_word' id='word_1_267' title='bbox 443 3907 510 3959; x_wconf 71' lang='lat' dir='ltr'><strong>Neu</strong></span> <span class='ocrx_word' id='word_1_268' title='bbox 519 3907 589 3960; x_wconf 77' lang='lat' dir='ltr'><strong>Pleu</strong></span> <span class='ocrx_word' id='word_1_269' title='bbox 602 3905 647 3960; x_wconf 81' lang='lat' dir='ltr'><strong>ior</strong></span> <span class='ocrx_word' id='word_1_270' title='bbox 660 3906 710 3959; x_wconf 81' lang='lat' dir='ltr'><strong>tho</strong></span> <span class='ocrx_word' id='word_1_271' title='bbox 723 3906 917 3972; x_wconf 84' lang='lat' dir='ltr'><strong>authenticity</strong></span> <span class='ocrx_word' id='word_1_272' title='bbox 932 3906 963 3960; x_wconf 80' lang='lat' dir='ltr'><strong>oi</strong></span> <span class='ocrx_word' id='word_1_273' title='bbox 974 3906 1023 3959; x_wconf 82' lang='lat' dir='ltr'><strong>tho</strong></span> <span class='ocrx_word' id='word_1_274' title='bbox 1037 3908 1101 3958; x_wconf 85' lang='lat' dir='ltr'><strong>text</strong></span> <span class='ocrx_word' id='word_1_275' title='bbox 1113 3906 1146 3959; x_wconf 80' lang='lat' dir='ltr'><strong>ot</strong></span> <span class='ocrx_word' id='word_1_276' title='bbox 1155 3907 1205 3960; x_wconf 86' lang='lat' dir='ltr'><strong>tho</strong></span> <span class='ocrx_word' id='word_1_277' title='bbox 1218 3906 1301 3962; x_wconf 82' lang='lat' dir='ltr'><strong>three</strong></span> <span class='ocrx_word' id='word_1_278' title='bbox 1315 3908 1370 3962; x_wconf 80' lang='lat' dir='ltr'><strong>Hes</strong></span> 
     </span>
     <span class='ocr_line' id='line_1_35' title="bbox 211 3996 1313 4064; baseline 0.005 -17"><span class='ocrx_word' id='word_1_279' title='bbox 211 3996 299 4061; x_wconf 82' lang='lat' dir='ltr'><strong>venly</strong></span> <span class='ocrx_word' id='word_1_280' title='bbox 318 3996 475 4049; x_wconf 75' lang='lat' dir='ltr'><strong>witnesses</strong></span> <span class='ocrx_word' id='word_1_281' title='bbox 495 4000 548 4050; x_wconf 86' lang='lat' dir='ltr'><strong>eto.</strong></span> <span class='ocrx_word' id='word_1_282' title='bbox 561 3997 598 4063; x_wconf 81' lang='lat' dir='ltr'><strong>by</strong></span> <span class='ocrx_word' id='word_1_283' title='bbox 618 3997 665 4050; x_wconf 88' lang='lat' dir='ltr'><strong>tho</strong></span> <span class='ocrx_word' id='word_1_284' title='bbox 685 3998 757 4050; x_wconf 81' lang='lat' dir='ltr'><strong>Rev.</strong></span> <span class='ocrx_word' id='word_1_285' title='bbox 770 3996 889 4050; x_wconf 84' lang='lat' dir='ltr'><strong>Charias</strong></span> <span class='ocrx_word' id='word_1_286' title='bbox 902 3997 1028 4064; x_wconf 79' lang='lat' dir='ltr'><strong>Forster,</strong></span> <span class='ocrx_word' id='word_1_287' title='bbox 1050 3996 1219 4064; x_wconf 75' lang='lat' dir='ltr'><strong>Cambridge</strong></span> <span class='ocrx_word' id='word_1_288' title='bbox 1231 3997 1313 4053; x_wconf 77' lang='lat'><strong>1867.</strong></span> 
     </span>
    </p>

    <p class='ocr_par' dir='ltr' id='par_1_5' title="bbox 210 4081 1370 4520">
     <span class='ocr_line' id='line_1_36' title="bbox 281 4081 1370 4158; baseline 0.007 -21"><span class='ocrx_word' id='word_1_289' title='bbox 281 4081 323 4156; x_wconf 80' lang='grc'><strong>(2)</strong></span> <span class='ocrx_word' id='word_1_290' title='bbox 336 4086 474 4155; x_wconf 84' lang='lat' dir='ltr'><strong>Exempla</strong></span> <span class='ocrx_word' id='word_1_291' title='bbox 483 4087 646 4141; x_wconf 83' lang='lat' dir='ltr'><strong>huiusmodi</strong></span> <span class='ocrx_word' id='word_1_292' title='bbox 656 4090 832 4154; x_wconf 86' lang='lat' dir='ltr'><strong>lacunarum,</strong></span> <span class='ocrx_word' id='word_1_293' title='bbox 848 4089 897 4141; x_wconf 93' lang='lat' dir='ltr'><strong>ubi</strong></span> <span class='ocrx_word' id='word_1_294' title='bbox 910 4089 1034 4158; x_wconf 89' lang='lat' dir='ltr'><strong>scriptor</strong></span> <span class='ocrx_word' id='word_1_295' title='bbox 1043 4087 1078 4141; x_wconf 88' lang='lat' dir='ltr'><strong>ab</strong></span> <span class='ocrx_word' id='word_1_296' title='bbox 1092 4103 1148 4142; x_wconf 92' lang='lat' dir='ltr'><strong>uuo</strong></span> <span class='ocrx_word' id='word_1_297' title='bbox 1159 4086 1297 4144; x_wconf 79' lang='lat' dir='ltr'><strong>vocabulo</strong></span> <span class='ocrx_word' id='word_1_298' title='bbox 1308 4095 1370 4145; x_wconf 72' lang='lat' dir='ltr'><strong>mu</strong></span> 
     </span>
     <span class='ocr_line' id='line_1_37' title="bbox 212 4174 1370 4249; baseline 0.006 -23"><span class='ocrx_word' id='word_1_299' title='bbox 212 4174 310 4227; x_wconf 87' lang='lat' dir='ltr'><strong>sitivit</strong></span> <span class='ocrx_word' id='word_1_300' title='bbox 325 4174 443 4228; x_wconf 88' lang='lat' dir='ltr'><strong>adidem</strong></span> <span class='ocrx_word' id='word_1_301' title='bbox 464 4178 630 4231; x_wconf 88' lang='lat' dir='ltr'><strong>vocabulum</strong></span> <span class='ocrx_word' id='word_1_302' title='bbox 650 4194 798 4232; x_wconf 84' lang='lat' dir='ltr'><strong>occurrens</strong></span> <span class='ocrx_word' id='word_1_303' title='bbox 812 4178 934 4231; x_wconf 78' lang='lat' dir='ltr'><strong>interius</strong></span> <span class='ocrx_word' id='word_1_304' title='bbox 952 4174 1181 4249; x_wconf 77' lang='grc' dir='ltr'>(ὁμοιοτελευτα),</span> <span class='ocrx_word' id='word_1_305' title='bbox 1201 4177 1300 4233; x_wconf 75' lang='lat' dir='ltr'><strong>adfert</strong></span> <span class='ocrx_word' id='word_1_306' title='bbox 1321 4180 1370 4233; x_wconf 74' lang='lat' dir='ltr'><strong>For</strong></span> 
     </span>
     <span class='ocr_line' id='line_1_38' title="bbox 212 4266 1368 4337; baseline 0.004 -20"><span class='ocrx_word' id='word_1_307' title='bbox 212 4270 272 4320; x_wconf 83' lang='lat' dir='ltr'><strong>ster</strong></span> <span class='ocrx_word' id='word_1_308' title='bbox 290 4267 311 4318; x_wconf 84' lang='lat'><strong>1.</strong></span> <span class='ocrx_word' id='word_1_309' title='bbox 325 4282 347 4319; x_wconf 88' lang='lat' dir='ltr'><strong>e.</strong></span> <span class='ocrx_word' id='word_1_310' title='bbox 361 4282 421 4334; x_wconf 83' lang='lat' dir='ltr'><strong>cap.</strong></span> <span class='ocrx_word' id='word_1_311' title='bbox 435 4266 468 4319; x_wconf 89' lang='lat' dir='ltr'><strong>1o</strong></span> <span class='ocrx_word' id='word_1_312' title='bbox 488 4267 633 4337; x_wconf 85' lang='lat' dir='ltr'><strong>descripta</strong></span> <span class='ocrx_word' id='word_1_313' title='bbox 651 4268 709 4323; x_wconf 79' lang='lat' dir='ltr'><strong>iere</strong></span> <span class='ocrx_word' id='word_1_314' title='bbox 724 4285 758 4323; x_wconf 89' lang='lat' dir='ltr'><strong>ex</strong></span> <span class='ocrx_word' id='word_1_315' title='bbox 779 4269 968 4324; x_wconf 69' lang='lat' dir='ltr'><strong>Michaelisio.</strong></span> <span class='ocrx_word' id='word_1_316' title='bbox 988 4267 1182 4321; x_wconf 73' lang='lat' dir='ltr'><strong>Memorabilis</strong></span> <span class='ocrx_word' id='word_1_317' title='bbox 1202 4272 1248 4322; x_wconf 83' lang='lat' dir='ltr'><strong>cst</strong></span> <span class='ocrx_word' id='word_1_318' title='bbox 1269 4269 1368 4324; x_wconf 88' lang='lat' dir='ltr'><strong>omissi</strong></span> 
     </span>
     <span class='ocr_line' id='line_1_39' title="bbox 210 4355 1370 4430; baseline 0.007 -23"><span class='ocrx_word' id='word_1_319' title='bbox 210 4355 261 4407; x_wconf 76' lang='lat' dir='ltr'><strong>nt.</strong></span> <span class='ocrx_word' id='word_1_320' title='bbox 276 4355 395 4409; x_wconf 80' lang='lat' dir='ltr'><strong>XXVII.</strong></span> <span class='ocrx_word' id='word_1_321' title='bbox 410 4355 445 4407; x_wconf 78' lang='lat'><strong>35</strong></span> <span class='ocrx_word' id='word_1_322' title='bbox 464 4357 541 4411; x_wconf 85' lang='lat' dir='ltr'><strong>inter</strong></span> <span class='ocrx_word' id='word_1_323' title='bbox 559 4373 654 4411; x_wconf 86' lang='lat' dir='ltr'><strong>vocem</strong></span> <span class='ocrx_word' id='word_1_324' title='bbox 667 4365 762 4430; x_wconf 74' lang='grc' dir='ltr'><strong>κληρον</strong></span> <span class='ocrx_word' id='word_1_325' title='bbox 781 4362 812 4411; x_wconf 89' lang='lat' dir='ltr'><strong>st</strong></span> <span class='ocrx_word' id='word_1_326' title='bbox 830 4363 934 4428; x_wconf 77' lang='grc' dir='ltr'><strong>κληρον,</strong></span> <span class='ocrx_word' id='word_1_327' title='bbox 956 4373 1028 4425; x_wconf 83' lang='lat' dir='ltr'><strong>quae</strong></span> <span class='ocrx_word' id='word_1_328' title='bbox 1046 4359 1192 4426; x_wconf 85' lang='lat' dir='ltr'><strong>reperitur</strong></span> <span class='ocrx_word' id='word_1_329' title='bbox 1214 4359 1247 4413; x_wconf 90' lang='lat' dir='ltr'><strong>in</strong></span> <span class='ocrx_word' id='word_1_330' title='bbox 1260 4359 1314 4415; x_wconf 88' lang='lat'><strong>100</strong></span> <span class='ocrx_word' id='word_1_331' title='bbox 1326 4358 1370 4414; x_wconf 77' lang='lat' dir='ltr'><strong>ter</strong></span> 
     </span>
     <span class='ocr_line' id='line_1_40' title="bbox 211 4443 1168 4520; baseline 0.002 -20"><span class='ocrx_word' id='word_1_332' title='bbox 211 4445 290 4501; x_wconf 85' lang='lat' dir='ltr'><strong>codd.</strong></span> <span class='ocrx_word' id='word_1_333' title='bbox 305 4445 389 4520; x_wconf 85' lang='lat' dir='ltr'><strong>(Vide</strong></span> <span class='ocrx_word' id='word_1_334' title='bbox 401 4446 551 4504; x_wconf 71' lang='lat' dir='ltr'><strong>Michaelis</strong></span> <span class='ocrx_word' id='word_1_335' title='bbox 569 4448 729 4504; x_wconf 82' lang='lat' dir='ltr'><strong>Introduct.</strong></span> <span class='ocrx_word' id='word_1_336' title='bbox 741 4448 773 4503; x_wconf 87' lang='lat' dir='ltr'><strong>ln</strong></span> <span class='ocrx_word' id='word_1_337' title='bbox 792 4449 829 4503; x_wconf 75' lang='lat' dir='ltr'><strong>N.</strong></span> <span class='ocrx_word' id='word_1_338' title='bbox 840 4448 872 4503; x_wconf 72' lang='grc' dir='ltr'><strong>Τ.</strong></span> <span class='ocrx_word' id='word_1_339' title='bbox 885 4449 918 4502; x_wconf 87' lang='lat' dir='ltr'><strong>P.</strong></span> <span class='ocrx_word' id='word_1_340' title='bbox 929 4448 954 4502; x_wconf 94' lang='grc' dir='ltr'><strong>Ι.</strong></span> <span class='ocrx_word' id='word_1_341' title='bbox 968 4463 993 4503; x_wconf 89' lang='lat' dir='ltr'><strong>c.</strong></span> <span class='ocrx_word' id='word_1_342' title='bbox 1007 4448 1034 4502; x_wconf 80' lang='lat' dir='ltr'><strong>t.</strong></span> <span class='ocrx_word' id='word_1_343' title='bbox 1046 4453 1115 4504; x_wconf 81' lang='lat' dir='ltr'><strong>sset.</strong></span> <span class='ocrx_word' id='word_1_344' title='bbox 1128 4443 1168 4520; x_wconf 84' lang='grc'><strong>8).</strong></span> 
     </span>
    </p>
   </div>
   <div class='ocr_carea' id='block_1_3' title="bbox 0 0 1591 4950">
    <p class='ocr_par' dir='ltr' id='par_1_6' title="bbox 0 0 1591 4950">
     <span class='ocr_line' id='line_1_41' title="bbox 0 0 1591 4950; baseline 0 0"><span class='ocrx_word' id='word_1_345' title='bbox 0 0 1591 4950; x_wconf 95' lang='lat' dir='ltr'><strong> </strong></span> 
     </span>
    </p>
   </div>
  </div>
 </body>
</html>
