3172 4950
829 136 867 149 -
889 104 950 163 438
971 134 1009 149 ..

400 210 514 280 Affine
535 210 763 303 appellationi
787 208 953 299 imaginis
976 215 1032 277 est
1043 208 1161 301 ,quod
1176 206 1334 299 Spiritus
1355 206 1487 281 Sanctus·

334 320 534 388 aPstribus
546 317 726 386 nonnullis
744 317 885 384 Verbum
901 316 1006 398 Filii,
1023 321 1059 384 et
1073 337 1095 383 a
1113 314 1150 383 S.
1166 314 1306 405 cyrillo
1319 312 1473 399 (rusum

335 426 376 494 Τ.
397 426 441 495 V
456 428 497 493 P
512 426 542 492 Ι.
561 451 594 516 p.
615 426 710 510 344.)
734 449 825 491 mens
841 424 933 493 Feles
955 423 1100 492 dicitur.
1119 423 1215 493 Haec
1238 442 1374 490 nomme
1387 418 1472 511 duh
1561 416 1584 460 ἶ·

333 533 422 603 citor
448 534 560 623 accipi
583 541 739 623 possunt:
767 533 808 601 1.
833 535 896 618 ita,
923 540 964 601 ut
990 532 1211 622 significetur
1229 532 1403 622 processio,
1419 551 1469 597 no

334 640 400 709 dus
416 641 644 730 processionis
663 664 723 731 per
740 641 993 708 formalemt
936 647 993 708 rat
995 640 1106 708 ionem
1124 639 1337 724 intellectus,
1354 645 1387 707 et
1398 659 1468 727 prop

335 754 432 817 terea
455 772 496 816 ex
521 750 596 839 ipso
620 750 718 817 modo
741 749 970 838 processionis
986 748 1294 853 comprehensioet
1309 767 1468 837 represser-

333 856 423 924 tatio
447 856 596 924 omnium
613 857 787 924 rationum
803 862 840 926 et
855 857 1012 924 idearum
1027 864 1263 924 aeternarum.
1277 855 1351 923 Hoc
1364 851 1467 944 proprio

335 984 438 1031 sensu
462 963 558 1031 solus
580 963 696 1031 Filius
720 971 773 1031 est
796 964 961 1049 Verbum,
987 963 1056 1031 ot
1046 987 1082 1031 ιιι
1106 965 1225 1032 eadem
1249 961 1467 1052 significatione

335 1070 487 1141 relativa
504 1095 600 1140 mens
615 1092 778 1161 expressa
793 1071 925 1139 Patris.
941 1071 1073 1161 (Supra
1083 1062 1174 1141 thes.
1186 1070 1351 1155 XXVI.).
1364 1069 1392 1137 2·
1396 1067 1468 1136 .Ver·
1550 1064 1582 1122 ?‘

335 1180 415 1247 bum
432 1184 467 1245 et
489 1202 584 1245 mens
608 1179 823 1268 (procedens)
836 1179 907 1247 dici
923 1184 1038 1267 potest
1053 1178 1164 1248 solum
1181 1178 1227 1247 ad
1244 1175 1469 1269 significandam

336 1286 585 1376 processionem
599 1287 672 1354 sine
686 1286 973 1355 determinatione
985 1286 1089 1371 modi,
1100 1288 1136 1354 h.
1146 1309 1176 1356 e.
1191 1285 1247 1355 ita
1263 1293 1307 1355 ut
1322 1279 1469 1376 appellatio
1555 1332 1581 1381 t.

337 1416 404 1461 non
427 1395 630 1462 desumatur
653 1417 695 1462 ex
720 1395 817 1462 modo
841 1394 1070 1484 processionis
1093 1394 1153 1464 sed
1176 1416 1219 1463 ex
1244 1391 1470 1462 annuntiatione

336 1502 502 1571 veritatis
523 1502 569 1571 ad
592 1509 706 1571 extre.
721 1502 779 1570 Ita
803 1502 928 1603 Patres
951 1502 1008 1569 illi
1025 1502 1197 1593 Spiritum
1210 1501 1377 1572 Sanctum
1391 1494 1470 1591 sppd·

336 1610 414 1679 lant
436 1611 588 1679 Verbum
613 1632 652 1678 ac
677 1618 822 1679 mentem
846 1615 1073 1700 (expressam)
1096 1611 1195 1696 Filii,
1221 1610 1383 1702 quonism
1402 1616 1431 1678 et
1445 1606 1472 1675 sb

338 1716 401 1786 illo
425 1718 582 1807 procedit
603 1726 639 1786 et
662 1718 761 1786 docet
784 1741 916 1786 omnem
941 1718 1125 1787 veritatem
1156 1724 1193 1788 et
1214 1740 1284 1787 non
1307 1717 1472 1811 loquiturs
1564 1789 1575 1799 .

337 1826 521 1916 semetipso
545 1825 667 1912 (velut
689 1827 842 1894 existens
874 1826 947 1894 sinc
979 1826 1151 1917 principio
1176 1820 1471 1918 producsnupel

338 1954 571 2025 quaecumque
596 1933 837 2035 (procedendo)
861 1932 984 2017 audit,
1011 1931 1181 2024 loquitur.
1204 1932 1325 2001 cCum
1356 1930 1473 2023 Spiritus
1544 1924 1566 1937 '⁶

339 2041 491 2111 Sanctus
514 2061 609 2107 meus
633 2039 715 2106 sit'
706 2040 817 2129 ipsius
842 2038 959 2125 (Filii)
983 2041 1087 2107 iuxta
1108 2041 1256 2109 Beatum
1287 2034 1472 2109 Paulumdi·
1549 2028 1580 2055 τ’

339 2154 494 2217 centem.
520 2168 582 2212 nos
606 2168 680 2212 men
684 2151 753 2212 tem
777 2144 910 2214 Christi
935 2146 1113 2231 habemus,
1133 2146 1272 2215 omnino
1287 2169 1328 2216 ea
1350 2146 1473 2239 loquetur
1534 2138 1570 2181 ’ἑ

338 2264 375 2326 et
398 2253 586 2337 ordinabit,
607 2274 694 2344 quae
717 2254 849 2342 etipse
872 2252 1029 2340 (Filius),
1056 2254 1157 2323 cuius
1180 2277 1278 2323 mens
1300 2260 1364 2324 est.
1375 2249 1474 2321 Irene

339 2362 530 2432 affirmavit
548 2361 719 2451 Spiritum
743 2361 835 2429 nihil
858 2386 900 2431 ex
924 2386 960 2431 se
983 2364 1194 2447 locuturum,
1220 2385 1262 2433 ac
1288 2363 1321 2433 si
1343 2360 1473 2431 dixisse
1541 2356 1564 2395 ²·

339 2494 403 2561 ego
427 2492 551 2538 rursus
574 2492 663 2553 sum,
690 2469 751 2560 qui
775 2469 908 2561 loquor;
927 2470 1068 2560 perinde
1091 2473 1164 2540 iere
1182 2492 1222 2539 ac
1239 2471 1271 2538 si
1287 2492 1381 2539 mens
1395 2464 1475 2537 inlr
1542 2462 1566 2527 ,“

340 2579 432 2647 mine
455 2578 587 2647 diceret
610 2577 651 2644 de
674 2577 879 2666 procedente
903 2580 940 2647 in
965 2601 1000 2648 se
1025 2580 1141 2649 verbo:
1160 2603 1230 2648 nou
1255 2578 1411 2671 loquetur
1427 2590 1476 2642 ιιι
1538 2570 1568 2611 '³

340 2688 435 2777 ipso,
462 2686 521 2753 sed
547 2707 779 2777 quaecumque
804 2686 983 2772 audierit,
1008 2686 1214 2780 loquetur...
1241 2686 1338 2757 Idem
1368 2686 1430 2755 fere
1450 2678 1477 2747 dt
1540 2676 1581 2717 ³⁰

341 2795 478 2886 Spiritu
503 2794 631 2862 Sancto
654 2794 870 2863 sentiendum
894 2803 958 2864 est.
991 2795 1077 2864 Cum
1106 2798 1196 2865 enim
1220 2796 1270 2864 sit
1292 2818 1387 2864 mens
1408 2786 1479 2861 Chri·
1540 2796 1567 2827 Ξ

340 2904 400 2987 sti,
428 2902 542 2969 omnia
565 2923 652 2992 quae
675 2901 711 2968 in
729 2902 804 2990 ipso
820 2910 915 2988 suut,
931 2903 1116 2994 discipulis
1131 2903 1291 2995 loquitur
1307 2927 1374 2972 nou
1389 2899 1479 2969 voluu·
1547 2892 1568 2935 '-

340 3017 415 3080 tate
443 3009 510 3076 sibi
536 3008 689 3097 propris,
715 3032 824 3100 neque
849 3011 973 3080 docens
996 3012 1033 3079 in
1056 3011 1241 3079 voluntate
1265 3010 1381 3079 aliena
1399 3009 1437 3075 ab
1447 3025 1480 3085 eo,

342 3118 379 3185 in
403 3138 470 3206 quo
494 3119 593 3182 etex
617 3138 684 3205 quo
708 3121 784 3199 est,
811 3115 870 3184 sed
893 3124 1069 3208 tamquam
1086 3140 1128 3185 ex
1145 3117 1222 3193 eius
1240 3117 1391 3186 essentia
1408 3118 1483 3185 nsu-
1551 3110 1579 3121 ’“

343 3223 469 3293 raliter
492 3224 679 3311 procedens
706 3224 767 3309 (ὡς
806 3226 837 3289 ἐκ
871 3246 923 3297 τις
956 3222 1057 3297 ἐυσιας
1090 3220 1182 3289 dcccv
1216 3246 1351 3317 quocum<
1385 3208 1482 3313 opio}
1560 3250 1573 3281 :

342 3340 510 3405 ettotam
546 3334 622 3404 eius
650 3333 780 3403 habens
808 3332 1024 3403 voluntatem
1055 3334 1149 3403 sicut
1178 3340 1215 3404 et
1245 3334 1483 3425 operationem
1560 3340 1574 3367 ‘·

344 3442 381 3512 S.
397 3445 525 3535 cyrill.
543 3444 568 3512 1.
585 3469 613 3513 c.
631 3444 720 3512 Vide
732 3442 856 3511 Petav.
875 3441 900 3510 l.
912 3442 996 3510 VII.
1012 3466 1040 3511 c.
1059 3443 1091 3510 7.
1110 3466 1145 3509 n.
1163 3444 1195 3509 5.
1216 3464 1292 3535 sqq.

411 3554 507 3635 Quae
532 3555 573 3624 de
597 3554 753 3645 personis
777 3550 931 3640 singulis
954 3550 1100 3620 dicenda
1122 3545 1486 3640 eranc,comp1e1iisn

246 3696 250 3702 ·
344 3682 464 3729 sumus
487 3662 525 3729 in
548 3662 613 3731 hac
635 3661 862 3753 tractatione;
879 3682 987 3750 neque
1011 3658 1103 3727 enim
1119 3657 1194 3727 siue
1209 3657 1287 3727 illis
1304 3650 1487 3725 Trinitasiu

345 3768 536 3858 complexu,
555 3775 590 3837 et
606 3768 839 3858 processiones
863 3766 1050 3858 modusque
1073 3766 1329 3857 processionum
1347 3753 1487 3858 explicari
1513 3788 1519 3807 ·

344 3881 517 3963 poterant.
491 3876 653 3942 tUnum
676 3881 792 3943 tamen
817 3880 924 3964 caput
947 3880 1106 3963 superest
1129 3881 1205 3943 tum
1233 3897 1296 3964 por
1319 3898 1356 3943 se
1377 3881 1444 3943 tum
1460 3864 1489 3934 ob

344 3983 498 4052 rationes
521 3984 708 4075 polemicas
731 3983 894 4052 momenti
917 3982 1146 4071 gravissimi,
1172 3982 1264 4123 quod
1279 4006 1373 4051 nunc
1394 3994 1489 4070 aggrt

345 4091 473 4160 dimur.
