3180 4944
695 344 872 406 ...502-

207 467 486 559 generationem,
512 465 659 557 reliquis
683 466 839 533 omnibus
862 460 1160 554 appellationibus
1190 461 1353 552 designan-

208 575 303 644 tibus
326 573 528 641 relationem
544 572 693 660 originis
717 571 806 639 Filii
828 570 873 639 ad
890 570 1030 639 Patrem
1053 591 1114 637 seu
1130 567 1220 637 Filii
1241 590 1354 658 proces·

208 683 336 751 sionem
360 704 401 748 ex
424 680 553 763 Patre,
585 679 691 747 iidem
713 679 837 747 Patres
866 677 986 768 graeei
1018 682 1171 745 utuntur
1193 674 1240 744 ad
1261 676 1354 766 expri-

209 789 364 860 mendam
387 788 590 856 relationem
614 787 769 876 Spiritus
793 787 913 856 Ssncti
936 784 981 853 ad
1003 783 1148 853 Filium.

274 895 390 962 Filius
401 900 455 961 est
465 893 630 979 Verbum,
648 915 743 962 mens
758 913 921 983 expressa
940 890 969 981 (i
984 891 1060 978 νους)
1079 896 1115 960 55
1140 891 1235 958 ratio
1257 889 1354 958 Patris

209 1005 330 1088 (supra
342 1023 375 1088 p.
392 998 469 1066 175.
488 1002 591 1090 sqq.),
605 998 738 1088 pariter
751 998 907 1087 Spiritus
920 998 1070 1066 Sanetus
1081 1018 1104 1064 5
1116 995 1182 1065 SS.
1193 995 1322 1064 Basilio
1330 1002 1355 1062 et

209 1107 345 1196 Cyrillo
360 1107 491 1176 dicitur
506 1107 658 1175 Verbum
673 1105 772 1191 Filii,
791 1129 885 1174 mens
900 1104 988 1174 Filii
1003 1111 1125 1194 (supra
1140 1128 1178 1195 p.
1188 1104 1269 1172 438.
1279 1102 1352 1188 453).

208 1214 325 1281 Filius
344 1221 398 1281 est
420 1213 533 1300 imago
557 1212 697 1297 Patris,
717 1212 833 1301 figura
849 1206 1031 1304 (χαρακτηρ)
1051 1210 1272 1280 substantias
1285 1209 1353 1297 eins,

210 1319 366 1389 vicissim
391 1319 547 1408 Spiritus
571 1318 720 1387 Sanetus
743 1318 876 1387 dicitnr
905 1319 948 1386 ab
970 1318 1192 1402 Athanasio,
1217 1316 1354 1400 Basilio,

209 1425 345 1514 Cyrillo
368 1433 433 1494 etc.
449 1424 536 1492 Filii
559 1425 686 1514 imago,
705 1425 820 1514 imago
843 1425 1029 1510 naturalis,
1046 1423 1207 1515 sigillum
1230 1430 1356 1491 naturae

209 1533 308 1618 Filii,
325 1533 436 1600 forma
450 1532 538 1600 Filii
554 1532 604 1619 (1)
618 1538 740 1622 (supra
751 1557 785 1622 p.
801 1532 879 1600 436.
894 1532 989 1618 454).
1006 1530 1123 1598 Filius
1139 1537 1194 1599 est
1214 1530 1356 1620 splendor

209 1639 340 1724 Patris,
358 1640 474 1708 lumen
497 1640 539 1708 de
561 1639 704 1726 lumine;
731 1638 886 1728 Spiritus
912 1638 1062 1707 Sanctus
1087 1635 1253 1726 splendor
1273 1636 1355 1720 Filii,

210 1746 326 1814 lumen
338 1745 482 1813 tertium
496 1752 542 1835 (p.
552 1744 631 1812 451.
641 1744 736 1829 495).
751 1745 839 1813 Item
856 1744 972 1813 Filius
987 1751 1043 1814 est
1058 1744 1184 1814 vultus
1200 1742 1314 1811 Patris
1326 1748 1359 1810 ut

210 1853 384 1942 expressio
398 1852 562 1937 eiusdem,
582 1851 739 1922 vicissim
756 1849 912 1940 Spiritus
928 1850 1078 1919 Sanctus
1093 1850 1230 1919 dicitur
1252 1848 1357 1920 vultus

210 1957 298 2026 555
321 1957 462 2046 (cyrill.
477 1958 515 2025 in
534 1958 585 2025 10.
603 1982 637 2047 p.
652 1940 729 2026 rar.
744 1957 825 2025 vine
844 1957 964 2026 rear.
987 1956 1089 2027 vm.
1108 1980 1139 2025 0.
1160 1957 1193 2026 7.
1218 1980 1254 2024 n.
1272 1956 1302 2023 a.
1317 1956 1355 2040 r).

211 2062 328 2130 Filius
352 2062 483 2130 dicitur
507 2062 688 2151 Sapientia
711 2067 746 2130 et
768 2062 885 2130 virtus
915 2061 1056 2148 Patris;
1083 2061 1243 2152 Spiritus
1270 2061 1356 2131 Sanc·

105 2219 109 2225 -
214 2175 273 2237 tus
292 2168 490 2257 appellatur
513 2168 556 2235 ab
586 2167 782 2236 Athanasio
805 2167 864 2255 (ad
885 2166 1004 2257 Serap.
1031 2167 1061 2235 I.
1080 2190 1116 2235 n.
1133 2167 1222 2253 25),
1240 2165 1354 2256 cyrillo

212 2273 359 2363 (dialog.
375 2272 457 2341 VH.
471 2297 505 2362 p.
518 2272 613 2359 593.)
627 2278 693 2342 etc.
711 2272 867 2362 Spiritus
883 2272 1083 2363 Sapientiae
1097 2277 1135 2341 et
1153 2272 1299 2342 virtutis
1309 2292 1353 2339 ve·

209 2379 267 2449 lut
290 2380 372 2447 odor
395 2402 437 2447 ex
459 2379 566 2464 flore,
592 2379 716 2448 vivens
739 2380 857 2448 virtus
878 2377 966 2446 Filii
987 2378 1153 2447 viventis.
1168 2377 1282 2447 Filius
1295 2382 1352 2446 tun

210 2484 294 2576 Sap.
308 2485 391 2554 VH.
402 2486 457 2554 25.
475 2492 549 2554 tum
565 2507 587 2551 a
608 2485 676 2555 PP.
697 2489 815 2576 (supra
832 2511 867 2576 p.
879 2486 973 2573 308.)
986 2485 1198 2556 describitur
1221 2491 1263 2555 55
1278 2515 1293 2550 u
1307 2505 1351 2554 va

210 2616 272 2684 por
288 2586 400 2683 (ἀτμις)
416 2591 562 2662 virtutis
576 2590 643 2659 Dei
654 2598 690 2660 et
700 2593 872 2660 emanatio
885 2593 1050 2683 quaedam
1063 2592 1242 2661 claritatis
1258 2599 1349 2676 5555.)

209 2701 342 2792 pariter
364 2721 386 2766 a
408 2696 544 2786 Cyrillo
567 2697 751 2785 (Thesaur.
769 2723 803 2788 p.
816 2699 911 2783 338.)
936 2696 1092 2791 Spiritus
1115 2698 1266 2768 Sanctus
1285 2696 1350 2767 dici·

210 2812 271 2875 tur
293 2805 476 2897 procedere
502 2826 574 2872 rex
604 2806 755 2874 essentia
783 2805 873 2873 Filii
901 2805 1001 2875 velut
1030 2828 1073 2874 ex
1103 2827 1196 2898 aqua
1230 2827 1349 2896 vapore

215 2907 263 3001 (ἐκ
289 2934 341 2984 της
360 2908 459 2982 iustus
483 2932 533 2974 του
559 2909 619 2974 tirou
636 2911 734 3003 ὥσπερ
753 2907 783 2986 ἐξ
807 2907 912 2985 ὓδατος
941 2909 1054 3001 sirpus).

276 3020 327 3087 De
341 3018 428 3087 Filii
443 3018 752 3086 consubstantialis
774 3019 942 3088 relatione
956 3021 1000 3088 sd
1013 3020 1152 3089 Patrem
1164 3026 1206 3089 ut
1217 3021 1261 3088 ad
1273 3037 1353 3087 suun

209 3123 421 3213 principium
444 3147 466 3191 a
494 3123 656 3213 plurimis
680 3125 845 3194 Patribus
876 3125 1094 3214 intelligitur
1122 3125 1216 3195 illud
1243 3118 1355 3193 Christi

211 3230 353 3298 dictum:
368 3231 473 3299 Pater
501 3231 611 3298 maior
638 3255 690 3298 me
716 3238 770 3299 est
786 3232 1060 3319 (Io.XIV.28.).
1082 3233 1186 3302 «Non
1203 3233 1356 3302 dixitne·

210 3334 278 3402 lior
305 3357 357 3403 me
383 3342 476 3404 est...
492 3337 551 3404 sed
574 3339 694 3421 maior,
716 3360 784 3405 non
808 3338 927 3430 aliqua
949 3339 1193 3428 magnitudine
1214 3348 1277 3409 aut
1290 3345 1357 3407 tem·

210 3462 304 3530 pore,
321 3442 380 3509 sed
392 3449 533 3532 propter
544 3444 768 3513 nativitatem
783 3467 825 3513 ex
842 3445 917 3535 ipso
929 3446 1059 3515 Patren
1077 3446 1253 3517 Athenas.
1262 3453 1356 3517 contr.

209 3548 334 3616 Arian.
354 3572 403 3617 or.
416 3549 446 3617 I.
461 3573 496 3617 n.
509 3551 564 3618 58.
575 3551 686 3639 Atqui
711 3552 800 3621 idem
823 3553 1040 3623 Athanasius
1055 3555 1172 3623 eodem
1189 3576 1292 3624 sensu
1305 3549 1358 3619 ori·

211 3656 304 3743 ginis
320 3656 404 3725 ibid.
426 3679 461 3725 n.
483 3657 538 3726 50.
561 3657 716 3728 declarat
737 3659 869 3727 Filium
888 3662 1050 3729 maiorem
1074 3661 1214 3751 Spiritu
1236 3663 1356 3731 Sancto·

211 3763 332 3831 Coram
347 3765 487 3832 Iudaeis
504 3814 511 3849 ,
537 3766 668 3857 inquit,
693 3767 857 3837 Christus
879 3769 1022 3860 loquens
1037 3773 1078 3837 ut
1091 3770 1210 3839 Filius
1227 3765 1358 3837 hominis

211 3867 382 3957 Spiritum
411 3870 575 3940 Sanctum
591 3872 765 3943 indicavit
779 3876 940 3943 maiorem
957 3899 992 3943 se
1016 3882 1170 3966 spectato
1189 3875 1356 3946 secundun

211 3971 472 4065 humanitatem3
492 3985 530 4044 at
549 3978 761 4070 “discipulis
785 4003 882 4050 suam
906 3982 1129 4050 divinitatem
1144 3984 1354 4052 maiestatem·

211 4101 276 4169 que
299 4082 492 4169 ostendens,
518 4107 580 4152 nec
602 4085 753 4175 amplius
769 4108 805 4154 se
821 4085 985 4157 minorem
1001 4086 1139 4177 Spiritu
1156 4087 1295 4173 Sancto,
1308 4078 1352 4153 sei

262 4332 303 4408 (1)
323 4340 441 4409 Σφραγις
461 4358 506 4394 την
527 4354 628 4410 popone
646 4356 755 4411 χριστου
778 4336 890 4412 ἔχουσα.
910 4352 1024 4411 copam<
1045 4358 1092 4402 της
1113 4358 1159 4394 του
1181 4336 1239 4394 oros
1260 4347 1349 4410 ovoru-

210 4442 295 4495 pofon
315 4449 358 4480 reo
378 4431 433 4482 eree
452 4429 559 4484 Athan.
580 4430 679 4499 Serap.
694 4432 718 4485 1.
731 4447 760 4485 n.
772 4433 816 4486 23.
832 4432 876 4499 245
890 4432 947 4485 111.
958 4447 988 4484 5.
999 4431 1027 4485 3.
