3172 4950
695 321 734 337 -
755 288 820 352 465·
834 321 872 336 -

232 397 297 467 ritus
316 395 448 483 Sancti,
473 395 730 486 subdistinpuo:
755 401 809 465 est
830 394 983 466 exclusio
1005 418 1181 487 personae,
1200 421 1288 490 ques
1305 422 1367 491 per

230 505 423 596 spirationem
445 503 603 596 procedit
624 505 661 572 h.
678 525 709 574 e.
728 501 883 594 Spiritus
905 501 1038 588 Sancti,
1065 504 1217 588 concedu-
1233 511 1288 575 est
1309 529 1366 575 ex·

231 612 311 683 clusio
330 635 497 705 personae
518 612 816 703 praeintellectae,
835 631 922 703 quae
938 611 1129 702 spiratione
1151 636 1219 681 non
1242 614 1366 685 distin·

229 719 366 808 gulture
388 720 505 804 Patre,
532 718 568 786 h.
587 740 618 788 e.
635 717 735 804 Filii,
761 741 859 808 nepo.
884 716 959 785 Hoc
981 717 1054 785 nisi
1076 717 1129 786 ita
1153 725 1257 806 esset,
1282 728 1319 789 et
1335 722 1366 790 si
1480 710 1484 717 ¹

229 825 334 900 valeret
354 826 420 896 illa
443 826 589 897 obiectio
614 825 926 905 schismaticorum,
951 823 1117 894 dicendae
1140 831 1255 898 essent
1275 828 1366 898 aliae

228 955 363 1023 personae
385 933 527 1004 divinae
549 931 701 1018 excludi,
727 931 862 1024 quoties
884 932 990 1000 Pater
1013 931 1227 1021 singillatim
1249 936 1365 1025 appel·

228 1038 298 1110 latur
316 1042 411 1132 Ileus
433 1047 496 1110 aut
517 1040 666 1132 quodvis
688 1038 899 1108 attributum
922 1036 1082 1107 divinum
1103 1039 1144 1108 de
1167 1062 1206 1108 eo
1229 1041 1364 1131 praedi·

229 1153 320 1238 utur;
344 1148 463 1241 sicque
484 1147 625 1216 tandem
646 1151 722 1216 tota
745 1145 830 1215 haec
863 1145 1037 1236 sapientia
1067 1144 1290 1219 schismatica
1312 1172 1365 1220 re·

228 1260 344 1324 vestm
366 1255 412 1324 ad
433 1253 645 1346 principium
666 1251 851 1326 Arianum.

272 1358 334 1443 Cur
356 1359 474 1429 Filius
494 1357 744 1451 processionem
767 1357 923 1449 Spiritus
947 1356 1068 1428 Sancti
1091 1358 1254 1449 explicite
1276 1362 1364 1432 refe·

226 1471 268 1535 rat
283 1468 323 1537 ad
344 1468 495 1553 Patrem,
521 1466 681 1558 quemvis
703 1465 795 1534 ratio
817 1464 984 1556 principii
1007 1462 1162 1533 sitFilio
1177 1466 1366 1537 communis

225 1590 282 1644 oon
300 1574 415 1659 Patre,
441 1594 546 1644 causa
568 1579 622 1643 est
644 1572 782 1658 eadem,
807 1578 949 1663 propter
972 1593 1075 1664 quam
1098 1591 1162 1640 sue
1184 1573 1298 1642 omnia
1320 1574 1366 1644 ad

224 1673 337 1751 Patren
358 1681 492 1750 referre
520 1680 609 1749 solet
631 1679 730 1770 (lege
752 1679 789 1748 S.
815 1679 969 1768 August.
995 1677 1033 1746 in
1051 1678 1148 1748 Ioan.
1174 1686 1280 1752 tract.
1307 1682 1362 1754 99.

223 1802 249 1853 n.
259 1786 300 1877 8);
315 1795 357 1858 nt
373 1787 508 1857 seilicet
521 1788 626 1858 Pater
640 1786 864 1877 intelligatur
882 1785 1092 1877 principium
1108 1786 1182 1856 sine
1193 1788 1365 1882 principio

223 1884 300 1975 (dum
315 1890 586 1988 προκαταρκτικη),
605 1893 790 1984 originalis
813 1895 891 1963 lons
907 1892 1108 1978 Trinitatis,
1134 1915 1156 1961 a
1179 1897 1366 1987 quostiam

216 1992 319 2075 Filius
339 2005 434 2075 sicut
455 2001 638 2084 essentiam
669 2023 747 2070 cum
780 2001 939 2069 omnibns
960 2003 1233 2090 perfectionibus
1255 2004 1307 2074 ita
1329 2013 1367 2075 et

212 2104 277 2182 Vim
296 2109 514 2203 spiratrioem
536 2114 612 2197 (seu
633 2105 817 2177 essentiam
833 2107 897 2175 sub
914 2106 1054 2176 formali
1075 2109 1210 2179 ratione
1225 2109 1281 2181 vis
1296 2111 1366 2202 spi·

208 2217 323 2291 musis
349 2223 388 2290 et
415 2216 611 2287 dilectionis
640 2214 864 2305 producentis
893 2218 1066 2301 umorem)
1095 2214 1200 2287 habet
1225 2239 1366 2307 genera·

204 2316 297 2397 lione
325 2324 621 2396 communicatem.
646 2321 704 2391 Ita
727 2322 872 2412 ipsemet
893 2320 1138 2411 Augustinus:
1167 2346 1265 2392 onon
1291 2324 1365 2393 iru-

201 2429 280 2502 ⁸trs
299 2433 335 2503 in
358 2431 425 2502 hac
449 2429 624 2500 Trinitate
647 2451 715 2497 non
738 2428 870 2499 dicitur
881 2429 1034 2498 Verbum
1055 2429 1120 2498 Dei
1142 2430 1213 2499 nisi
1236 2430 1363 2516 Filius,

199 2549 268 2607 neo
287 2540 413 2610 donum
434 2538 500 2607 Dei
530 2537 600 2606 nisi
631 2535 787 2626 Spiritus
819 2537 992 2621 Sanctus,
1016 2557 1078 2607 nec
1109 2537 1151 2606 de
1181 2559 1247 2629 quo
1270 2535 1366 2627 geni·

198 2640 280 2716 lum
299 2656 354 2718 set
367 2646 520 2718 Verbum
542 2649 578 2713 et
601 2642 641 2709 de
671 2666 737 2734 quo
762 2643 919 2733 procedit
937 2645 1190 2733 principaliter
1212 2644 1367 2734 Spiritus

198 2743 359 2839 Sanetus,
382 2753 453 2823 nisi
474 2753 591 2821 Pater.
616 2750 698 2819 Ideo
721 2756 837 2820 autem
859 2750 979 2821 addidi
999 2752 1258 2841 principaliter,
1284 2751 1367 2844 quia

197 2859 239 2924 οὶ
265 2862 305 2933 de
324 2860 418 2931 Filio
441 2858 597 2950 Spiritus
619 2857 770 2927 Sanctus
792 2857 975 2946 procedere
998 2856 1191 2945 reperitur:
1217 2856 1277 2926 sed
1302 2856 1367 2925 hoc

199 2982 337 3061 quoque
358 2967 414 3038 illi
438 2967 544 3035 Pater
566 2963 681 3049 dedit,
706 2987 774 3033 non
796 2965 866 3032 iam
888 2963 1053 3032 existenti
1076 2970 1112 3031 et
1133 2962 1283 3032 nondum
1306 2963 1367 3030 ha·

200 3064 310 3163 benti3
335 3074 396 3145 sed
418 3070 590 3165 quidquid
605 3069 787 3160 unigenito
802 3069 915 3138 Verbo
930 3067 1039 3154 dedit,
1058 3067 1233 3158 gignendo
1257 3068 1364 3139 dedit.
1431 3062 1435 3067 ’

202 3169 273 3246 Sic
289 3202 368 3270 ergo
383 3201 461 3250 eum
478 3177 613 3269 genuit,
630 3181 673 3245 ut
689 3176 794 3246 etiam
818 3175 860 3243 de
883 3174 945 3244 illo
961 3175 1084 3244 donum
1104 3197 1278 3244 commune
1293 3197 1367 3266 pro·

203 3282 350 3374 cederet,
368 3292 405 3357 et
420 3285 575 3376 Spiritus
593 3283 742 3353 Sanctus
757 3282 915 3373 Spiritus
931 3288 1022 3352 esset
1044 3282 1251 3352 amborum»
1270 3282 1365 3372 Aug.

205 3380 305 3462 Tria.
319 3392 346 3464 1.
358 3393 439 3465 XV.
454 3414 484 3463 o.
499 3390 555 3460 17.
569 3414 604 3460 n.
620 3389 675 3459 29.
