3172 4950
632 360 669 375 -
690 327 748 389 201
772 359 809 374 -

175 435 304 524 netipso,
335 434 390 503 ita
423 431 521 504 dedit
548 437 586 502 et
612 432 706 501 Filio
741 433 851 503 vitam
875 432 1001 502 habere
1023 432 1061 501 in
1084 435 1266 526 semetipso
1288 464 1304 500 n

175 542 228 610 [bid.
244 542 285 612 V.
304 541 376 628 26.;
398 571 415 606 a
432 539 547 609 omnia
570 562 657 632 quae
672 539 802 610 dedisti
822 540 920 625 mihi,
945 541 1006 609 abs
1025 547 1060 610 te
1084 549 1168 613 sunt
1185 570 1202 605 n
1220 543 1306 614 ibid.

175 649 256 719 ΝΠ.
266 650 301 737 7;
318 679 335 715 ι
353 670 429 719 mea
454 648 569 717 omnia
589 654 665 733 tua,
683 655 720 718 et
734 654 799 717 tua
812 671 889 717 msa
904 655 1019 718 suntn
1038 650 1305 740 ib.XVlI.10.;

184 756 289 824 omnia
312 777 548 849 quaecumque
570 755 681 853 habet,
690 755 807 840 Pater,
821 777 897 824 moa
911 762 1006 843 suut;
1023 764 1208 848 propterea
1219 757 1306 844 dixi,

175 861 224 931 uia
243 863 286 931 de
310 884 385 931 meo
406 861 585 953 accipiet»
610 860 658 931 ib.
674 860 773 931 XVI.
788 861 843 931 15.
859 868 927 932 etc.
940 868 1008 932 etc.

207 969 261 1040 11..
272 969 406 1040 Eodem
428 991 572 1061 prorsus
587 969 697 1056 modo,
715 976 758 1039 nt
773 991 842 1039 nna
858 976 913 1040 est
927 976 963 1040 et
978 970 1185 1042 indistincta
1201 974 1308 1043 trium

175 1099 365 1146 usonarum
387 1082 517 1146 natura
532 1099 609 1145 cum
625 1075 784 1146 omnibns
797 1077 871 1145 suis
883 1077 1156 1167 perfectionibus
1171 1080 1308 1149 absolu·

175 1184 204 1271 b,
212 1208 282 1254 una
292 1190 349 1255 est
359 1184 466 1254 etiam
477 1191 514 1255 et
524 1183 733 1254 indistincta
744 1184 853 1254 trium
865 1206 1089 1277 personarum
1102 1188 1256 1278 operatio
1265 1187 1311 1255 cd

175 1307 249 1362 τινα.
259 1293 366 1362 Patet
377 1292 511 1364 veritas
519 1315 562 1362 ex
571 1294 715 1383 propria
724 1291 861 1361 ratione
872 1292 1083 1383 operationis
1094 1293 1311 1365 divinae.Ea

175 1399 231 1470 rim
243 1423 315 1469 non
329 1406 385 1471 est
395 1399 505 1484 aliud,
518 1421 620 1492 qnam
637 1399 715 1490 ipsa
730 1399 853 1468 divina
864 1400 1016 1469 essentia
1027 1402 1091 1468 sub
1103 1401 1243 1470 formali
1255 1424 1309 1472 ra·

175 1530 233 1577 one
252 1507 409 1577 absoluti
423 1505 625 1576 intellectus
641 1513 678 1576 et
692 1506 873 1576 absolutae
889 1507 1084 1577 voluntatis
1100 1508 1310 1600 omnipoten-

175 1637 193 1681 s
212 1637 288 1684 cnm
310 1614 554 1686 connotatione
570 1613 712 1684 termini
728 1614 916 1683 extrinseci
932 1614 1116 1685 efficiendi.
1128 1614 1241 1708 Atqui
1255 1626 1307 1686 es·

175 1723 255 1792 entis
276 1722 422 1809 divina,
447 1723 512 1792 sub
535 1723 661 1815 quavis
677 1722 819 1792 formali
841 1722 978 1792 ratione
993 1722 1154 1793 absoluta
1173 1748 1236 1815 pro
1251 1748 1309 1796 no·

175 1836 217 1898 uo
236 1831 335 1900 modo
358 1829 602 1920 distinguendi
624 1829 859 1921 perfectiones
883 1835 1075 1920 spectetur,
1100 1832 1311 1927 proindeque

175 1936 246 2005 tiam
268 1937 333 2006 sub
356 1934 497 2005 formali
519 1936 654 2006 ratione
676 1935 929 2006 intellectionis
951 1943 988 2006 et
1009 1936 1191 2007 volitionis
1213 1940 1310 2009 abso·

176 2050 238 2114 riae
259 2067 404 2137 prorsus
426 2066 568 2114 numero
584 2066 655 2113 una
670 2049 725 2114 est
738 2044 923 2137 eademqne
946 2046 984 2114 in
1001 2045 1117 2116 tribus
1139 2048 1308 2138 personis.

176 2149 241 2220 'slis
262 2175 348 2244 ergo
369 2159 425 2224 est
446 2151 659 2243 operationis
681 2151 801 2220 unitas
823 2150 861 2220 iu
884 2152 1000 2221 tribus
1022 2154 1191 2243 personis.

203 2258 295 2329 Idem
306 2259 507 2330 declaratur
516 2280 558 2327 ex
566 2258 644 2349 ipsa
655 2259 791 2328 ratione
803 2280 969 2351 personae
980 2259 1312 2332 divinaePersonae

176 2365 263 2436 rDeo
274 2391 343 2437 non
359 2367 629 2456 distinguuntur
643 2366 715 2435 nisi
725 2365 956 2436 relationibus
969 2367 1129 2457 originis,
1141 2376 1312 2461 quatenus

176 2475 210 2543 nb
223 2476 363 2546 formali
374 2476 512 2546 ratione
527 2473 673 2545 relativi
685 2496 755 2544 una
770 2482 825 2545 est
840 2475 1054 2566 principium
1071 2499 1108 2546 se
1120 2477 1250 2547 habens
1266 2480 1310 2549 ad

176 2579 287 2650 lteram
310 2589 353 2652 nt
374 2580 626 2673 principiatum
642 2606 650 2650 ε
677 2582 783 2652 Pater
798 2605 820 2650 a
834 2582 928 2652 Filio
944 2582 1043 2651 nullo
1060 2583 1131 2652 alio
1147 2585 1246 2654 modo
1261 2585 1311 2654 di·

176 2687 339 2779 tinguitur
360 2688 432 2758 nisi
454 2687 529 2758 sola
551 2688 764 2781 paternitate
788 2699 825 2760 et
847 2689 1043 2776 filiatione,
1068 2691 1174 2760 Pater
1196 2698 1233 2761 et
1254 2692 1313 2761 Fi·

176 2816 215 2863 ns
233 2815 256 2864 a
277 2794 417 2887 Spiritu
439 2795 569 2866 Sancto
590 2817 659 2864 uon
682 2795 965 2887 distinguuntur,
991 2797 1062 2866 nisi
1086 2799 1177 2890 quod
1200 2798 1311 2889 spira·

176 2899 238 2972 ione
259 2926 296 2973 se
318 2902 450 2973 habent
472 2907 514 2972 ut
535 2902 748 2994 principium
771 2904 816 2974 ad
839 2904 1091 2995 procedentem,
1112 2909 1312 2996 paternitas

176 3008 255 3096 gitur
278 3014 382 3102 (quae
407 3010 512 3080 simul
534 3017 590 3081 est
605 3010 780 3097 ἂγεννησια,
797 3018 969 3105 quatenus
986 3011 1071 3083 haec
1084 3012 1313 3104 intelligetur

177 3120 192 3183 t
207 3117 340 3210 aliquid
363 3118 567 3208 positivum,
587 3142 648 3189 seu
665 3125 707 3188 ut
728 3118 822 3189 ratio
836 3119 1003 3211 principii
1019 3119 1093 3189 aine
1109 3120 1310 3212 principio),

176 3218 271 3290 liceto
280 3273 291 3307 ,
310 3227 480 3314 processio
504 3232 587 3294 sunt
601 3224 790 3294 relationes
808 3226 1050 3296 substantivae
1066 3226 1220 3316 singulis
1236 3250 1312 3319 per·

177 3328 237 3399 onis
256 3332 434 3421 propriae,
452 3334 601 3422 spiratio
624 3332 814 3402 communis
830 3332 930 3402 Patri
946 3355 987 3403 ac
1001 3334 1096 3403 Filio
1111 3340 1227 3425 potest
1242 3334 1314 3406 dici

177 3436 286 3527 roprir
303 3438 417 3507 solnm
439 3438 477 3507 in
501 3439 758 3530 comparatione
775 3439 942 3531 principii
958 3440 1129 3533 spirantia
1145 3465 1222 3511 cum
1235 3441 1313 3533 Spi-

177 3538 221 3612 itu
240 3544 369 3616 Sancto
392 3546 597 3637 procedente
612 3597 621 3633 ,
647 3547 705 3617 cui
719 3554 857 3618 nonest
872 3550 1074 3619 communis.
1089 3549 1233 3619 Praeter
1248 3547 1313 3616 has

177 3648 258 3736 gitur
277 3653 465 3724 relationes
487 3655 532 3724 ad
554 3654 663 3741 intra,
681 3661 718 3725 et
733 3655 765 3725 si
787 3677 875 3749 quaa
891 3656 940 3726 sit
956 3658 1172 3747 hypostatica
1187 3654 1313 3726 relatio

177 3753 330 3847 denua,
355 3761 494 3854 reliqua
516 3763 631 3832 omnia
649 3785 736 3855 quae
759 3763 801 3833 de
824 3764 896 3833 Deo
920 3763 1056 3854 concipi
1069 3769 1227 3854 possunt,
1253 3762 1313 3830 ab·

177 3860 259 3935 olna
280 3875 365 3938 sunt
387 3875 425 3938 et
446 3868 523 3939 ideo
539 3892 648 3939 unum
670 3870 916 3942 indistinctum
932 3871 970 3941 in
985 3871 1113 3956 tribus,
1133 3872 1225 3939 sicut
1240 3874 1315 3939 tres

177 3978 232 4041 unt
249 3997 339 4046 unus
361 3977 468 4046 Deus.
493 3977 569 4045 Iam
585 3999 668 4048 vero
683 3977 839 4069 operatio
853 3979 1015 4050 effectrix
1038 3979 1076 4047 in
1092 3979 1165 4048 Deo
1186 4000 1249 4047 nec
1261 3982 1316 4047 est

177 4080 321 4159 mantio
355 4104 419 4152 neo
451 4082 625 4152 nativitas
658 4106 722 4153 nec
756 4084 904 4176 spiratio
938 4108 1001 4154 nec
1031 4084 1226 4175 processio,
1252 4105 1315 4151 neo

177 4177 359 4272 muriatico
380 4189 507 4260 relatio
529 4190 575 4260 ad
597 4190 784 4261 terminum
814 4192 1060 4262 extrinsecum.
1084 4189 1181 4280 Ergo
1203 4188 1315 4258 omnis

177 4296 297 4377 mutio
319 4297 365 4367 ad
388 4304 490 4368 extra
512 4305 569 4369 est
590 4322 662 4369 nna
676 4299 885 4370 indistincta
899 4300 937 4369 in
951 4300 1067 4370 tribus
1083 4296 1251 4390 personis,
1269 4295 1315 4365 si·

177 4403 216 4466 ml
232 4424 296 4473 nna
318 4412 374 4476 est
395 4405 506 4476 trium
528 4407 665 4494 deitas,
692 4431 752 4480 sou
776 4408 869 4481 sicut
891 4431 983 4478 unus
1005 4413 1060 4478 est
1081 4406 1189 4477 Deus.
