3172 4950
554 362 592 378 ..
617 331 655 392 17
677 363 715 378 ..

59 436 176 506 tionem
201 438 267 504 aut
293 437 528 525 operationem
555 437 599 506 ad
625 442 751 522 extra,
785 437 843 508 val
873 437 1060 507 secundnm
1093 437 1222 528 duplex

62 543 269 612 adtributum
293 544 505 630 absolutum,
520 551 574 614 est
589 545 726 614 omnino
749 543 894 615 evidens
918 544 962 614 1⁰.
987 567 1031 614 ex
1054 544 1141 634 ipsis
1163 567 1222 612 no·

61 650 201 718 minibus
224 649 335 716 Pater
356 657 392 720 et
413 653 541 720 Filius.
557 652 676 744 Neque
693 653 784 720 enim
799 651 886 722 haec
901 652 1041 722 nomina
1056 650 1223 719 dicuntur

63 759 95 826 in
113 759 280 830 relatione
304 761 348 828 ad
372 760 523 851 aliquem
545 760 654 829 alium
669 759 855 829 terminum
871 761 931 832 scd
946 761 991 830 ad
1006 786 1041 834 se
1059 763 1221 850 invicem,

65 874 98 934 nt
117 867 217 936 Pater
242 868 292 936 sit
313 868 424 959 ipsius
447 868 559 954 Filii,
585 874 621 937 et
642 868 759 937 Filius
782 869 830 938 sit
852 868 965 961 ipsius
989 871 1118 941 Patris.
1135 872 1224 941 Tum

68 996 136 1042 vcro
157 975 353 1043 necessario
376 974 595 1066 intelligitur
617 976 722 1044 Pater
745 998 892 1067 persona
914 976 987 1045 alia
1014 1001 1116 1070 quam
1140 1000 1225 1048 suus

68 1080 188 1166 Filius,
213 1087 250 1150 et
273 1083 441 1153 vicissim.
469 1083 514 1151 2⁰.
542 1083 731 1175 Supposita
760 1084 937 1152 nominum
967 1085 1225 1173 significatione

68 1188 320 1278 exprimentium
343 1189 512 1278 originem
535 1190 641 1259 unius
664 1192 707 1258 ab
723 1190 846 1276 altero,
865 1196 919 1260 est
933 1192 1077 1262 evidens
1092 1193 1158 1262 illa
1172 1216 1226 1264 re·

67 1297 138 1365 latio
161 1298 310 1366 duorum
332 1299 377 1369 ad
399 1299 550 1368 invicem
572 1320 615 1367 ex
638 1297 716 1389 ipsa
743 1300 1045 1370 connumeratione
1075 1324 1152 1370 cnm
1174 1302 1226 1370 in·

67 1406 220 1496 tarposito
239 1407 390 1476 articulo
406 1429 457 1471 του
474 1429 583 1499 πατρος
600 1430 651 1469 και
668 1429 719 1471 του
735 1406 808 1474 droa.
820 1408 870 1494 (i)
884 1406 1043 1476 Ceterum
1057 1407 1110 1477 3¹⁰.
1125 1406 1226 1477 omis·

67 1513 105 1583 sis
125 1513 182 1582 his
198 1514 544 1585 considerationibus
558 1521 678 1586 textus
699 1516 903 1601 immediati,
918 1517 956 1584 in
967 1517 1134 1586 universa
1149 1516 1226 1585 doc·

64 1623 147 1692 trina
170 1622 308 1692 Christi
330 1629 368 1693 et
390 1625 637 1714 Apostolorum
659 1626 701 1694 de
723 1624 790 1693 hac
813 1625 902 1693 reali
924 1625 1160 1710 distinctione,
1187 1630 1229 1694 nt

64 1729 146 1798 alins
166 1731 216 1801 sit
238 1731 344 1799 Pater
365 1731 454 1800 Filii
469 1738 506 1802 et
521 1732 614 1801 alius
636 1732 752 1801 Filius
775 1731 905 1818 Patris,
924 1737 1028 1824 atque
1044 1731 1121 1801 ideo
1138 1731 1227 1801 duaa

63 1838 127 1907 sint
160 1838 351 1908 distinctae
385 1839 617 1931 hypostases,
654 1841 791 1909 nullum
825 1845 941 1933 potest
974 1862 1049 1909 esse
1084 1839 1228 1909 dubium

62 1946 120 2032 (th.
132 1946 184 2014 Π.
198 1970 235 2014 n.
250 1946 311 2032 L).
326 1948 378 2016 At
401 1969 483 2016 vero
505 1949 537 2017 si
559 1952 707 2033 constat,
726 1946 1063 2018 connumerationem
1086 1969 1160 2017 csse
1177 1945 1228 2015 di·

60 2054 264 2123 stinctarum
287 2052 522 2144 hypostaseon
545 2055 666 2125 Patris
688 2062 724 2125 ct
746 2055 851 2140 Filii,
877 2055 983 2123 etiam
1005 2054 1135 2124 tertius
1158 2060 1228 2123 ter·

59 2161 179 2247 minus,
194 2162 241 2232 ad
257 2183 358 2253 quem
373 2163 437 2231 sub
452 2163 571 2232 eadem
587 2163 725 2231 omnino
741 2164 853 2233 forma
869 2163 1127 2232 connumeratio
1150 2185 1228 2254 pro-

58 2270 235 2359 greditur,
261 2291 330 2336 non
352 2275 467 2359 potest
488 2269 587 2339 aliud
610 2269 811 2358 significare
836 2292 938 2362 quam
968 2268 1090 2338 itidem
1117 2271 1227 2359 hypo·

58 2377 165 2448 stanin
189 2377 394 2448 distinctam
418 2398 440 2445 a
462 2377 576 2467 prima
599 2383 636 2446 et
651 2376 813 2446 secunda:
833 2398 884 2440 του
900 2398 1010 2468 πατρος
1026 2399 1077 2440 και
1095 2398 1147 2439 του
1165 2376 1227 2440 irco

58 2509 102 2548 και
119 2508 171 2549 του
189 2485 277 2573 ἀγωυ
295 2507 470 2571 πνευματος.
496 2486 548 2555 De
571 2508 640 2577 qua
656 2485 813 2577 Spiritus
833 2484 954 2554 Sancti
977 2483 1153 2576 personali
1177 2484 1228 2554 di·

58 2593 243 2663 stinctione
266 2614 327 2660 seu
349 2614 410 2682 per
432 2615 469 2662 se
492 2593 720 2662 subsistentia
743 2595 885 2683 insuper
909 2594 996 2662 satis
1013 2597 1152 2662 constat
1173 2612 1229 2661 ar·

57 2701 232 2790 gumentis
254 2698 421 2769 indicatis
442 2701 481 2768 in
503 2701 675 2791 superiori
697 2701 790 2770 thesi
813 2702 864 2771 Π.
885 2725 921 2769 n.
951 2701 1019 2788 II.,
1045 2723 1133 2793 quae
1156 2700 1229 2770 fere

57 2810 170 2878 eadem
194 2813 301 2893 sunt,
327 2829 368 2886 ac
392 2810 517 2902 quibus
538 2809 726 2878 innotescit
747 2809 928 2879 distinctio
944 2809 1092 2878 duarum
1115 2808 1229 2900 hypo-

56 2923 191 2986 staseon
215 2916 334 2986 Patris
357 2938 397 2987 ac
419 2917 517 2987 Filii.
536 2916 838 2987 connumerantur
855 2940 938 3008 ergo
960 2917 999 2986 in
1021 2918 1087 2986 hac
1110 2917 1229 2987 initia-

57 3024 161 3093 tionis
184 3024 298 3092 forrna
320 3029 356 3093 et
378 3024 460 3093 fidei
483 3023 697 3094 christianae
720 3025 935 3115 professione
965 3026 1008 3093 ab
1032 3025 1106 3115 ipso
1130 3024 1230 3094 Chri·

58 3132 108 3196 sto
130 3126 279 3197 Domino
302 3127 469 3197 instituta
491 3133 565 3196 tres
589 3127 749 3197 distincti
774 3151 834 3197 scu
857 3133 930 3198 tras
945 3128 1153 3219 hypostases
1164 3128 1229 3196 Pa·

58 3241 109 3303 ter
130 3239 168 3304 et
187 3233 306 3303 Filius
328 3239 364 3302 et
387 3233 544 3325 Spiritus
568 3234 733 3304 Sanctus.

120 3342 291 3410 Remanet
312 3341 557 3434 inquirendum
582 3342 618 3412 id
641 3342 732 3435 quod
755 3341 1075 3434 est-praecipuum,
1101 3343 1139 3410 in
1162 3364 1230 3435 qua

58 3449 191 3519 unitate
213 3454 287 3520 tres
309 3457 575 3520 connumeratae
598 3451 807 3541 hypostases
823 3451 1066 3520 exhibeantur.
1080 3451 1150 3520 Hic
1167 3451 1229 3519 im·

124 3727 167 3804 (1)
185 3731 241 3786 Ubi
260 3730 347 3785 unius
365 3744 503 3799 personae
525 3727 690 3797 praedlcsta
713 3727 883 3795 lunantur,
904 3727 1045 3782 articulus
1071 3743 1128 3782 non
1153 3744 1231 3799 repc-

59 3824 131 3878 titur
148 3839 173 3876 e.
186 3838 213 3888 g:
231 3823 443 3889 «expectantes
462 3819 572 3873 beatam
592 3833 670 3886 sporn
693 3819 723 3871 et
747 3815 903 3871 adventurn
930 3817 1039 3884 gloriae
1062 3819 1160 3886 magni
1178 3821 1231 3875 Dei

57 3919 85 3969 ct
102 3913 265 3968 salvatoris
283 3912 379 3964 nostri
397 3911 462 3964 Iesu
481 3907 616 3963 christi„
634 3906 851 3979 trecassensem
871 3910 948 3974 tofa<
967 3928 1012 3962 του
1025 3916 1147 3980 psychen
1166 3908 1229 3966 Secu

58 4025 100 4059 και
119 4023 234 4074 carneo<
247 4002 319 4074 ἤμων
328 3997 418 4057 ’lusco
431 4003 551 4070 Χριστου,
564 3998 622 4053 uit.
634 4000 671 4053 11.
685 3999 730 4052 13.
753 3997 833 4074 (Vid.
849 3998 883 4052 do
892 3999 1006 4054 Inoarn.
1018 3998 1125 4069 th.‚v1.
1138 4016 1167 4053 n.
1182 3995 1229 4073 2),

61 4093 256 4149 chonomotus
275 4092 351 4146 Deus
375 4090 507 4144 strator
525 4087 611 4144 urs.
631 4088 654 4141 Ι.
671 4087 782 4143 Ghriati
803 4089 890 4143 Pater
917 4086 1178 4144 misericordiarum
1201 4091 1232 4144 st

57 4186 131 4239 Dans
150 4185 240 4238 nuos
259 4181 466 4238 consolationis
485 4167 632 4252 ioloynroc
649 4176 895 4249 discernerere?
913 4199 958 4233 του
979 4199 1067 4248 acesco
1080 4178 1151 4250 ἡμων
1167 4181 1187 4232 1.
1196 4183 1229 4233 Χ.

58 4275 168 4346 o'aarap
182 4296 229 4328 rar
242 4273 379 4345 ὄικτιρμων
392 4293 435 4326 και
450 4269 510 4333 seor
523 4289 614 4331 πασης
629 4271 855 4342 παρακλησεως2.
867 4269 965 4324 001.Ι.
977 4269 1004 4323 3.
1017 4268 1054 4323 oi.
1069 4268 1143 4338 spi.
1154 4269 1207 4322 Lo
1222 4287 1228 4336 ς

58 4364 250 4431 suu‚1v.ao;
265 4362 456 4432 dolos.11.2;
470 4361 525 4417 ΠΙ.
540 4364 584 4429 173
607 4361 632 4414 1.
646 4360 747 4414 Thess.
766 4360 822 4414 111.
836 4359 883 4429 11,
904 4360 950 4429 13,
967 4360 994 4413 a.
1006 4358 1106 4414 'thess
1121 4357 1161 4411 11.
1174 4353 1226 4422 rc;

60 4453 84 4505 1.
94 4453 165 4507 sin.
175 4454 201 4508 1.
214 4454 249 4508 17
261 4457 318 4508 etc.

1020 4555 1036 4605 ὀ
