3180 4944
844 343 882 360 ..
903 311 965 376 002
986 344 1024 361 ..

792 490 975 572 SESTIO
1003 491 1070 571 ΠΙ.

361 656 413 717 DE
427 653 704 718 PROOESSIONE
718 651 907 715 SPIRITUS
921 651 1069 715 SANGTI
1082 653 1139 716 EX
1152 654 1293 718 PATRE
1307 657 1363 718 ΕΤ
1378 657 1500 721 FILIO.

343 849 408 921 Vn.
433 850 587 920 XXXII.
644 849 821 919 Proeessio
851 847 1009 940 Spiritus
1032 847 1154 920 Senoti
1182 851 1289 920 etism
1318 873 1342 920 s

692 955 786 1026 Filio
829 957 1088 1026 demonstratur
1128 979 1171 1027 ex
1210 956 1342 1027 dmerca

693 1061 855 1132 doctrino
878 1061 1156 1153 Scripturnrnm.
1208 1116 1216 1133 .
1268 1117 1275 1134 .
1337 1092 1427 1158 pap.
1452 1070 1514 1137 439

309 1250 313 1257 ‚
343 1171 408 1242 Vn.
433 1170 606 1240 XXXHI.
643 1168 811 1238 Eiusdem
834 1166 997 1237 veritatis
1024 1168 1274 1240 demonstratio
1296 1195 1340 1242 ex

690 1275 882 1346 intrinseeo
896 1297 1121 1366 personarum
1137 1277 1259 1347 ordine
1275 1279 1342 1348 ori·

691 1383 788 1474 ginis
817 1389 855 1453 et
883 1406 927 1453 ex
953 1383 1116 1454 missione
1138 1384 1296 1477 Spiritus
1318 1408 1341 1455 s

689 1490 784 1560 Filio
791 1541 1337 1563 ..........

343 1601 408 1671 Tr
434 1600 602 1671 XXXIV.
645 1597 846 1691 Expliootio
888 1598 1063 1690 dogmatis
1100 1599 1336 1688 affirmantis,

691 1707 785 1800 quod
808 1706 965 1797 Spiritus
987 1729 1009 1775 o
1031 1709 1137 1778 Patre
1159 1710 1403 1799 procedit.»

343 1814 408 1885 Tn.
433 1816 582 1886 XXXV.
645 1814 905 1884 Demonstratio
933 1814 1162 1904 prooessionis
1189 1816 1340 1886 oPstre

689 1920 851 2013 Filioque
873 1943 916 1991 ex
938 1919 1073 1990 diserte
1095 1921 1256 1992 doetrins
1272 1923 1339 1992 Ps-

685 2035 781 2099 trum
845 2077 1333 2100 .........

342 2135 407 2208 Tu.
433 2136 601 2207 XXXVI.
643 2136 694 2206 De
716 2158 820 2206 sensu
850 2127 1022 2206 ostholioi
1052 2135 1242 2223 formulae,
1268 2159 1339 2230 qus

688 2243 821 2314 dicitur
837 2245 992 2334 Spiritus
1003 2243 1148 2312 Sanetus
1157 2235 1339 2333 presedere

692 2376 714 2419 o
737 2352 846 2420 Patre
862 2375 927 2441 per
950 2352 1154 2421 Filium..
1205 2403 1213 2421 .
1257 2404 1273 2421 ·.

340 2457 405 2528 Vn.
430 2457 617 2529 XXXVII.
642 2459 694 2529 De
712 2459 967 2550 comparatione
981 2457 1164 2528 relationis
1179 2406 1338 2550 Spiritui

690 2566 812 2636 Sonoti
841 2566 887 2636 ad
908 2565 1041 2636 Filium
1064 2587 1141 2636 eum
1163 2566 1337 2638 relatione

689 2672 776 2744 Filii
798 2673 844 2742 sd
865 2674 1005 2746 Patrem
1025 2725 1333 2745 ......
1384 2706 1401 2740 n

340 2778 405 2850 Tr.
420 2779 625 2850 XXXVHI.
639 2782 692 2851 De
714 2803 818 2850 sensn
841 2802 882 2850 ue
904 2781 1022 2866 modo,
1056 2804 1123 2872 quo
1145 2781 1184 2850 in
1206 2785 1337 2874 opposi-

689 2887 784 2956 tione
812 2888 981 2957 adversus
1004 2888 1336 2959 Pneumstomsehos

687 2993 852 3085 explicite
885 2995 1063 3064 declarata
1092 3001 1146 3064 est
1176 2995 1336 3087 Spiritus

687 3098 809 3169 Soneti
831 3099 1005 3191 processio
1028 3122 1050 3168 s
1072 3101 1213 3170 Putre.
1264 3153 1272 3170 .
1325 3154 1332 3171 .
1384 3132 1401 3165 s

339 3204 404 3274 Tr.
430 3206 599 3275 XXXIX.
638 3208 690 3277 De
725 3209 895 3298 oppositis
929 3209 1149 3299 argumentis
1183 3207 1334 3279 Photis—

1388 1523 1404 1557 s
1451 1497 1513 1564 448

1450 1714 1512 1781 466

1384 2034 1512 2102 »466

1325 2358 1511 2424 ,η486

684 3337 808 3384 norum
848 3367 1332 3388 .........
1384 3347 1400 3381 n
1449 3322 1464 3339 ⁸

338 3420 402 3491 'In
428 3421 504 3491 XL.
638 3424 690 3492 De
702 3423 928 3494 distinetione
939 3423 1028 3493 Filii
1039 3431 1075 3494 et
1087 3423 1242 3516 Spiritus
1251 3425 1333 3496 San·

686 3533 735 3601 oti
751 3554 812 3622 per
824 3531 932 3599 solam
947 3532 1150 3603 relationem
1168 3534 1329 3625 originis.
1382 3564 1398 3597 n

337 3634 402 3706 Vs.
428 3636 524 3706 XLI.
640 3639 692 3708 De
721 3638 933 3728 professione
967 3641 1197 3729 processionis
1226 3642 1333 3711 etism

684 3744 1225 3837 sxFilioinsertsinsymbolnm
1237 3749 1331 3819 fidoi.
1383 3777 1399 3811 n
1448 3751 1463 3771 ⁸

846 4047 1005 4059 *n—
