3172 4950
699 367 738 381 ..
761 332 820 397 105
842 366 881 381 -

206 449 237 512 et
256 441 362 511 animi
379 440 492 511 creati
509 441 572 528 (1).
605 441 638 526 b)
661 440 883 510 Describitur
896 438 1079 529 Sapientia
1096 437 1249 509 creatrix
1266 442 1302 508 et
1318 460 1373 507 ae·

205 557 305 632 terna,
320 570 412 641 quae
425 555 480 618 est
495 548 590 617 Deus
605 547 679 639 ipse
695 549 758 616 sub
770 547 911 617 formali
922 547 1058 616 ratione
1075 547 1276 637 Sapientiae
1292 546 1373 615 sub·

207 655 379 726 renuatis
410 661 447 725 et
470 655 662 724 absolutae.
688 654 819 723 Verum
843 658 873 741 c)
909 662 950 723 ut
978 677 1046 722 non
1078 653 1190 743 possit
1217 652 1374 741 intelligi

208 763 409 832 solummodo
433 761 615 852 Sapientia
645 762 709 830 sub
731 761 866 830 ratione
897 759 1064 830 attributi
1096 759 1269 845 absoluti,
1295 783 1371 850 per·

210 871 322 941 suadet
344 869 528 939 distinctio
550 867 744 959 personalis
768 869 804 936 iu
831 868 889 937 his
911 868 999 959 ipsis
1022 866 1109 937 locis
1139 869 1278 958 saepius
1307 891 1374 936 es-

209 1002 327 1072 pressa.
354 978 525 1062 Quamvis
547 978 639 1047 enim
660 978 812 1047 nondum
837 976 1018 1068 supposita
1040 977 1137 1046 clara
1158 975 1374 1046 revelatione

211 1090 281 1158 novi
303 1088 522 1158 Testamenti
546 1088 637 1156 forte
658 1087 696 1154 in
719 1085 759 1155 ll.
778 1110 827 1156 co.
847 1108 915 1154 non
939 1086 1026 1154 satis
1057 1091 1233 1154 constaret
1257 1085 1299 1154 de
1322 1085 1373 1153 di·

213 1198 386 1268 eductione
409 1197 505 1265 inter
527 1217 708 1287 personam
731 1194 807 1263 eius
831 1195 931 1263 cuius
954 1193 1087 1263 dicitur
1111 1194 1311 1284 Sapientia,
1338 1199 1375 1262 et

212 1327 379 1396 prensam
403 1326 491 1398 quae
515 1303 593 1394 ipsa
615 1302 814 1393 appellatur
836 1301 1037 1392 Sapientia;
1071 1301 1136 1370 boc
1159 1308 1275 1370 tamen
1299 1325 1373 1391 my-

214 1415 305 1482 sterio
327 1414 399 1481 iam
422 1411 575 1502 cognito,
601 1411 691 1504 qnod
709 1410 861 1479 Verbum
884 1416 921 1478 et
944 1409 1127 1499 Sapientia
1150 1408 1375 1499 hypostatica

213 1528 375 1613 umquam
399 1541 548 1612 persona
577 1518 747 1588 distincta
779 1518 1005 1608 progreditur
1027 1540 1049 1584 a
1072 1518 1196 1602 Patre,
1230 1517 1371 1586 eandem

214 1629 386 1697 veritatem
408 1628 514 1697 etiam
540 1625 615 1695 illio
638 1625 818 1695 enuntiari
842 1649 938 1694 namo
969 1625 1186 1711 diffiteatur,
1213 1624 1274 1717 qui
1296 1648 1375 1716 per·

215 1735 372 1825 penderit,
391 1758 461 1804 non
483 1733 638 1803 homines
661 1734 721 1803 sed
745 1732 918 1823 Spiritum
942 1732 1110 1803 Sanctum
1129 1763 1145 1798 ι
1163 1733 1224 1826 qui
1240 1739 1374 1803 scruta·

216 1850 265 1911 tur
285 1843 459 1934 profunda
482 1842 547 1910 Dei
565 1869 596 1926 s,
622 1863 695 1910 esse
718 1846 894 1910 auctorem
917 1841 1109 1932 principem
1136 1842 1306 1911 librorum
1322 1862 1376 1910 sa·

218 1973 351 2019 crorum.
373 1951 481 2019 Hisce
505 1948 722 2039 praenotatis
745 1948 972 2038 inspiciamus
999 1949 1249 2040 descriptiones
1275 1950 1372 2041 ipsas

218 2057 309 2127 huius
332 2058 534 2148 Sapientiae
557 2056 750 2141 creatricis,
777 2056 1034 2146 omnipotentis,
1060 2058 1259 2144 omnisciae,
1285 2081 1373 2151 qnae

221 2189 289 2256 ergo
311 2167 384 2235 sine
407 2166 512 2235 dnbio
535 2165 630 2235 Deus
653 2172 719 2249 est,
739 2171 779 2234 ut
794 2164 1047 2254 intelligamus,
1073 2173 1245 2259 quatenus
1259 2190 1375 2258 perso·

222 2293 328 2340 narum
350 2271 532 2341 distinctio
555 2271 743 2341 indicetur.

270 2380 297 2446 1·
311 2380 352 2468 In
364 2380 455 2448 libro
468 2379 734 2449 Proverbiorum
747 2377 928 2470 Sapientia
940 2379 994 2448 ita
1008 2380 1177 2473 loquiturr
1191 2381 1378 2452 «Dominus

225 2489 358 2577 possedit
373 2511 426 2558 me
438 2489 476 2556 in
489 2486 592 2557 initio
604 2487 743 2558 viarum
756 2510 909 2573 suarum,
924 2493 1108 2581 antequam
1122 2489 1309 2583 quidquam
1325 2491 1376 2559 fa-

225 2603 311 2681 ceret,
324 2619 344 2664 a
355 2594 541 2686 principio.
559 2594 616 2661 Ab
628 2595 942 2664 aeternoordinata
958 2619 1034 2664 sum
1050 2596 1162 2684 (hebr.
1178 2605 1286 2668 uncta
1299 2621 1376 2666 sum

224 2701 245 2769 i.
258 2727 283 2773 e.
300 2709 498 2774 consecrata
521 2702 681 2772 velutad
698 2702 880 2792 imperium
904 2705 950 2772 cf.
970 2704 1027 2772 Ps.
1043 2703 1092 2772 H.
1108 2705 1143 2790 6)
1160 2711 1196 2773 et
1219 2729 1260 2774 ex
1284 2705 1375 2774 anti-

226 2809 305 2900 quis,
329 2816 514 2902 antequam
536 2815 633 2877 terra
655 2808 785 2877 fieret»
811 2809 1029 2879 Prov.VIII.
1046 2810 1169 2880 2223.
1187 2811 1377 2881 Manifesta

224 2923 265 2986 est
277 2918 463 2988 aeternitas
476 2923 512 2986 et
523 2914 694 2986 divinitas
712 2915 925 3006 Sapientiae,
940 2915 1169 2987 nihilominus
1193 2918 1262 2987 iam
1285 2919 1376 2987 indi·

225 3032 306 3097 catur
317 3025 499 3097 distinctio
511 3025 617 3108 abeo,
632 3047 693 3117 qur
683 3022 837 3093 'dicitur
852 3025 1033 3095 Dominus:
1055 3028 1252 3097 uDominus
1263 3051 1378 3120 posse·
1405 3078 1408 3083 -

223 3132 265 3204 dit
283 3160 332 3206 me
351 3165 368 3200 n
387 3148 438 3212 ti:
422 3149 542 3242 Ρ
498 3136 602 3240 nin}-
630 3131 759 3201 Eodem
775 3132 880 3202 verbo
900 3134 1001 3203 Heva
1016 3136 1154 3227 quando
1170 3137 1305 3228 peperit
1319 3137 1377 3206 Fi·

221 3239 290 3311 lium
305 3214 595 3337 primogenitdm,
617 3239 719 3311 dixit:
744 3269 759 3304 ι
779 3242 915 3332 possedi
932 3244 1169 3333 (generatione
1187 3245 1375 3338 acquisivi,

218 3356 368 3423 etmeum
384 3354 492 3424 habeo
515 3353 643 3435 filium)
660 3347 832 3419 hominem
855 3373 917 3442 per
939 3350 1080 3420 Deum»
1101 3352 1187 3423 Gen.
1206 3355 1270 3424 IV.
1286 3355 1318 3423 1.
1339 3354 1378 3424 Si

217 3456 310 3529 dubia
336 3482 412 3530 esse
438 3468 554 3553 posset
580 3455 805 3551 significatio,
836 3457 1036 3528 declaratur
1067 3461 1376 3554 subsequentibus:

217 3567 389 3636 «nondum
398 3573 499 3636 erant
508 3568 629 3658 abyssi
645 3566 795 3671 (nihilq
813 3565 904 3635 idem
919 3588 1041 3635 nomen
1051 3565 1137 3638 Gen.
1155 3569 1185 3638 I.
1202 3569 1250 3657 2),
1265 3576 1301 3639 et
1314 3590 1378 3659 ego

212 3671 271 3742 iem
298 3679 466 3764 concepta
491 3696 627 3744 eram...
645 3682 727 3747 ante
755 3674 860 3748 colles
883 3695 946 3763 ego
975 3676 1239 3765 parturiebar».
1255 3676 1299 3745 In
1319 3673 1377 3745 he·

212 3780 320 3851 braiao
337 3780 523 3874 utrobique
540 3783 684 3852 verbum
707 3791 762 3854 est
784 3785 874 3855 idem
898 3769 1030 3887 'abbia
1052 3786 1249 3876 exprimens
1272 3785 1309 3854 in
1332 3784 1377 3853 si·

208 3890 431 3980 gnifications
448 3911 512 3958 sna
528 3890 671 3981 propria
683 3893 953 3983 generationem.
963 3895 1016 3963 Ne
1028 3894 1136 3964 verba
1145 3891 1299 3983 possedit
1315 3915 1378 3974 me,

207 4014 362 4091 accepta
380 4023 484 4081 mam,
501 4001 728 4088 parturiebar
751 4000 941 4071 videantur
963 4000 1120 4090 intelligi
1144 4023 1244 4091 posse
1268 4001 1378 4069 solum

270 4180 314 4258 (1)
334 4184 486 4238 asalomon
505 4187 573 4236 ante
591 4185 698 4238 coelum
716 4188 745 4238 et
759 4188 898 4239 terram...
910 4184 1086 4255 Sapientiam
1100 4183 1289 4252 omnipotenti
1303 4185 1380 4250 geni·

205 4277 258 4326 tam
277 4289 342 4327 esso
361 4272 452 4338 dicit,
480 4273 561 4326 cuius
581 4272 733 4327 secundum
753 4275 890 4327 virtutem
910 4275 956 4327 aio
976 4290 1032 4327 uon
1052 4272 1206 4328 secuudum
1226 4272 1381 4327 essentiam

205 4364 391 4434 participatio
409 4363 495 4417 efficit
512 4363 654 4417 homlnem
673 4363 809 4418 scientem
829 4380 890 4419 esse
903 4379 997 4420 rerum
1017 4363 1180 4419 divinarum
1199 4368 1230 4418 ct
1247 4363 1382 4417 humana·

207 4468 266 4509 run
276 4477 290 4505 s
303 4455 393 4510 (ilem.
403 4453 488 4508 Alex.
499 4453 603 4510 Strom.
612 4454 662 4508 VI.
672 4468 701 4522 p.
714 4453 777 4509 683.
