3172 4950
642 379 680 394 ..
701 348 762 409 389
782 379 820 394 .-

179 455 203 523 b.
218 454 272 522 17.
286 458 369 541 etc.;
387 454 522 543 ignitae
547 453 691 544 linguae
714 454 874 523 sedentes
901 473 1005 542 super
1023 450 1212 541 Apostolos
1238 472 1316 521 oon-

179 568 295 631 eeratos
319 562 402 630 Act.
416 560 468 629 H.
484 561 517 629 3.
534 561 568 631 4.
589 561 652 648 (1).

210 670 303 740 Haec
326 677 420 740 certe
437 670 552 738 omnia
575 670 628 738 ita
651 672 850 759 comparata
866 672 959 752 sunt,
980 673 1021 760 ut
1036 666 1195 758 Spiritus
1212 665 1316 735 Sene·

179 802 207 847 re
225 776 509 847 manifestissime
541 775 749 845 exhibeatur
781 775 970 845 secundum
1001 798 1101 843 suum
1136 773 1317 864 proprium

179 886 381 955 laracterem
399 891 441 954 ut
457 908 563 968 amor,
581 884 673 977 quod
688 907 757 953 non
772 890 887 975 potest
902 881 1059 971 intelligi
1075 882 1116 951 de
1132 904 1248 951 amore
1269 907 1315 950 es-

179 996 288 1061 mtiuli
299 1016 361 1064 seu
374 993 543 1077 absoluta·
556 994 607 1062 sio
618 992 710 1062 enim
722 1015 818 1061 amor
834 998 889 1061 eet
905 991 1094 1061 communis
1110 991 1227 1060 tribue
1244 1014 1318 1083 per·

179 1101 240 1169 onis
250 1107 291 1169 ut
304 1100 467 1170 absoluta
478 1101 642 1170 essentia:
660 1101 784 1169 «Daue
797 1100 954 1169 charitas
966 1106 1019 1168 est
1033 1128 1049 1163 n
1065 1098 1251 1186 (1.10.1V.
1266 1100 1315 1185 8);

179 1208 324 1279 adumor
346 1215 388 1278 ut
410 1209 593 1279 character
612 1208 776 1301 proprius
793 1208 856 1278 uni
874 1230 1039 1298 personae
1054 1207 1249 1277 necessario
1265 1213 1320 1278 est

179 1316 271 1387 elatio
301 1319 475 1409 originis,
512 1324 617 1410 atque
651 1318 736 1387 adeo
769 1316 990 1405 intelligitur
1020 1316 1208 1386 secundum
1240 1338 1316 1385 mo

179 1424 230 1495 ion
249 1428 481 1516 processionis
503 1450 564 1516 per
588 1431 704 1496 actum
720 1424 930 1511 dilectionis,
949 1423 1049 1493 cuius
1073 1422 1246 1492 terminus
1261 1423 1314 1490 in·

179 1534 320 1605 rinseem
349 1542 405 1605 est
435 1558 531 1605 amor
553 1535 755 1625 productus.
782 1536 856 1604 Hoc
879 1534 984 1602 etiam
1012 1532 1178 1624 exprimit
1204 1532 1319 1621 ipsum

179 1662 267 1710 omen
288 1642 484 1712 revelatum
518 1645 674 1734 Spiritus
707 1642 886 1733 proprium
909 1642 1036 1710 tertiae
1063 1661 1228 1731 personae
1252 1638 1316 1726 (2).

178 1742 242 1827 luia
262 1755 315 1818 est
337 1772 459 1819 nomen
481 1735 757 1840 hypostaticam}
777 1749 972 1821 necessario
987 1754 1042 1816 est
1063 1747 1260 1830 relativum,
1279 1752 1320 1815 ut

178 1854 299 1945 lpiritus
326 1852 474 1945 (πνευμα)
502 1881 605 1927 sensu
620 1857 847 1948 grammatice
862 1857 1004 1947 passivo
1021 1856 1071 1926 sit
1085 1854 1176 1926 idem
1193 1879 1234 1925 ac
1250 1857 1319 1946 epi-

178 1967 281 2031 utione
298 1964 501 2055 productae·
530 1964 679 2055 spiratio
695 1971 811 2035 autem
828 1965 873 2033 ed
891 1966 987 2034 intra
1003 1987 1080 2034 cum
1095 1964 1320 2034 distinctione

178 2070 325 2159 birtuali)
340 2074 384 2142 ab
400 2072 637 2143 intellectione
653 2072 864 2161 producente
876 2071 1031 2141 Verbum
1043 2072 1081 2140 in
1092 2079 1223 2141 natura
1234 2094 1320 2163 pure

178 2178 300 2269 peiuri
323 2181 409 2272 quid
432 2186 486 2249 est
507 2178 578 2249 nisi
602 2180 745 2250 dileetio
769 2181 963 2271 producens
979 2203 1130 2250 amorem
1146 2188 1186 2251 ut
1201 2181 1320 2251 terrm·

178 2308 233 2355 rum
252 2288 505 2357 intrinsecum?
527 2287 644 2377 Magis
667 2288 782 2358 adhuc
810 2288 1064 2359 determinatur
1094 2289 1179 2358 haec
1210 2289 1319 2378 signi-

178 2392 265 2465 icatio
293 2420 354 2488 per
385 2402 548 2465 constans
579 2396 758 2487 epitheton
785 2397 976 2487 «Spiritus
1009 2398 1153 2465 Sanctus
1170 2424 1201 2465 r.
1229 2395 1321 2478 Quia

178 2524 268 2573 romeu
289 2513 344 2575 est
365 2504 567 2591 relativum,
593 2511 635 2573 ut
657 2504 822 2589 diximus,
848 2527 917 2574 non
934 2507 1104 2575 sanctitas
1119 2502 1321 2574 essentialis

209 2648 245 2725 (1)
263 2654 330 2709 «Ad
348 2656 448 2710 horam
467 2656 572 2723 quippe
593 2660 791 2722 apparuerunt
808 2657 872 2723 illa,
888 2671 960 2723 quae
979 2656 1120 2721 Spiritum
1134 2654 1270 2710 Sanctum
1282 2656 1321 2709 si·

178 2744 304 2805 nitendo
322 2750 517 2801 monstrarent
536 2747 697 2800 visibiliter
716 2748 906 2815 invisibilem,
917 2749 1047 2802 columba
1066 2750 1183 2816 propter
1203 2762 1322 2800 amorem

178 2843 291 2902 mum,
311 2838 390 2902 ignis
419 2840 514 2890 auum
540 2841 658 2905 proptor
676 2838 825 2890 charitatis
844 2840 937 2890 lumen
960 2846 1043 2905 utque
1058 2839 1201 2905 servorem
1221 2838 1319 2905 ιΔιις.

178 2930 242 2979 mu.
252 2928 399 2982 Haximin.
413 2929 434 2979 l.
447 2928 471 2979 Ι.
483 2944 507 2980 o.
519 2927 562 2979 19.
577 2948 589 2975 s

213 3018 388 3071 «lusufflavit
406 3018 449 3069 eis
468 3020 498 3069 et
517 3016 612 3069 dixit:
635 3019 756 3084 accipito
775 3018 915 3086 Spiritum
934 3020 1077 3074 Sanctum.
1103 3019 1238 3074 Osculum
1258 3034 1320 3087 pro·

177 3100 229 3159 letto
242 3108 306 3163 luit.
327 3106 426 3173 Quid?
448 3123 598 3175 corporeus
618 3108 670 3162 ille
689 3108 793 3162 flatus?
816 3111 898 3177 Non,
920 3110 970 3163 scd
988 3110 1319 3178 invisibilis-Spiritus,

177 3195 210 3258 ori
223 3206 367 3268 propterea
384 3200 417 3253 iu
440 3200 494 3252 illo
515 3198 655 3253 dominico
674 3200 744 3253 flatu
764 3199 850 3253 datus
869 3204 923 3267 ast,
952 3205 985 3254 ut
1004 3216 1054 3268 per
1073 3202 1125 3256 hoc
1144 3202 1321 3268 intelilgere-

177 3282 209 3337 lsr
223 3292 247 3341 et
264 3290 300 3342 sb
318 3290 383 3357 ipso
402 3290 513 3355 pariter
531 3294 676 3357 tamquam
696 3306 713 3343 s
731 3291 817 3344 Patro
837 3290 990 3357 proaedere
1009 3294 1153 3359 tamquam
1168 3307 1234 3346 vere
1249 3308 1323 3345 orca·

177 3372 228 3443 lon,
245 3382 320 3447 quod
346 3382 487 3433 osculanti
514 3383 694 3448 osculatoque
719 3396 860 3433 commum
888 3391 936 3434 est.
966 3383 1070 3449 Nempe
1096 3384 1121 3436 sl
1141 3386 1217 3437 reete
1235 3385 1322 3437 Pater

177 3470 289 3537 munus,
310 3471 406 3524 ailina
427 3473 573 3525 osculatus
596 3470 751 3537 accipitur,
773 3486 829 3524 non
848 3470 907 3523 erit
925 3472 976 3525 abs
997 3487 1027 3524 re
1047 3475 1169 3525 erectum
1187 3473 1322 3536 Spiritum

177 3551 281 3613 &ndum
305 3562 434 3627 intetiipi
443 3601 451 3625 ,
472 3568 569 3627 utpote
587 3561 637 3627 qui
655 3561 752 3613 Putria
770 3561 901 3627 Vitiique
928 3561 1169 3626 imperturbabilis
1182 3576 1242 3624 pcc
1264 3560 1320 3625 rit,

177 3644 245 3705 rtem
258 3654 389 3717 firmum,
410 3652 580 3703 individuus
599 3668 693 3714 umor,
719 3650 906 3703 indivisibilis
925 3652 1023 3702 unitus
1044 3672 1057 3699 n
1087 3650 1116 3703 S.
1130 3648 1268 3703 Bernsrd.
1287 3650 1319 3701 ln

177 3728 962 3798 mumomaammwnmumna

204 3830 242 3905 (2)
258 3831 475 3887 Animadvertit
492 3833 671 3887 Athanasius
690 3830 748 3906 (ep.
763 3836 777 3887 I
791 3834 826 3887 ad
838 3834 935 3901 serap.
947 3850 976 3886 n.
988 3830 1028 3903 4),
1044 3833 1160 3888 tertiam
1173 3846 1323 3900 personum

177 3930 299 3989 anquam
318 3920 376 3976 dici
395 3923 566 3990 simpliciter
586 3943 700 3993 πνευμα,
722 3923 771 3976 sed
790 3939 900 3991 semper
918 3939 980 3976 oum
999 3920 1097 3975 addito
1113 3920 1255 3989 Spiritum
1275 3922 1322 3975 vol

177 4008 216 4075 ti,
236 4014 284 4066 vel
305 4012 418 4076 Putris,
440 4014 487 4066 val
508 4012 597 4077 Filii,
620 4012 666 4066 vel
688 4012 804 4075 Christi,
826 4014 873 4066 vol
892 4012 1029 4075 ueritatis,
1053 4012 1099 4065 vol
1118 4027 1179 4064 eum
1199 4011 1322 4065 articulo

177 4121 311 4175 ιηευμα,
332 4104 379 4156 vel
389 4101 528 4168 Spiritum
547 4099 742 4153 Sumturmd
763 4115 821 4152 rem
841 4103 1019 4166 praesentem
1033 4100 1224 4166 Augustinus:
1242 4114 1324 4153 scum

178 4194 292 4250 tl’ator
312 4192 436 4261 spiritus
462 4196 492 4243 et
510 4190 605 4243 Filius
625 4190 766 4256 spiritus,
787 4194 817 4243 ot
835 4190 922 4243 Pater
942 4195 1058 4244 senctus
1085 4193 1115 4243 et
1132 4190 1228 4243 Pilius
1247 4204 1324 4244 stne·

177 4298 214 4351 ιι,
234 4284 349 4351 proprie
371 4286 465 4335 umen
484 4282 546 4347 ipse
573 4283 692 4333 vocatur
710 4280 834 4344 Spiritus
853 4282 992 4345 Sanetus,
1019 4285 1164 4350 tamquam
1186 4280 1323 4333 sonoritas

177 4372 343 4426 tuentiotis
352 4365 563 4446 (hypostatice)
573 4373 603 4422 et
615 4370 874 4424 cousubstsntlalis
884 4371 1048 4423 amborum»
1057 4369 1130 4437 Διις.
1137 4369 1200 4423 Oiv.
1209 4366 1264 4421 Dei
1270 4366 1321 4419 XI.

183 4460 607 4529 maamnpmuu
