3172 4950
593 341 631 354 ...
653 307 731 369 5-

95 408 163 477 solis
183 417 217 480 et
239 411 301 501 qui
324 411 369 479 ab
391 411 578 499 occidente,
598 415 759 505 quoniam
774 414 902 505 absque
926 436 978 483 me
1001 436 1067 482 non
1091 420 1156 484 est.
1172 414 1249 505 Ego

95 516 243 587 Dominus
264 524 302 587 et
324 540 392 586 non
415 526 469 589 est
490 520 582 589 altar
605 520 717 608 (hebr.
732 544 800 588 non
815 520 979 611 amplius)
995 526 1060 590 etc.
1077 520 1247 590 IaXLV.

97 624 162 694 inlu
179 649 227 717 sq.
246 628 294 696 cf.
312 627 411 695 Rom.
430 628 500 697 111.
514 628 569 697 29.
589 628 645 716 30;
662 628 681 695 1
696 628 785 696 Tim.
801 629 850 696 H.
866 631 980 700 facto.

151 732 210 803 Est
230 734 346 824 igitur
368 736 487 807 unitas
510 738 576 807 Dei
598 744 634 807 et
656 738 811 807 exclusio
842 737 1000 809 cuiusvis
1030 738 1252 828 pluralitatis

100 840 226 910 Deorum
248 842 407 913 revelata
430 844 504 929 ita,
530 851 571 915 ut
594 846 705 914 omnis
728 845 888 915 doctrina
916 845 1080 936 explicite
1109 845 1166 915 vel
1189 844 1251 913 im·

101 946 200 1036 plicita
219 951 364 1019 tradens
387 949 473 1020 duos
496 957 612 1023 tresve
635 954 726 1021 Deos
748 953 878 1044 absque
901 953 1063 1022 ulteriori
1095 952 1251 1023 examine
1337 1008 1340 1013 .

102 1056 210 1124 cerari
233 1056 373 1127 deberet
395 1060 573 1129 contraria
596 1061 829 1146 revelationi,
857 1081 958 1154 quam
981 1060 1073 1129 nulli
1096 1060 1252 1140 fidelium

101 1163 239 1251 ignorare
262 1165 380 1235 liceat.
393 1167 509 1260 Atque
526 1168 600 1237 ideo
613 1170 644 1238 si
660 1169 697 1238 in
713 1168 928 1239 revelatione
944 1169 985 1238 de
1003 1168 1092 1238 reali
1107 1168 1250 1238 distinc-

100 1271 176 1341 tione
203 1280 239 1343 et
270 1274 312 1343 de
335 1274 542 1365 pluralitate
565 1276 601 1344 in
626 1276 759 1346 divinis
783 1301 892 1346 sermo
916 1278 1091 1363 habetur,
1117 1298 1158 1346 aa
1181 1299 1251 1346 cer-

99 1378 212 1450 fissime
248 1404 317 1449 non
356 1382 401 1451 ad
433 1382 598 1454 deitatem
636 1391 868 1479 naturamque
906 1386 1062 1455 divinam
1100 1385 1254 1475 pertinet

97 1486 186 1558 Deut.
199 1489 302 1559 XIII.
317 1490 375 1560 Ps.
390 1491 536 1563 LXXX.
552 1494 644 1562 9-11.
671 1491 763 1564 Hinc
789 1495 893 1563 etiam
916 1495 953 1562 in
976 1493 1170 1585 prophetiis
1194 1516 1251 1561 ve·
1318 1549 1322 1557 .

95 1596 168 1665 teris
189 1597 403 1668 Testamenti
426 1600 538 1692 quoad
562 1602 626 1670 hoo
650 1608 756 1692 caput
779 1602 958 1671 doctrinae
990 1623 1058 1691 pro,
1075 1622 1165 1671 novo
1190 1599 1252 1668 Te-

94 1708 250 1775 stamento
272 1729 345 1783 non,
363 1707 433 1775 iam
456 1708 541 1776 talis
564 1711 742 1798 profectus
772 1708 1010 1799 promittitur,
1037 1730 1103 1800 quo
1130 1736 1147 1771 a
1160 1706 1253 1797 rigo·
1368 1779 1372 1785 .

90 1834 179 1881 rosus
200 1813 501 1883 monotheismusa
528 1816 699 1901 solvatur,
725 1822 766 1884 ut
790 1817 930 1909 quidam
960 1839 1051 1883 nunc
1074 1837 1143 1883 non
1166 1812 1254 1883 satis

86 1921 341 2014 proprie'doqui
364 1923 480 1993 solent
496 1976 504 2008 ,
518 1925 589 2014 ¹sed
614 1948 681 2018 quo
712 1925 865 2015 cognitio
895 1925 1072 1993 revelatae
1104 1921 1254 1991 unitatis

83 2028 146 2098 Dei
167 2031 403 2100 universalior
425 2032 612 2102 evadat-et
635 2033 847 2102 distinctior.
871 2031 946 2101 «Et
960 2032 1029 2101 erit
1044 2031 1080 2100 in
1104 2031 1159 2100 die
1176 2029 1252 2113 illa,

80 2135 250 2206 exhibunt
263 2159 374 2230 aquae
392 2139 496 2209 vivae
512 2138 554 2208 de
569 2139 758 2209 Ierusalem
772 2125 948 2225 ,medium
963 2161 1083 2207 aarum
1100 2137 1145 2206 ad
1161 2158 1255 2205 mare

78 2243 247 2314 orientale
269 2251 306 2314 et
322 2244 471 2314 medium
488 2267 607 2316 earum
626 2246 670 2315 ad
687 2267 779 2314 mara
796 2245 1035 2331 novissimum,
1061 2244 1098 2312 in
1122 2248 1256 2312 aestate

76 2359 113 2420 et
137 2353 174 2420 in
199 2351 310 2423 hieme
333 2359 449 2423 erunt.
468 2353 517 2423 Et
538 2355 608 2423 erit
631 2355 798 2423 Dominus
822 2377 882 2423 rex
907 2376 1010 2444 super
1034 2375 1164 2422 omnem
1186 2356 1254 2420 ter·

74 2482 175 2529 ram:
193 2462 231 2529 in
254 2462 310 2530 die
333 2462 399 2529 illa
421 2461 491 2532 erit
513 2462 683 2532 Dominus
706 2486 797 2532 unus
820 2469 856 2532 et
878 2486 1000 2533 nomen
1024 2461 1099 2531 eius
1116 2483 1253 2529 nnnmn

74 2568 184 2638 Zaoh.
196 2569 297 2639 XIV.
309 2570 379 2657 7-9;
391 2570 447 2639 Pa.
461 2571 640 2640 LXXXV.
650 2572 731 2638 8-10
738 2578 804 2641 etc.
816 2570 1035 2662 Temperatio
1046 2570 1138 2638 enim
1150 2568 1255 2636 omni-

74 2678 198 2747 modae
220 2662 371 2748 unitatis
387 2685 425 2748 et
435 2680 698 2770 singularitatis
722 2662 869 2750 naturae
892 2679 1033 2749 divinae
1044 2700 1113 2746 non
1124 2678 1255 2768 profec-

74 2794 137 2855 tus
164 2792 274 2870 esset,
299 2787 359 2856 sed
383 2788 560 2858 revelatae
583 2787 748 2856 veritatis
771 2788 925 2877 negatio.
952 2787 1071 2878 Neque
1098 2783 1189 2852 enim
1205 2783 1257 2850 at

73 2894 248 2963 firmando
271 2896 508 2965 tantummodo
531 2919 622 2964 unns
645 2897 740 2964 Deus
763 2896 914 2980 dieitur,
940 2894 1029 2986 quod
1061 2891 1199 2985 quidem
1221 2898 1258 2958 et

74 3004 194 3094 ipsum
217 3002 353 3071 abunde
377 3004 465 3073 satis
480 3008 584 3092 easet3
604 3003 786 3073 sedetiam
802 3002 987 3092 negatione
1007 3007 1043 3071 et
1058 2999 1258 3070 exclusione

73 3109 264 3201 repetitur,
290 3116 429 3200 praeter
451 3134 559 3179 uuum
582 3112 692 3180 Deum
716 3111 947 3196 Patriarchis,
965 3108 1092 3199 Moysi,
1113 3108 1257 3199 prophe·

74 3217 137 3302 tis,
164 3216 292 3308 populo
307 3217 418 3287 Israel
442 3219 636 3289 revelatum
660 3232 825 3289 non'ess'e
850 3219 958 3287 alium
980 3219 1115 3302 Deum,
1142 3215 1257 3305 ipsum

75 3325 192 3393 solum
215 3347 291 3395 esse
312 3327 445 3414 Deum;
472 3332 508 3396 et
530 3306 689 3396 ad'lrumc
714 3350 821 3395 unum
838 3327 949 3395 solum
965 3326 1076 3395 Deum
1092 3325 1130 3392 im
1145 3322 1258 3393 veteri

75 3432 302 3502 Testamenta
323 3432 518 3503 revelatum
541 3433 708 3504 universa
730 3433 901 3503 revelatio
916 3433 1021 3502 etiam
1037 3429 1119 3500 novi
1136 3429 1257 3498 Testa·
1286 3463 1289 3469 ·

75 3541 190 3611 menti
213 3539 378 3633 appellat.

145 3648 199 3718 II.
218 3648 274 3716 Ex
295 3648 362 3718 hoc
383 3648 495 3739 primo
512 3647 683 3739 principio
700 3670 741 3718 ac
758 3648 982 3729 fundamento
1000 3651 1149 3730 constat,
1169 3646 1258 3713 hauc

76 3757 194 3847 ipsam
217 3754 388 3826 unitatem
405 3756 616 3825 numericam
633 3757 697 3826 Dei
714 3756 922 3849 divinaeque
939 3755 1157 3824 substantiae
1173 3775 1259 3822 sem·

77 3887 142 3956 per
166 3864 313 3955 supponi
336 3864 373 3932 in
395 3863 498 3933 libris
521 3864 604 3934 novi
621 3864 849 3949 Testamenti,
868 3869 904 3932 et
926 3865 963 3931 in
986 3863 1033 3932 iis
1048 3860 1256 3952 significari,

77 3971 219 4063 quoties
241 3971 345 4040 simul
369 3994 446 4040 cum
470 3971 703 4042 distinctione·
717 3977 753 4040 et
767 3970 1072 4040 connumeratione
1088 3969 1207 4038 Patris
1224 3974 1260 4036 et

77 4078 170 4147 Filii
192 4085 228 4148 et
250 4079 406 4171 Spiritus
419 4068 541 4149 Sancti
560 4079 786 4169 coniungitur
805 4078 935 4165 unitas;
952 4077 1088 4170 quando
1104 4077 1209 4146 Pater
1224 4080 1260 4144 et

77 4185 198 4256 Filius
221 4187 387 4258 dicuntur
402 4211 522 4275 unnm;
541 4194 615 4257 tres
631 4210 750 4275 unum;
766 4187 830 4255 sub
842 4208 910 4255 uno
926 4187 1062 4256 nomine
1079 4204 1257 4255 connume-

78 4300 209 4365 rantur
221 4295 325 4366 Pater
341 4303 378 4366 et
389 4294 506 4365 Filius
518 4302 555 4365 et
571 4294 725 4387 Spiritus
738 4294 900 4383 Sanetus;
915 4293 1031 4364 Filius
1043 4293 1174 4365 dicitur
1184 4312 1258 4360 esse

81 4404 121 4471 in
135 4402 253 4491 Patre,
268 4405 373 4476 Pater
387 4406 425 4475 in
440 4404 546 4492 Filio;
573 4404 688 4475 omnia
711 4425 799 4496 quae
822 4403 928 4521 habat
950 4403 1067 4473 Filius
1090 4407 1124 4471 et
1148 4398 1258 4488 Spiri-
