3172 4950
566 353 605 369 -
625 321 684 385 591
706 352 745 388 ,-

69 432 185 498 mento
209 425 322 497 veluti
344 432 607 517 praeerogatcm
630 432 713 495 ante
735 425 888 516 pretium
911 430 995 495 actu
1024 426 1241 516 persolutum

69 544 107 608 et
129 542 211 617 ante
233 535 396 604 meritum
423 535 631 626 completum
649 534 828 604 'sacrificio
851 534 965 604 crucis
982 536 1175 625 generatim
1190 535 1240 604 lo·

70 645 207 736 quando
227 644 338 713 fuisse
362 643 553 734 parciorem
576 648 613 711 et
635 643 750 711 minus
773 643 1009 712 universalem
1033 664 1137 734 quam
1159 649 1241 733 post

67 752 234 821 meritum
256 752 326 819 iam
349 756 432 820 actu
459 750 689 840 completum:
723 750 874 842 adeoque
906 749 1012 819 etiam
1049 750 1241 820 universim

66 859 240 951 loquendo
263 864 379 948 potest
403 857 474 927 diei
497 857 762 926 communicatio
784 863 821 925 ct
849 856 1061 925 inhabitatio
1085 857 1242 948 Spiritus

65 964 191 1033 Sancti
213 965 251 1032 in
274 964 387 1035 veteri
411 963 633 1033 Testamento
655 986 718 1052 pro
734 984 896 1031 mansura
911 963 1077 1032 donorum
1102 964 1239 1053 gratiae

64 1071 178 1140 fnisse
201 1071 315 1160 gradu
337 1069 499 1139 interiori
523 1092 623 1161 quarn
648 1070 685 1137 in
708 1092 798 1139 novo
822 1069 1054 1157 Testament0;
1081 1071 1237 1139 nomina·

64 1177 131 1245 tim
156 1178 279 1270 utique
301 1177 454 1246 nonfuit
469 1176 650 1246 ibimissio
666 1184 703 1245 et
717 1176 930 1246 inhabitatio
946 1177 1102 1268 Spiritus
1119 1177 1241 1248 Sancti

63 1307 128 1374 per
152 1284 448 1373 regenerationem
471 1289 507 1352 et
529 1284 820 1353 consecrationem
850 1285 1095 1354 sacramentali
1119 1285 1238 1375 gratia

64 1414 110 1461 ex
134 1413 235 1481 opere
258 1398 411 1482 operato.
426 1390 478 1459 At
499 1414 568 1461 non
589 1414 771 1481 possumus
788 1392 984 1476 concedere,
1000 1391 1186 1461 discrimen
1202 1391 1239 1459 in

64 1499 132 1567 hoc
154 1521 240 1583 esse,
261 1500 351 1589 quod
374 1499 412 1566 in
436 1498 549 1567 veteri
572 1498 793 1568 Testamento
817 1498 885 1567 soli
906 1499 1053 1568 effectus
1078 1498 1237 1588 Spiritus

63 1606 188 1675 Sancti
210 1606 344 1677 fuerint
381 1607 419 1674 in
450 1606 605 1687 sanctis,
640 1629 707 1675 non
742 1613 857 1674 autem
891 1606 968 1695 ipsa
1001 1626 1148 1696 persona
1172 1626 1234 1672 sen

62 1707 212 1785 ὂυσιωδως
232 1714 306 1804 ipss
330 1714 488 1805 Spiritus
511 1713 662 1783 Sanetus
685 1715 738 1782 eis
761 1715 872 1783 fucrit
894 1713 1120 1798 coniunctus,
1139 1712 1235 1781 sicut

63 1819 243 1890 inhabitat
265 1822 302 1889 in
325 1822 459 1893 sanctis
482 1822 566 1891 novi
590 1822 815 1891 Testamenti.

131 1928 299 1997 Petavius
321 1928 348 1995 l.
366 1927 469 1996 VIII.
485 1952 515 1997 c.
537 1929 568 1996 7.
581 1951 617 1996 n.
636 1928 715 1996 1-11
740 1928 856 1998 voluit
870 1928 1091 2018 persuadere,
1102 1951 1145 1996 cx
1163 1949 1237 1996 sen-

63 2035 179 2105 tentia
203 2035 264 2103 vix
287 2057 355 2102 non
379 2034 574 2106 universali
598 2034 661 2104 SS.
678 2036 822 2105 Petrum
851 2035 1037 2104 discrimen
1060 2034 1125 2103 hoc
1147 2057 1236 2118 esse,

63 2145 155 2235 quod
183 2148 296 2211 sante
319 2142 452 2211 Christi
476 2143 665 2212 adventum
688 2149 724 2212 et
747 2144 880 2212 obitum
910 2143 947 2211 in
971 2143 1103 2211 sanctis
1127 2142 1239 2210 fuerit

62 2250 221 2342 Spiritus
245 2251 396 2319 Sanctus
420 2245 484 2313 κατ’
514 2245 660 2341 ἐνεργειαν
683 2251 707 2319 i.
727 2273 757 2319 e.
777 2249 976 2340 operatione
1000 2255 1115 2334 tenus,
1138 2249 1234 2319 dein·

61 2381 143 2447 ceps
165 2363 282 2426 autem
305 2351 452 2431 ὀυσιωδως
474 2358 500 2426 i.
519 2381 548 2426 e.
568 2358 893 2428 substantialiter.»
911 2358 1004 2427 Hinc
1027 2381 1070 2426 ex
1092 2357 1158 2425 illa
1174 2379 1238 2426 sua

63 2465 225 2555 opinione
248 2465 409 2555 superius
437 2470 721 2549 commemorata,
748 2465 839 2555 quod
869 2487 938 2533 non
967 2463 1088 2553 gratia
1119 2470 1237 2533 creata

60 2573 124 2641 ssd
148 2572 347 2641 substantia
371 2572 530 2661 Spiritus
554 2572 677 2640 Sancti
700 2572 800 2640 nobis
830 2572 1016 2641 coniuncta
1038 2571 1088 2639 sit
1110 2572 1238 2638 forms·

59 2679 107 2747 lis
131 2699 237 2746 cansa
259 2679 443 2748 filiationis
466 2678 674 2768 adoptivae,
700 2678 852 2747 ulterius
875 2684 1007 2764 conset,
1033 2678 1135 2746 iuxta
1157 2677 1235 2746 doc-

58 2786 192 2856 trinam
214 2788 360 2855 Patrum
384 2795 523 2857 sanctos
547 2788 679 2858 vetaris
692 2787 909 2857 Testamenti
924 2810 993 2856 non
1017 2788 1127 2855 fnisse
1145 2786 1238 2854 filios

59 2894 128 2962 Dei
151 2893 347 2983 adoptivos.
378 2893 475 2975 Quae
497 2915 581 2962 sane
609 2894 724 2962 omnia
751 2894 855 2963 valde
874 2893 1033 2962 difficilia
1056 2892 1235 2962 videntur.

128 3000 288 3069 Profecto
312 2998 343 3067 si
367 3021 477 3067 sermo
493 3001 543 3069 sit
559 3001 600 3070 de
617 3002 791 3069 communi
807 3003 982 3070 sententia
998 3001 1156 3084 Petrum,
1174 3021 1237 3068 nec

56 3108 226 3177 Patavins
248 3129 310 3175 nec
334 3105 517 3198 qnisquam
539 3107 633 3175 alius
650 3107 964 3193 demonstraverit,
979 3131 1037 3177 eos
1052 3107 1239 3196 agnovisse

56 3213 157 3283 aliud
179 3214 273 3283 reale
296 3213 482 3282 discrimen
512 3214 605 3284 inter
640 3215 933 3284 inhabitationem
958 3215 996 3283 in
1019 3215 1154 3285 sanctis
1178 3237 1235 3285 vc·

55 3322 144 3391 teris
168 3342 208 3390 ac
230 3320 314 3390 novi
340 3320 555 3390 Testamenti
578 3327 717 3412 praeter
740 3323 857 3408 illud,
882 3324 975 3415 quod
1003 3324 1168 3410 diximus,
1187 3347 1238 3394 se·

57 3430 210 3499 cundum
234 3426 480 3498 diversitatem
496 3429 669 3516 graduum
685 3437 721 3500 et
737 3431 926 3500 secundum
946 3433 1183 3522 proprietates
1198 3454 1238 3502 aa

56 3559 255 3605 mensuram
278 3536 504 3605 donorum«
531 3537 616 3605 Gom
648 3540 686 3603 in
717 3537 774 3603 die
805 3538 1018 3605 Pentecosten
1050 3537 1238 3628 discipulos

55 3645 199 3711 Domini
213 3646 368 3734 Spiritus
382 3646 527 3713 Sanctus
551 3644 707 3733 implevit
733 3644 871 3735 (utique
890 3638 1038 3717 ὀυσιωδως
1060 3645 1162 3713 iuxta
1178 3669 1235 3715 cx-

54 3751 267 3842 preasionem
290 3752 458 3840 Petevii),
484 3777 551 3818 non
570 3753 652 3841 fuit
677 3753 857 3818 inchoatio
881 3757 1032 3819 mannis
1047 3753 1104 3820 aed
1128 3753 1238 3822 adiec-

56 3862 105 3924 tio
132 3858 315 3947 tarpitotis
327 3885 340 3941 ,·
364 3859 526 3951 quoniam
549 3866 586 3929 at
607 3858 835 3950 patriarchae
859 3866 896 3928 et
909 3859 1101 3952 prophetae
1123 3867 1160 3930 et
1182 3883 1234 3930 sa-

54 4057 133 4123 cipcs
153 4071 209 4109 non
229 4056 510 4111 fuerunt....otilli
529 4059 723 4126 pergratiam
743 4060 778 4112 D.
793 4058 829 4113 N.
845 4059 911 4112 iesu
931 4058 1043 4113 christi
1065 4061 1143 4114 salvi
1163 4061 1234 4114 iacti

54 4149 124 4198 sunt
143 4159 200 4197 non
220 4147 379 4213 perlegam
398 4148 501 4214 Moysi,
522 4163 574 4214 per
593 4163 676 4215 quam
697 4163 753 4200 non
772 4148 887 4201 sanatio
901 4147 950 4201 sed
963 4149 1089 4214 cognitio
1103 4150 1234 4203 estfacta

52 4232 173 4300 pcccati.
193 4233 275 4286 Nunc
304 4239 399 4287 cutem
428 4235 490 4288 sinc
519 4237 582 4301 lege
607 4235 725 4289 institia
742 4237 795 4289 Dei
815 4235 1003 4289 manifestata
1021 4236 1146 4290 cst...St
1165 4253 1232 4303 ergo

49 4336 126 4374 nune
145 4322 331 4376 manifestata
350 4327 404 4392 est,
425 4326 514 4378 ctiam
529 4329 598 4379 tunc
613 4330 685 4394 arat,
701 4325 750 4379 sod
770 4328 902 4381 occultas
921 4330 974 4380 oto.
988 4326 1062 4391 nug.
1078 4326 1111 4380 dc
1124 4331 1231 4394 peccat.

50 4412 124 4477 orig.
138 4416 229 4465 contr.
244 4414 342 4479 Pelsg.
358 4429 388 4467 u.
405 4415 451 4468 20.
1071 4400 1074 4404 ¹
