3172 4950
705 301 743 316 -
764 270 826 330 312
845 301 884 316 -

213 376 314 445 finito
334 386 388 443 est
413 395 497 443 vera
519 373 710 443 immanens
733 374 916 464 productio
938 382 975 444 et
997 373 1145 465 proinde
1175 373 1275 443 realis
1293 398 1344 465 pro

212 483 321 554 cessio
342 491 418 552 tum
441 482 506 550 sub
527 482 665 550 ratione
689 481 940 551 intellectionis
963 488 1038 550 tum
1070 483 1136 550 sub
1167 481 1292 550 ratione
1307 505 1345 549 ro

212 591 348 661 litionis
364 616 371 679 ;
397 591 462 660 hoc
484 590 628 683 inquam
652 592 832 682 supposito
855 590 1027 681 principio
1042 590 1201 660 revelato
1216 612 1288 659 sane
1301 612 1346 657 ror

211 698 321 767 solum
345 698 540 788 probabiles
563 698 623 767 sed
645 698 863 767 necessariae
892 699 1049 767 rationes
1071 699 1180 767 etiam
1210 698 1298 765 nobis
1312 698 1346 765 in·

210 805 418 897 telligibiles
442 807 691 891 demonstrant,
711 808 945 896 processiones
959 806 1042 874 illas
1065 807 1348 876 immanentesessc

208 934 276 982 uon
288 936 330 983 cx
344 912 453 982 libera
464 913 689 1004 productione
701 914 760 981 sed
772 937 813 982 ax
829 914 1027 982 necessaria
1041 914 1234 984 intrinseca
1248 913 1347 1002 perlae

209 1021 303 1090 tione
315 1021 516 1090 intellectus
528 1026 564 1089 et
580 1018 775 1088 voluntatis
799 1020 835 1087 iu
851 1021 934 1105 Deo,
947 1023 1101 1114 adeoque
1117 1045 1193 1091 esse
1208 1028 1348 1105 aeternas

210 1153 312 1220 porro
335 1130 488 1197 Verbum
511 1129 668 1219 genitum
692 1129 728 1195 in
751 1129 823 1197 Deo
845 1153 913 1198 nou
936 1154 1010 1200 esse
1033 1131 1196 1199 accidens
1222 1129 1279 1199 sed
1297 1148 1350 1197 ent

211 1237 443 1307 substantiale
456 1243 558 1328 (quae
571 1237 613 1305 de
626 1237 739 1305 Verbo
754 1238 934 1323 dicuntur,
948 1261 1055 1331 acque
1072 1239 1195 1307 valent
1210 1239 1250 1306 de
1264 1257 1351 1305 amore

209 1346 442 1437 procedente);
470 1346 605 1435 pariter
627 1368 702 1415 esse
725 1345 982 1415 distinctionem
1009 1347 1104 1414 inter
1126 1345 1352 1436 principiano

210 1477 278 1546 quo
300 1460 489 1545 generatur
512 1453 677 1535 Verbum,
695 1460 731 1521 et
745 1455 838 1522 inter
860 1453 1014 1523 Verbum
1041 1453 1212 1544 genitum,
1229 1453 1351 1543 adeoque

210 1563 315 1633 etiam
345 1586 420 1632 esso
452 1561 640 1629 distinctas
664 1584 828 1651 personas
850 1569 917 1632 etc.
943 1564 995 1632 At
1018 1586 1100 1631 vero
1123 1562 1209 1631 haec
1237 1584 1298 1630 non
1313 1564 1353 1629 est

210 1669 459 1741 demonstratio
472 1668 663 1735 Trinitatis
676 1691 718 1736 ex
731 1669 804 1737 solo
819 1670 950 1739 lumine
964 1669 1125 1754 rationis,
1140 1671 1201 1738 sed
1216 1678 1269 1738 est
1281 1667 1351 1736 thec

209 1777 326 1867 logica
356 1774 516 1843 deductio
539 1796 581 1840 ex
606 1775 757 1845 veritate
784 1778 951 1862 revelata,
969 1777 1191 1871 eiusdemque
1218 1772 1353 1845 veritatis

209 1883 394 1971 analogica
422 1880 542 1972 aliqua
565 1881 669 1970 paulo
699 1883 900 1953 distinctior
922 1884 1115 1953 intellectio
1145 1908 1188 1953 ex
1218 1879 1351 1970 analogia

209 1990 357 2081 spiritus
380 1989 503 2057 creati.
523 1988 581 2057 Sic
602 1988 638 2057 S.
656 1990 806 2059 Thomas
822 1991 959 2082 plenius
974 1992 1129 2083 explicat
1146 2008 1350 2081 sensumque

208 2096 380 2166 Richardi
395 2095 571 2165 Victorini
591 2110 827 2188 «argumenta
838 2101 1034 2170 necessaria
1048 2128 1064 2161 ,ν
1082 2101 1127 2170 ad
1144 2101 1350 2170 demensum

208 2204 289 2273 dam
313 2204 523 2273 Trinitatem
555 2205 786 2295 intelligenda
809 2209 901 2276 sint:
929 2240 945 2272 ·.·
962 2208 1008 2277 ad
1033 2206 1189 2298 aliquam
1216 2231 1284 2277 rem
1306 2202 1350 2273 do·

209 2312 348 2403 pliciter
364 2311 546 2381 inducitur
561 2315 671 2401 ratio;
691 2339 760 2383 uno
776 2316 930 2386 modoad
947 2317 1158 2407 probandam
1170 2315 1350 2386 sufficienter

209 2420 401 2489 radicem...
421 2420 492 2489 ulio
515 2422 613 2492 modo
637 2423 818 2494 inducitur
840 2426 944 2509 ratio,
970 2450 1035 2490 non
1060 2449 1150 2516 quac
1168 2426 1351 2514 sufficiente

205 2529 327 2617 probet
350 2528 517 2612 radicem,
543 2530 600 2597 sed
622 2557 711 2623 quoe
743 2533 857 2600 radici
882 2537 950 2599 iam
968 2537 1105 2623 positae
1127 2536 1281 2603 ostendat
1297 2556 1350 2600 cos·

207 2658 330 2725 praere
344 2653 579 2728 consequentes
594 2639 773 2726 effectus...
788 2640 904 2710 Primo
915 2665 999 2731 ergo
1015 2642 1114 2710 modo
1129 2648 1244 2734 potest
1258 2634 1350 2709 induci

210 2744 301 2812 ratio
325 2745 369 2814 ad
392 2746 607 2836 probandum
623 2747 733 2817 Deum
748 2771 822 2816 esse
839 2771 958 2833 unum,
971 2758 1007 2817 et
1023 2749 1167 2835 similia3
1185 2750 1244 2818 sed
1258 2767 1350 2817 soom

209 2849 253 2918 do
272 2851 370 2919 modo
390 2875 426 2920 se
446 2852 550 2921 habet
569 2855 673 2938 ratio,
692 2877 779 2948 quae
799 2856 980 2925 inducitur
998 2856 1043 2925 ad
1063 2856 1348 2926 manifestatione!

209 2958 501 3052 Trinitatis,quia
510 2962 827 3034 scilicetTrinitate
841 2966 956 3055 positi
968 2973 1169 3055 congruunt
1179 2957 1348 3034 huiusmodi

209 3066 374 3150 rationes,
399 3089 467 3134 non
490 3076 605 3139 tamen
629 3070 682 3137 ita
704 3070 795 3162 quod
818 3094 880 3162 per
902 3070 966 3139 bas
990 3072 1145 3140 rationes
1168 3071 1349 3140 sufficienter

209 3172 374 3263 probetur
405 3172 564 3245 Trinitas
594 3200 859 3268 personarum...
884 3178 935 3247 Et
957 3177 1038 3247 inde
1060 3186 1136 3265 est,
1163 3181 1287 3272 quod...
1304 3193 1347 3266 ptr

208 3281 309 3457 fidpm
340 3282 481 3352 venitur
496 3284 540 3354 ad
557 3287 788 3376 cognitionem
811 3294 847 3355 et
869 3309 937 3355 non
960 3310 979 3355 e
1002 3310 1169 3357 converso
1183 3316 1200 3349 r
1219 3288 1249 3356 l.
1265 3312 1293 3379 q.
1304 3279 1344 3349 lll-

209 3409 242 3457 a.
286 3390 354 3459 ,ad
364 3392 399 3459 2.
1341 3396 1345 3405 '
