3172 4950
485 330 491 339 '
557 369 595 385 -
617 337 657 399 79
677 368 715 383 -

52 453 144 520 detur
160 448 354 541 postulari,
371 451 414 516 ut
428 452 503 517 tum
518 465 609 539 equs
633 449 670 515 et
686 443 832 536 sanguis
845 449 922 513 tum
939 440 1087 532 spiritus
1103 441 1222 511 eadem

54 559 306 649 significatione
328 554 547 646 accipiatur,
573 575 643 648 qus
666 553 735 623 v.8
758 552 925 622 dicuntur
951 556 1070 636 utres,
1097 549 1157 642 qui
1172 555 1222 618 te·

54 665 248 735 stimonium
272 663 360 733 dant
382 663 420 731 in
443 667 555 731 terrai
577 659 726 752 spiritus
748 665 784 728 et
799 679 889 751 sque
905 665 941 728 et
957 656 1115 749 sanguis.
1132 684 1148 720 n
1167 656 1222 725 Ibi

57 797 126 844 rero
160 772 414 856 Athanasius,
439 769 688 860 Augustinus,
722 766 920 838 Eucherius
949 765 1219 856 Lugdunensis,

55 880 272 951 Walairidus
288 879 428 964 Strabo,
452 878 632 948 Innocent.
651 877 721 946 III.
734 877 822 947 loeis
838 875 942 966 paulo
960 880 1042 944 ente
1056 874 1223 944 indicetis

58 989 257 1079 intelligunt
281 987 465 1078 spiritum,
487 1009 587 1079 quem
603 985 767 1056 Christus
782 984 820 1053 in
835 1006 937 1055 eruoe
953 983 1081 1054 emisit.
1103 982 1224 1052 «Sene

60 1097 125 1167 uili
146 1103 183 1165 te
207 1095 291 1164 nolo
313 1095 351 1164 in
375 1094 525 1185 epistola
547 1093 689 1163 Ioannis
711 1092 875 1184 Apostoli
891 1092 1030 1161 ubisit:
1050 1101 1124 1161 tres
1140 1096 1224 1161 sunt

60 1214 175 1291 testes,
203 1203 356 1295 spiritns
378 1209 417 1272 et
440 1223 530 1295 aqua
553 1209 589 1272 et
612 1202 759 1292 sanguis
782 1208 818 1271 at
840 1207 913 1271 tres
943 1223 1049 1270 unum
1081 1205 1221 1270 sunt...

61 1316 118 1385 tris
138 1313 306 1384 novimus
329 1312 371 1381 de
395 1333 536 1402 corpore
558 1311 699 1380 Domini
721 1311 859 1396 exisse,
886 1332 964 1379 oum
989 1309 1157 1400 penderet
1186 1309 1223 1377 in

61 1423 155 1513 ligno,
180 1421 295 1512 primo
319 1421 508 1512 spiritum,
534 1419 625 1489 unde
649 1419 906 1510 scriptumest:
932 1424 968 1488 et
982 1417 1152 1489 inelinsto
1169 1438 1223 1487 oa·

61 1533 118 1622 pite
139 1529 296 1600 tradidit
317 1529 495 1619 spiritum,
514 1527 639 1598 deinde
655 1527 791 1620 quando
807 1526 902 1596 latus
918 1527 994 1596 eius
1009 1526 1131 1596 lancea
1147 1547 1224 1616 per·

62 1630 202 1710 foratum
224 1644 280 1708 est
299 1688 306 1722 ,
333 1635 539 1727 sanguinem
562 1642 598 1707 et
613 1657 739 1729 aquam
754 1662 770 1698 n
788 1640 856 1704 eto.
875 1636 971 1725 Aug.
990 1633 1223 1706 eontulisxi·

62 1747 132 1816 nin.
145 1747 171 1817 1.
187 1745 239 1815 11.
251 1769 283 1815 e.
298 1744 356 1813 22.
370 1767 405 1812 n.
421 1743 455 1814 3.

115 1857 218 1926 Sient
239 1855 282 1925 de
304 1874 397 1947 aqua
419 1858 456 1923 et
478 1852 649 1942 sunguine
672 1874 714 1921 ex
730 1852 842 1922 latera
865 1850 999 1921 Christi
1022 1853 1145 1938 effuso,
1172 1852 1225 1921 ita

62 1965 154 2034 etiam
177 1964 265 2033 haee
288 1962 331 2031 de
355 1961 483 2053 spiritu
506 1961 543 2030 in
566 1983 667 2031 eruce
682 1961 806 2031 emisso
822 1961 1068 2052 interpretatio
1084 1961 1224 2031 suaderi

63 2079 164 2164 potest
178 2095 258 2143 oum
281 2070 457 2140 Eucherio
472 2069 565 2154 inde,
584 2069 674 2163 quod
690 2069 838 2140 Ioannes
855 2070 962 2140 etiam
978 2069 1015 2139 in
1030 2069 1226 2159 Evangelio

64 2179 117 2267 (lo.
127 2179 228 2248 XIX.
239 2179 295 2247 30.
307 2177 363 2247 34.
376 2177 433 2265 35)
446 2192 571 2269 aquam
587 2183 623 2246 et
644 2177 848 2267 sanguinem
871 2178 1020 2247 effusum
1043 2177 1227 2268 coniungit

64 2309 130 2355 oum
152 2286 284 2377 spiritu
315 2284 439 2354 emisso
469 2284 571 2354 velut
600 2283 839 2353 testimonium
871 2284 965 2354 reale
995 2284 1226 2354 humanitatis

64 2394 198 2465 Christi.
217 2393 273 2462 Ibi
295 2393 387 2463 enim
411 2397 595 2485 postquem
619 2391 752 2463 dietum
778 2398 843 2462 est:
873 2392 1078 2464 uinolinsto
1112 2394 1226 2484 eapite

65 2503 205 2573 mdidit
231 2503 399 2593 spiritum
433 2495 602 2594 (παρεδωκε
632 2522 664 2566 το
682 2495 811 2591 merops)
831 2529 866 2586 n,
900 2525 977 2571 mox
1009 2502 1227 2573 connectitur

66 2632 127 2679 una
146 2611 318 2680 orationis
339 2609 429 2681 serie
445 2609 596 2680 historia
611 2609 838 2700 perfossionis
853 2608 977 2680 leteris
993 2609 1139 2680 Christi:
1161 2614 1228 2680 aet

67 2720 218 2790 eontinuo
240 2719 355 2790 exivit
378 2718 525 2810 sangnis
547 2724 583 2789 et
605 2738 708 2811 equa.
729 2747 746 2781 n
764 2719 817 2788 At
831 2718 916 2789 lieet
931 2717 1016 2788 haee
1033 2719 1228 2810 probabilia

66 2827 129 2897 sint
150 2827 262 2922 quoad
285 2830 461 2918 spiritum,
487 2826 548 2919 qui
570 2826 771 2897 nominatur
787 2827 825 2896 in
843 2826 991 2918 epistola
1006 2832 1127 2897 nostra
1139 2853 1174 2898 v.
1190 2829 1224 2916 8;

65 2937 160 3004 verba
180 2941 298 3005 tamen
322 2933 491 3005 versienli
514 2935 569 3019 6¹,
589 2935 632 3004 de
648 2935 774 3027 quibus
789 2958 881 3006 nune
898 2936 1047 3026 agimus:
1070 2942 1141 3008 aet
1157 2937 1227 3027 spi-

65 3045 146 3114 ritus
167 3049 225 3115 est
249 3044 310 3138 qui
332 3044 571 3129 testificatur,
598 3045 760 3137 quoniam
782 3045 946 3116 Christus
968 3051 1023 3115 est
1045 3045 1179 3115 veritas
1193 3074 1225 3131 n,

64 3153 269 3238 difficillime,
288 3153 325 3221 in
347 3152 495 3224 lectione
509 3159 626 3222 autem
642 3152 766 3223 altera:
788 3183 804 3218 o
819 3154 982 3248 quoniam
998 3153 1155 3245 Spiritus
1172 3160 1228 3223 est

43 3274 46 3283 '
64 3262 187 3333 veritas
200 3289 234 3348 n,
252 3261 351 3330 nullo
373 3261 472 3331 modo
495 3267 644 3352 possunt
665 3261 823 3352 intelligi
846 3263 888 3332 de
920 3263 1037 3331 enims
1067 3261 1225 3348 Christi,

62 3373 114 3442 sed
136 3371 276 3443 omnino
300 3393 376 3441 eum
399 3369 600 3440 testimonio
622 3368 711 3439 reali
735 3390 845 3462 aquae
868 3376 904 3439 et
927 3371 1112 3460 sanguinis
1133 3372 1228 3442 vide·

61 3488 114 3551 tur
135 3479 305 3568 coniungi
326 3476 565 3547 testimonium
589 3475 735 3547 formula
760 3476 919 3567 Spiritus
942 3477 1077 3548 Sancti.
1095 3478 1139 3546 Iu
1161 3477 1229 3547 tali

60 3611 135 3659 vero
159 3582 403 3659 eoniunetione
427 3607 504 3655 eum
528 3605 620 3678 equa
641 3590 678 3654 et
700 3585 872 3676 sanguine
904 3585 1062 3676 Spiritus
1093 3585 1228 3655 testifi-

59 3718 136 3768 cans
158 3702 275 3789 potest
291 3695 447 3785 intelligi
466 3693 622 3785 Spiritus
639 3693 789 3764 Sanetus
804 3694 949 3787 loquens
965 3717 1027 3786 per
1041 3694 1229 3786 Apostolos

57 3811 90 3876 et
109 3829 173 3899 per
197 3805 354 3875 homines
383 3808 555 3874 testantes
578 3802 642 3890 (1).
666 3803 741 3872 Hoc
765 3802 863 3872 modo
885 3802 1033 3873 ioannes
1063 3804 1170 3875 etiam
1192 3802 1230 3874 in

121 4011 167 4088 (1)
185 4013 232 4069 oi.
248 4012 342 4068 «oum
362 4011 477 4068 venerit
493 4011 666 4079 Paraolitus,
687 4026 769 4080 quem
789 4027 841 4078 ego
860 4012 972 4066 mittum
992 4012 1106 4071 vobisa
1124 4014 1229 4081 Patre,

55 4105 194 4175 Spiritum
214 4103 385 4160 veritatis...
397 4104 449 4157 ille
469 4102 665 4159 testimonium
685 4102 850 4170 perhibebit
868 4101 902 4154 de
922 4117 974 4170 me,
990 4106 1021 4157 et
1034 4120 1085 4158 vos
1103 4104 1232 4159 testimo·

57 4197 131 4250 niun
144 4194 351 4265 perhibebitis,
366 4194 436 4262 quia
450 4194 487 4249 ab
500 4195 587 4248 initio
602 4209 706 4248 meeum
721 4194 792 4247 estis
805 4213 817 4242 s
830 4193 872 4247 Io.
884 4194 946 4247 XV.
958 4193 1003 4247 26.
1019 4193 1064 4248 27.
1082 4193 1165 4247 «Non
1180 4210 1232 4248 vos

55 4289 123 4342 eatis
142 4286 196 4355 qui
215 4284 384 4353 loquimini,
405 4284 453 4339 aad
473 4284 602 4353 Spiritus
621 4284 717 4338 Patris
738 4284 829 4338 vestri
849 4284 899 4351 qui
918 4284 1049 4352 loquitur
1068 4283 1099 4337 in
1120 4284 1230 4338 vobis»

55 4380 102 4434 lt.
115 4380 154 4447 X,
170 4379 216 4433 w.
240 4376 322 4442 «Qui
344 4375 432 4431 habet
455 4390 569 4443 auten,
591 4374 691 4431 audiat
716 4374 785 4443 quid
808 4375 937 4444 Spiritus
966 4375 1229 4431 dieat'itoelesiisn

53 4471 137 4539 ipos.
152 4470 193 4539 11,
208 4469 237 4523 7.
255 4487 270 4516 ι
282 4467 488 4524 Testimonium
505 4468 572 4525 issu
589 4470 635 4523 est
652 4465 781 4536 Spiritus
801 4466 998 4537 prophetiae»
1018 4467 1058 4521 ib.
1080 4465 1159 4534 XIX,
1185 4466 1229 4520 10.
