3180 4944
703 334 742 352 -
763 301 824 367 490
843 334 881 352 .-

209 409 300 481 dunt
321 408 491 481 unitatem
514 406 682 499 principii
704 409 874 479 adversus
904 405 1076 476 haeresim
1099 403 1279 475 Anienem.
1301 405 1353 495 (cl.

210 539 298 610 quae
322 517 474 586 diximus
497 517 539 586 de
562 516 713 586 formula
737 517 956 587 occidentali:
984 537 1090 584 eune
1119 512 1354 584 substantieiu

209 624 326 692 tribus
342 623 510 714 personis,
528 651 544 686 r
560 629 754 714 comparate
770 646 847 693 cum
862 623 1014 692 formula
1025 619 1262 708 orientalium
1276 640 1353 689 cunt

209 729 360 799 essentia
381 731 419 798 in
441 731 556 800 tribus
578 729 854 820 hypostasibus»
881 752 988 820 supre
1010 754 1045 821 p.
1064 729 1143 798 125.
1159 729 1266 814 126.).

277 836 436 906 Ceterum
459 836 613 907 vidimus
636 837 824 907 orientales
846 837 952 906 etiem
974 836 1137 927 amplecti
1161 833 1347 905 termulen:

211 967 252 1012 cot
268 944 376 1012 Patre
398 958 430 1011 ct
454 944 565 1025 Filia·
588 966 650 1012 nec
665 942 782 1013 deesse
797 942 955 1028 Latinos,
970 943 1032 1034 qui
1052 963 1162 1035 aeque
1184 940 1349 1031 suscipient

209 1051 368 1121 alteram:
394 1075 435 1119 ec
451 1052 558 1119 Patre
570 1073 634 1140 per
644 1050 791 1132 Fiticm,·
806 1050 866 1142 qui
890 1051 993 1118 immo
1016 1073 1085 1119 non
1107 1050 1225 1118 miuus
1247 1047 1347 1116 diserta

208 1159 396 1228 adstruant
415 1158 664 1249 processionem
681 1159 932 1248 principaliter
954 1179 976 1225 a
997 1159 1114 1242 Patre,
1134 1156 1251 1226 eodem
1272 1175 1346 1224 sensu

209 1290 276 1358 quo
288 1267 474 1336 orientales
488 1269 628 1336 Putrem
645 1266 768 1336 dicunt
778 1268 991 1356 principium
1001 1265 1230 1356 primordiale
1244 1281 1344 1356 cptttt·

207 1393 350 1465 αρκτικην
369 1369 465 1438 ceter
480 1379 601 1464 (supra
612 1399 646 1464 p.
656 1374 735 1443 465.
746 1373 841 1461 471).
855 1373 1029 1444 Videlicet
1043 1373 1130 1443 licet
1140 1372 1256 1443 Filius
1266 1373 1343 1443 elien

208 1480 253 1549 ad
267 1480 365 1550 intra
387 1479 437 1550 sit
459 1480 669 1572 principium
688 1478 811 1575 (ἀρχη),
829 1472 1029 1551 nontamen
1043 1488 1100 1552 est
1114 1482 1190 1552 sine
1203 1480 1342 1573 principio

209 1580 392 1678 (ἄναρχος),
416 1594 453 1657 et
473 1588 549 1658 ideo
565 1588 602 1658 in
617 1588 872 1680 comparatione
895 1613 973 1660 cnm
995 1590 1100 1659 Patre
1115 1612 1226 1683 neque
1243 1607 1341 1681 teporat·

94 1738 98 1745 ·
208 1714 316 1785 apxu3
342 1696 402 1765 sed
431 1689 559 1786 ἀναρχος
585 1702 622 1765 et
649 1691 730 1761 ἀιτια
762 1719 1004 1790 προκαταρκτικη
1031 1696 1129 1765 solus
1158 1698 1262 1766 Pater
1285 1699 1336 1777 etl,

206 1801 322 1870 Filius
345 1809 400 1872 est
422 1798 516 1894 ἀρχη,
544 1801 699 1891 Spiritus
723 1804 872 1873 Sanctus
895 1804 940 1874 ad
962 1803 1059 1872 intre
1078 1826 1149 1872 non
1170 1809 1224 1872 est
1243 1799 1338 1893 priuci-

207 1908 304 1997 pium
340 1931 505 1999 personae
535 1909 695 1978 ulterius.
733 1910 809 1980 Hoc
840 1908 1071 2000 pulcherrime
1100 1909 1197 1979 dixit
1223 1909 1335 1997 crepe.

207 2013 295 2083 st.
311 2037 361 2083 or.
374 2015 431 2085 42.
445 2016 491 2085 nl.
505 2015 560 2084 32.
575 2016 691 2085 n.15.:
720 2016 916 2106 «principii
934 2039 1069 2107 expers,
1086 2023 1124 2086 et
1145 2014 1333 2106 principium,

207 2124 246 2187 et
268 2118 329 2211 qui
352 2126 407 2189 est
428 2144 505 2190 cum
528 2122 712 2213 principio,
738 2145 830 2191 unus
852 2128 907 2192 est
928 2124 1067 2193 Deus...
1084 2121 1221 2193 Nomen
1241 2118 1336 2214 princi

206 2225 257 2315 pii
279 2228 415 2317 experti
437 2235 492 2298 est
515 2231 645 2313 Peter,
670 2230 841 2322 principio
867 2233 1008 2314 Filiae,
1031 2232 1065 2300 ei
1087 2231 1149 2324 qui
1171 2253 1248 2301 cum
1264 2226 1330 2320 prio·

208 2330 299 2422 cipio
323 2337 473 2420 (nomeu)
496 2335 650 2424 Spiritus
668 2338 813 2405 Sanctae
824 2361 837 2419 ‚·
855 2342 985 2406 nature
1015 2341 1131 2415 eutem
1152 2336 1263 2406 tribue
1286 2352 1334 2402 uua

208 2461 327 2530 nempe
350 2441 457 2511 Deus.
467 2440 558 2510 Unio
581 2465 663 2513 vero
686 2450 741 2513 est
762 2446 879 2530 Pater,
894 2467 936 2513 ex
959 2467 1026 2536 quo
1049 2449 1088 2514 et
1117 2445 1162 2514 ad
1186 2466 1275 2537 quem
1298 2460 1332 2509 rc·

207 2545 396 2633 feruntur,
421 2548 483 2639 qui
506 2548 626 2618 ordine
648 2551 850 2640 procedunt.
870 2553 887 2613 n'
914 2551 964 2638 (1)

272 2653 316 2722 2⁹.
336 2653 375 2723 Si
398 2661 582 2724 contextus
597 2657 667 2747 ipsi
682 2658 827 2727 Petrum
849 2658 1085 2749 inspicientur
1100 2679 1142 2729 cc
1157 2657 1277 2741 modus,
1287 2671 1333 2747 quo

206 2760 329 2830 docent
351 2763 599 2851 processionem
623 2764 778 2855 Spiritus
802 2765 923 2835 Sancti
946 2791 968 2832 c
994 2767 1102 2835 Patre
1123 2792 1191 2858 per
1211 2765 1331 2840 retur,

206 2866 249 2935 de
271 2890 390 2936 eorum
406 2892 508 2938 sensu
532 2892 573 2939 eo
595 2893 762 2940 consensu
793 2895 870 2942 cum
899 2873 1066 2942 Patribus
1096 2869 1333 2944 occidenalibu

205 2973 328 3043 nullus
351 2975 564 3068 relinquitur
587 2978 772 3047 dubitandi
793 2980 903 3049 locus.

274 3082 363 3151 Nem
388 3086 424 3169 a)
447 3107 516 3152 non
539 3085 649 3154 solum
681 3086 886 3176 simpliciter
916 3089 1170 3177 processionem
1198 3089 1334 3158 diruto

206 3186 311 3256 Putre
332 3211 394 3276 per
416 3189 559 3276 Filium,
575 3191 634 3260 sed
649 3191 780 3261 directe
796 3193 987 3280 declarant,
1008 3194 1076 3262 sibi
1092 3217 1272 3264 sermonen
1284 3207 1333 3259 cett

207 3292 249 3361 de
261 3293 466 3365 immanente
479 3303 515 3365 et
527 3303 669 3366 aeterne
679 3300 894 3390 processione
906 3323 1071 3392 personae
1083 3300 1236 3392 Spiritus
1246 3289 1333 3367 Seucti

111 3420 115 3431 ’
207 3420 295 3490 quae
318 3400 366 3468 sit
382 3425 447 3490 per
478 3404 638 3487 Filium,
670 3405 822 3498 edeoque
843 3430 913 3475 non
936 3406 1047 3475 solum
1077 3406 1120 3476 de
1142 3397 1332 3475 missioneed

206 3512 319 3576 extra.
334 3507 448 3577 Aiunt
471 3507 585 3596 enim,
616 3511 790 3602 Spiritum
816 3513 982 3584 Sanctum
1009 3515 1194 3605 procedere
1225 3534 1278 3605 per
1294 3504 1330 3576 li·

205 3613 293 3682 lium
317 3617 558 3700 essentialiter,
581 3618 759 3686 secundom
779 3624 969 3704 essentiam,
988 3627 1131 3705 cature,
1145 3619 1329 3688 naturaliter.

205 3720 295 3790 Vide
316 3722 399 3792 test
371 3723 516 3792 trmonie
537 3724 575 3792 in
598 3724 685 3795 locis
708 3727 826 3796 citatis
848 3750 955 3817 supra
976 3751 1012 3818 p.
1021 3730 1102 3797 460.

273 3828 306 3915 d)
328 3827 572 3900 Describunt
561 3854 670 3924 ipsam
692 3832 782 3903 hunc
804 3835 1064 3924 processionem,
1090 3835 1178 3928 quid
1197 3837 1252 3915 rit·
1270 3847 1329 3900 0000·

206 3933 379 4004 municeri
401 3937 566 4009 nimirum
589 3945 754 4011 naturam
783 3963 806 4009 c
833 3942 940 4011 Petro
968 3965 1029 4033 per
1055 3941 1189 4012 Filium
1215 3927 1329 4030 Spiritui

259 4107 1328 4196 (1)’οαο,καιΑρχςαιᾶρχηητοεημηςρχηςςὲιθως.οημο000

204 4221 418 4278 00000000
419 4208 829 4285 retexet
797 4217 965 4284 000000
984 4208 1192 4287 0000000κο0
1196 4207 1328 4285 ’000000

206 4299 324 4364 porroet
344 4313 398 4359 ος
420 4297 714 4370 perpetis
670 4298 1100 4374 ενωιισςδοπατηρ,ι“ὄαιξνκ
1073 4302 1249 4375 00000000
1232 4295 1327 4367 ‘W‘

206 4384 333 4451 steint-
