3172 4950
679 302 860 366 -521-

191 409 261 481 sari
283 414 412 501 posset.
426 408 478 478 At
499 407 604 477 simul
626 407 850 479 manifestum
872 413 938 495 est,
956 412 1166 501 quantopere
1180 407 1277 478 hisce
1292 407 1352 479 ho·

190 518 341 613 minibus
362 516 513 587 eruditis
535 515 673 609 quidem
696 517 816 586 sedin
839 515 921 586 eliis
943 522 1036 587 certe
1059 515 1232 607 capitibus
1255 516 1354 608 inge-

189 628 245 697 nio
267 624 374 695 nimis
397 624 603 716 praefidenti
625 647 647 694 a
669 646 755 694 sans
785 623 943 694 doctrina
971 623 1085 694 deviis
1113 624 1356 715 praestiterint

190 732 430 823 SSDoctoree
442 753 564 802 secure
576 753 617 802 ac
628 731 774 823 limpida
785 731 853 801 fide
864 736 900 801 et
910 729 1142 821 explicatione
1153 729 1356 802 intimorum

188 837 420 930 penetralium
454 837 616 928 mysterii
640 837 703 907 SS.
728 837 918 908 Trinitatis
940 838 979 907 in
1001 837 1172 907 relatione
1195 837 1354 928 Spiritus

189 945 313 1016 Sancti
335 945 380 1013 ad
402 946 543 1015 Patrem
566 951 603 1015 et
616 943 748 1014 Filium
754 945 1001 1031 ,Athanasius
1015 944 1168 1037 inquam,
1185 945 1354 1033 Basilius,

188 1053 397 1143 Nyssenus,
417 1049 665 1143 Epiphaniae,
687 1050 869 1140 cyrillus,
895 1056 938 1121 ut
958 1050 1052 1120 nihil
1081 1051 1196 1121 dicam
1227 1052 1270 1121 de
1291 1053 1357 1122 Pa·
1434 1096 1439 1105 ·

188 1158 306 1229 tribus
328 1156 475 1244 Ietinis,
500 1158 666 1245 Hilario,
691 1158 899 1246 Ambrosio,
923 1158 1149 1249 Augustino,
1175 1158 1290 1230 Leone
1320 1164 1357 1230 et

188 1264 320 1336 ceteris
343 1263 516 1356 deinceps.

621 1419 765 1481 THESIS
786 1420 934 1482 XXXIX.

420 1533 466 1597 De
486 1535 639 1613 oppositis
659 1537 861 1613 circumeatis
880 1535 1130 1597 Phoeicnorum.

244 1677 259 1706 ι
268 1655 406 1710 Photiani
424 1671 475 1725 pro
495 1671 547 1710 sus
568 1655 707 1722 doctrine,
724 1671 780 1723 qua
793 1655 1015 1723 negentrssiun
1027 1671 1089 1711 curn
1101 1658 1187 1712 Patre
1199 1671 1357 1715 sessurum

190 1771 204 1800 ι
219 1749 396 1821 principium
415 1745 542 1815 Spiritus
560 1745 668 1813 Sancti,
680 1746 791 1799 nullum
805 1746 918 1800 omnino
927 1744 1035 1802 liabent
1044 1749 1105 1803 sive
1117 1747 1281 1816 Scripturas
1295 1750 1358 1803 sive

190 1861 205 1889 ι
219 1837 401 1894 'l'radltionis
420 1835 626 1890 testimonium.
646 1835 792 1900 Quatenus
811 1850 878 1891 vero
899 1836 1056 1891 doctrinam
1075 1843 1161 1905 pene's
1172 1839 1280 1892 Patres
1299 1841 1358 1893 tem

192 1942 339 1994 suescas
358 1941 442 1994 quem
459 1925 568 1979 lutinos
586 1925 779 1979 universalem
798 1924 912 1979 eludare
930 1928 1077 1993 conentur,
1096 1925 1259 1981 manifestis
1271 1925 1358 1983 caull-

191 2036 207 2066 ι
221 2013 383 2070 latioribus
401 2016 532 2068 utuntur.
548 2032 562 2063 s

260 2136 306 2206 In
328 2136 394 2207 huc
416 2135 509 2205 thesi
530 2134 767 2205 examinamus
789 2135 1026 2224 fundamento,
1045 2135 1173 2228 quibus
1194 2137 1359 2208 schisma·

192 2244 259 2315 tioi
282 2266 385 2314 suum
408 2243 533 2333 dogma
555 2242 757 2311 confirmare
779 2240 957 2328 nituntur,
981 2241 1081 2311 utin
1103 2245 1360 2335 comparatione

194 2374 275 2421 cnm
299 2349 449 2421 veritate
471 2369 573 2441 quem
595 2349 775 2441 hucusque
807 2347 1130 2435 demonstravimus,
1156 2372 1226 2418 non
1248 2349 1374 2420 solum¹

192 2479 314 2527 eorum
335 2455 523 2526 infirmitas
545 2454 781 2544 intelligatur,
796 2455 855 2524 sed
871 2478 912 2525 ex
935 2456 1013 2547 ipsa
1034 2454 1228 2526 omnimode
1242 2455 1357 2524 ineui-

193 2571 271 2634 tate
282 2568 319 2633 et
333 2561 525 2652 sophistica
536 2560 651 2630 indole
668 2567 964 2652 argumentorum,
979 2563 1023 2631 ad
1039 2584 1127 2655 quse
1142 2584 1179 2632 se
1194 2561 1251 2631 illi
1273 2561 1360 2632 reci·

193 2669 323 2760 piunt,
348 2667 528 2738 doctrinae
550 2666 742 2737 catholicus
764 2667 827 2737 lux
848 2666 958 2736 maior
980 2667 1133 2738 accedat.
1158 2666 1294 2757 Duplex
1317 2688 1361 2736 ex
1412 2714 1416 2725 ·

193 2777 276 2868 ipse
296 2774 350 2845 rei
371 2780 500 2844 natura
521 2796 595 2843 esse
618 2773 758 2844 deberet
779 2779 1061 2864 argumentorum
1084 2774 1218 2862 classis3
1243 2779 1360 2866 postu·

195 2883 320 2953 lentur
342 2888 572 2973 argumenta,
599 2903 686 2975 quac
708 2903 890 2973 possumus
911 2881 1026 2952 dicere
1051 2880 1124 2950 alia
1148 2882 1304 2971 positiva
1325 2885 1362 2950 et

196 2990 352 3077 directe,
376 2990 448 3058 ulis
466 2990 647 3079 polemica.
672 2987 789 3058 Primo
811 2988 903 3058 enim
918 2989 968 3058 eie
991 3011 1092 3059 suum
1107 2988 1233 3078 dogma
1246 3010 1308 3078 per
1324 3008 1361 3058 ee
1432 3050 1435 3055 .

196 3102 236 3166 et
257 3095 416 3165 absolute
439 3096 742 3166 demonstrandum
766 3102 856 3166 esset
871 3095 909 3164 in
924 3093 1137 3166 revelatione
1148 3100 1360 3181 contentum,

196 3202 323 3274 deinde
345 3202 648 3272 demonstrandum
659 3207 751 3272 esset
763 3208 957 3293 comparate
974 3226 1051 3273 curn
1063 3201 1223 3272 doctrine
1243 3200 1363 3271 Eccle-

197 3311 271 3380 siae
294 3309 498 3394 catholicoe,
516 3309 552 3377 h.
563 3331 594 3378 e.
612 3309 778 3380 solvende
796 3310 847 3378 eis
870 3317 985 3380 essent
1000 3314 1218 3399 arguments,
1237 3307 1363 3401 quibus

198 3417 394 3487 doctrinam
416 3415 623 3485 catholicam
646 3416 858 3486 ostendimus
874 3416 912 3485 in
928 3417 1093 3486 universa
1107 3414 1364 3507 praedicatione

198 3521 437 3594 ecclesiastica
459 3523 748 3612 comprehensam.
764 3523 901 3592 Revera
923 3522 1222 3592 schismaticorum
1237 3520 1363 3590 velita·

198 3634 313 3700 tiones
335 3630 380 3698 cd
403 3629 494 3698 hunc
510 3627 682 3718 duplicem
697 3628 851 3700 ordinem
867 3651 1026 3700 revocem
1015 3628 1194 3719 oneeunt
1208 3626 1363 3696 Primum

199 3757 284 3826 ergo
296 3734 449 3804 dicemus
461 3736 503 3804 de
515 3734 732 3825 argumentis
747 3733 1055 3827 positivis,quibue
1071 3737 1222 3802 utuntur
1235 3731 1294 3801 vel
1310 3728 1365 3800 uti

199 3847 346 3933 possunt
367 3841 412 3909 ad
435 3841 759 3911 demonstrationem
782 3842 840 3910 sui
872 3839 1066 3931 dogmatis,
1090 3844 1166 3908 tum
1188 3836 1264 3908 de
1252 3858 1364 3930 rmpu·

199 3947 368 4038 gnstione
389 3945 567 4038 polemico,
593 3968 662 4039 qua
691 3945 950 4016 Catholicorum
972 3946 1198 4015 fundamenta
1222 3947 1365 4016 subver-

200 4058 276 4122 tere
300 4058 482 4123 conentur.

265 4158 298 4226 Ι.
322 4159 457 4248 Dogma
479 4158 521 4227 de
544 4181 611 4250 quo
634 4158 830 4251 quaeritur,
855 4164 971 4250 potest
986 4157 1138 4251 spectari
1161 4158 1363 4250 dupliciter:

202 4264 245 4334 1·.
264 4265 356 4358 quod
379 4265 535 4355 Spiritus
559 4266 709 4336 Sanctus
731 4266 887 4357 procedit
909 4289 951 4336 ex
973 4267 1095 4353 Patre;
1120 4266 1164 4336 2⁶.
1183 4266 1273 4359 quod
1287 4287 1365 4360 pro·

201 4371 297 4442 cedit
319 4393 362 4440 ex
383 4371 489 4441 Patre
511 4373 583 4441 solo
606 4373 651 4443 ad
665 4371 898 4442 exclusionem
919 4372 1008 4443 Filii
1030 4373 1109 4460 ita,
1135 4379 1266 4442 utnon
1286 4394 1366 4466 pro·
