3172 4950
700 366 737 380 -
759 334 820 396 553
841 369 878 383 -

201 440 299 525 lius,
324 446 430 532 atque
452 439 568 509 Filius
590 439 683 508 nihil
705 445 820 530 potest
841 463 863 508 a
887 465 923 512 se
946 443 1061 511 facere
1085 441 1144 510 sed
1169 438 1259 509 facit
1283 438 1379 507 simi-

203 549 313 633 liter,
338 569 573 640 quaecumque
596 548 685 617 facit
706 547 824 634 Pater,
846 572 888 618 ex
911 550 977 619 hac
994 549 1132 618 unitate
1155 546 1327 617 essentiae
1343 551 1379 615 et

203 656 432 726 distinctione
455 680 516 747 per
532 656 704 745 originem
716 655 881 726 Christus
896 658 1065 726 Dominus
1082 658 1156 747 ipse
1174 657 1283 724 infert
1296 654 1376 723 mis·

205 765 337 834 sionem
358 763 447 832 Filii
469 786 491 831 a
515 764 621 833 Putre
643 787 718 833 esse
740 764 860 849 talem,
886 770 927 833 ut
949 763 1105 855 postulet
1127 763 1376 855 aequalitatem

205 873 360 957 honoris,
378 895 445 964 quo
461 871 625 942 colendus
648 877 703 941 est
725 871 853 940 missus
876 895 954 941 cum
976 871 1150 941 mittente:
1179 877 1248 939 aut
1263 892 1379 939 omnes

204 978 436 1048 honorificent
457 978 613 1064 Filium,
639 978 735 1047 sicut
756 978 990 1047 honorificent
1019 979 1185 1065 Patrem;
1220 977 1280 1069 qui
1311 1001 1379 1046 non

203 1086 413 1156 honorificat
434 1086 595 1169 Filium,
621 1108 689 1155 non
713 1085 923 1155 honorificat
944 1086 1085 1155 Patrem
1115 1086 1176 1177 qui
1207 1085 1304 1153 misit
1334 1084 1378 1152 il·

202 1193 313 1263 lumn
338 1195 390 1262 Io.
408 1194 452 1264 V.
472 1194 587 1262 18-23.
606 1195 729 1263 Patres
753 1195 954 1286 frequenter
969 1194 1140 1263 refellunt
1154 1192 1252 1261 illem
1276 1192 1378 1261 falla-

203 1302 295 1371 ciam
318 1302 500 1389 Arianam;
519 1302 612 1371 inter
643 1301 732 1370 alios
761 1302 988 1390 Augustinus
1017 1300 1154 1370 indicat
1181 1299 1376 1386 rationem,

202 1431 274 1500 qua
298 1409 579 1499 imperfectiones
602 1408 686 1478 illae
710 1409 943 1478 excludantur
966 1409 1004 1477 in
1027 1408 1190 1477 missione
1212 1429 1379 1498 personae

202 1514 359 1585 divinae.
387 1545 404 1580 s·
417 1516 495 1585 Non
519 1515 595 1583 ideo
619 1516 785 1584 minorem
806 1515 942 1586 Filium
964 1515 1047 1607 quia
1070 1515 1197 1583 missus
1212 1514 1377 1583 estaPs-

201 1631 270 1706 tre,
287 1646 349 1693 nec
362 1623 438 1692 ideo
454 1623 618 1691 minorem
632 1623 804 1714 Spiritum
828 1623 994 1692 Sanctum
1018 1622 1101 1714 quia
1124 1629 1160 1690 et
1181 1623 1287 1691 Pater
1300 1644 1378 1690 eum

202 1730 304 1799 misit
325 1736 362 1798 et
386 1730 513 1815 Filius,
541 1731 758 1800 sufficienter
782 1731 1057 1800 demonstratum
1080 1736 1144 1798 est.
1172 1729 1255 1798 Sive
1286 1729 1378 1797 enim

201 1842 347 1926 propter
363 1836 539 1906 visibilem
562 1842 759 1905 creaturam
790 1837 867 1906 sive
888 1837 1006 1926 potius
1037 1842 1179 1926 propter
1209 1835 1390 1926 principii·

203 1935 545 2029 commendationem,
560 1965 628 2012 non
652 1949 793 2034 propter
816 1944 1102 2035 inaequalitatem
1127 1944 1184 2013 vel
1207 1943 1378 2034 imperili-

203 2057 314 2120 tatem
338 2051 395 2119 vel
418 2050 741 2119 dissimilitudinem
765 2051 984 2121 substantioe
1007 2052 1044 2121 in
1069 2051 1264 2142 Scripturis
1293 2051 1378 2120 haec

205 2158 324 2250 posita
345 2157 620 2246 intelliguntur,
643 2158 745 2250 quia,
778 2158 917 2227 etiamsi
948 2158 1120 2229 voluisset
1149 2159 1244 2228 Deus
1273 2159 1379 2228 Pater

201 2289 265 2356 por
289 2265 479 2334 subiectam
504 2272 699 2335 creaturam
725 2265 917 2335 visibiliter
932 2288 1111 2356 apparere,
1129 2265 1378 2335 absurdissime

204 2379 324 2440 tamen
348 2378 411 2441 sut
432 2395 454 2439 a
475 2372 569 2441 Filio
593 2397 693 2465 quem
716 2375 863 2462 genuit,
889 2381 951 2443 aut
974 2397 995 2441 a
1019 2373 1157 2463 Spiritu
1175 2372 1303 2442 Sancto
1313 2372 1375 2465 qui

201 2482 245 2551 de
268 2481 333 2549 illo
356 2480 524 2570 procedit,
540 2480 667 2549 missus
695 2481 901 2551 diceretura
926 2482 1023 2570 Aug.
1044 2481 1143 2550 Trin.
1162 2481 1226 2551 IV.
1241 2505 1276 2548 n.
1292 2480 1347 2548 32.
1366 2503 1373 2566 ;

203 2589 241 2658 S.
258 2587 328 2656 Th.
344 2586 376 2653 1.
394 2612 427 2678 q.
442 2586 500 2656 43.
518 2609 551 2655 a.
564 2587 652 2655 Lod
669 2588 701 2655 1.
719 2588 800 2656 eta.
818 2588 872 2656 Cf.
888 2587 940 2655 th.
955 2587 1129 2655 XXXIII.

268 2694 390 2763 Missio
413 2695 531 2786 Itaque
554 2695 591 2763 in
615 2694 748 2766 divinis
771 2697 839 2765 duo
862 2696 1027 2780 includit,
1047 2695 1146 2765 velut
1170 2696 1372 2765 fundamen·

201 2811 280 2872 tum
307 2808 361 2871 est
381 2800 479 2890 origo
502 2825 668 2892 personae
689 2803 814 2872 missae
843 2826 865 2871 a
885 2804 1058 2888 mittente,
1085 2802 1243 2871 formalis
1259 2809 1375 2872 autem

200 2911 295 2980 ratio
319 2909 494 2978 missionis
515 2911 622 2979 estin
647 2910 831 2980 efficientia
847 2911 967 3002 aliqua
988 2910 1195 2995 extrinseca,
1215 2931 1284 3000 qua
1299 2933 1377 3000 per·

200 3039 288 3085 sona
300 3019 344 3085 ab
356 3017 429 3084 alia
444 3018 631 3106 procedens
647 3016 705 3086 vel
726 3018 972 3086 manifestetur
992 3017 1049 3086 vel
1064 3039 1153 3086 novo
1166 3039 1265 3086 movo
1278 3016 1375 3087 modo

201 3123 353 3214 incipiat
371 3146 445 3192 esse
467 3145 630 3213 praeseus
659 3124 696 3192 in
721 3130 894 3193 creatura.
914 3124 1004 3193 Vide
1023 3124 1058 3192 S.
1078 3125 1174 3213 Aug.
1193 3123 1292 3192 Triu.
1308 3124 1372 3192 IV.

200 3257 236 3300 n.
254 3233 312 3300 27.
330 3232 386 3299 28.
400 3230 481 3300 Nisi
508 3232 599 3300 euim
627 3255 774 3321 persona
793 3254 881 3324 quae
908 3232 1003 3301 mitti
1027 3233 1184 3317 dicitur,
1211 3232 1376 3322 procedat

199 3360 222 3404 a
245 3338 428 3421 mittente,
454 3361 523 3404 non
546 3344 662 3427 potest
677 3338 833 3427 intelligi
857 3339 940 3407 ordo
956 3338 1192 3408 essentialiter
1216 3340 1375 3407 inclusus

200 3445 239 3511 in
267 3444 407 3512 notione
434 3444 607 3513 mittentis
631 3451 667 3514 et
694 3445 803 3513 missi.
829 3446 976 3537 Propter
1011 3447 1259 3537 perfectionem
1283 3447 1374 3515 enim

199 3572 368 3642 personae
391 3551 532 3621 divinae
556 3558 593 3622 et
614 3559 754 3645 propter
778 3553 950 3621 unitatem
973 3559 1121 3623 naturae
1144 3554 1374 3645 dependentia

199 3660 342 3728 missia
371 3660 535 3728 mittente
561 3683 629 3728 non
646 3666 763 3749 potest
785 3684 859 3730 esse
883 3661 1023 3750 proprie
1046 3661 1162 3746 dicta,
1181 3662 1240 3730 sed
1262 3662 1373 3730 solnm

199 3766 295 3835 sicut
316 3766 489 3834 esseutiae
512 3767 564 3835 ita
586 3766 746 3851 virtutis,
773 3767 931 3852 consilii,
951 3767 1164 3856 operationis
1187 3767 1372 3837 communi·

199 3873 293 3943 catio
315 3873 359 3940 ab
383 3895 453 3940 una
476 3895 623 3963 persona
646 3873 683 3941 in
706 3874 835 3959 aliam,
862 3875 953 3965 quod
976 3874 1092 3964 ipsum
1122 3882 1177 3943 est
1199 3874 1373 3965 processio

202 3980 309 4049 unius
339 3980 383 4048 ab
406 3979 490 4047 elia.

265 4088 373 4155 Porro
399 4088 511 4180 quoad
535 4089 742 4174 terminum,
770 4089 815 4156 ad
838 4114 935 4181 quem
964 4091 1029 4158 fiat
1054 4090 1193 4176 missio,
1228 4098 1373 4181 propter

197 4194 519 4286 eandempersonae
531 4196 656 4266 missae
669 4197 915 4288 perfectionem
939 4222 1007 4268 non
1030 4203 1148 4288 potest
1171 4221 1245 4267 esse
1261 4221 1373 4266 sermo

199 4303 242 4372 de
265 4303 459 4373 mutatione
482 4305 556 4375 sive
582 4305 688 4374 locali
707 4305 783 4375 sive
807 4307 934 4399 quavis
954 4306 1026 4374 alia
1053 4307 1090 4375 in
1113 4306 1191 4398 ipsa
1212 4328 1369 4397 persona,

199 4410 261 4479 sed
282 4410 430 4480 mutatio
452 4411 648 4481 necessario
672 4411 771 4481 sistit
792 4413 830 4482 in
854 4419 1039 4499 creatura,
1066 4412 1125 4483 cui
1148 4412 1271 4484 divina
1293 4435 1369 4503 per·
