3172 4950
628 351 666 365 -
688 318 748 381 305
768 351 805 367 -

210 423 316 495 «Cum
339 429 525 495 conaretur
548 423 702 493 humana
723 425 841 515 inopia
871 424 1040 518 loquendo
1072 424 1228 516 proferre
1257 423 1302 494 ad

192 535 307 602 minum
331 554 479 615 sensus,
505 532 595 624 quod
618 532 656 599 in
680 534 866 602 secretario
898 532 1025 602 mentis
1048 555 1110 623 pro
1133 536 1239 620 captu
1253 539 1302 600 te·

191 640 255 710 lde
275 641 424 709 Domino
447 640 519 707 Deo
542 644 698 707 creatore
715 662 818 708 suo...
837 639 958 708 timuit
973 639 1088 709 dicere
1103 644 1176 707 tres
1192 661 1303 707 essen·

191 771 223 833 s,
244 771 287 816 ue
318 747 585 836 intelligeretur
615 747 653 814 iu
682 747 747 814 illa
779 769 911 815 summa
942 746 1156 839 aequalitate
1185 746 1305 838 aliqua

191 854 335 942 ransitum
362 878 487 923 rursus
509 877 578 923 uon
602 876 676 923 esso
699 856 771 923 tria
794 854 983 946 quaedam,
1009 877 1077 923 nou
1101 859 1238 943 poterat
1252 851 1302 920 di·

191 985 233 1047 u,
256 962 350 1054 quod
373 961 552 1031 Sabellius
575 961 659 1053 quia
681 961 796 1046 dixit,
821 962 859 1029 in
891 962 1062 1030 haeresim
1092 961 1213 1051 lapsus
1235 967 1301 1030 est.

190 1069 331 1138 rtissime
356 1069 483 1161 quippe
506 1068 548 1135 de
582 1067 777 1156 Scripturis
808 1069 1073 1158 cognoscitur...
1100 1074 1136 1138 et
1165 1068 1304 1136 Patrem

190 1183 264 1247 reat
285 1176 420 1244 Filium
444 1182 481 1245 et
504 1174 678 1265 Spiritum
702 1175 881 1262 Sanctum
899 1198 962 1244 nec
977 1175 1110 1243 Filium
1125 1197 1199 1244 esss
1211 1177 1304 1244 eum·

190 1307 224 1368 u,
239 1283 300 1376 qui
316 1284 423 1351 Pater
446 1289 501 1352 est
523 1291 590 1351 etc.
606 1282 793 1365 Quaesivit
809 1281 894 1373 quid
910 1282 982 1350 tria
999 1282 1143 1365 diceret,
1161 1289 1198 1351 et
1213 1282 1306 1350 dixit

190 1391 349 1459 balantias
372 1391 611 1480 (hypostases)
635 1391 710 1460 siva
734 1412 922 1480 personas,
956 1390 1090 1480 quibus.
1104 1389 1303 1458 nominihus

190 1497 469 1567 ndiversitatem
492 1496 650 1586 intelligi
673 1496 807 1580 voluit,
841 1497 900 1565 sed
932 1497 1216 1586 singularitatem
1246 1518 1304 1566 no·

189 1603 226 1689 it;
248 1610 381 1672 utnon
406 1604 520 1673 solum
543 1604 594 1672 ibi
618 1604 736 1672 unitas
760 1604 987 1694 intelligatur
1010 1627 1052 1673 ex
1077 1627 1116 1673 eo
1140 1604 1230 1694 quod
1253 1603 1304 1673 di·

189 1730 230 1778 ‚ur
250 1732 319 1778 una
341 1711 517 1795 essentia,
545 1711 665 1781 sedet
689 1711 848 1779 Trinitas
875 1734 917 1780 ex
948 1733 987 1779 eo
1018 1711 1109 1803 quod
1139 1710 1305 1781 dicuntur

189 1838 212 1885 es
229 1818 445 1887 substantias
468 1818 526 1889 vel
549 1840 771 1908 personae...
791 1819 909 1912 Atque
932 1819 985 1887 ita
1008 1819 1231 1888 dicaturum
1255 1843 1305 1890 es·

189 1925 290 2010 utiam,
314 1933 446 1995 utnon
469 1927 648 1995 existimet
669 1926 767 1996 aliud
791 1927 861 1995 ulio
885 1927 998 1995 maius
1021 1928 1079 1997 vel
1102 1928 1226 1997 melius
1249 1928 1307 1999 vel

189 2030 252 2123 iqua
272 2055 314 2103 ex
339 2040 439 2123 parta
462 2033 652 2121 diversum,
678 2057 747 2102 nou
769 2041 885 2104 tamen
909 2041 950 2103 ut
971 2036 1077 2104 Pater
1100 2036 1174 2125 ipsa
1199 2034 1249 2105 sit
1271 2040 1307 2105 et

189 2138 248 2208 lius
269 2147 306 2210 et
328 2141 486 2231 Spiritus
503 2142 665 2228 Sanctus,
681 2149 718 2212 et
733 2142 904 2235 quidquid
920 2143 1018 2211 aliud
1035 2143 1079 2211 ad
1096 2143 1307 2212 alterutrum

188 2246 309 2334 dativa)
334 2249 501 2319 dicuutur
595 2258 736 2341 propter
759 2251 850 2342 quod
873 2257 909 2319 et
931 2249 1103 2340 pluralem
1126 2273 1307 2319 numerum

188 2354 344 2440 {uittunt,
370 2358 464 2426 sicut
486 2359 654 2448 scriptum
678 2364 733 2426 est
755 2358 792 2426 in
807 2359 1028 2447 Evangelio:
1054 2381 1118 2448 ego
1142 2366 1178 2428 et
1193 2344 1308 2427 ¹Pater

188 2484 240 2531 um
261 2489 415 2532 sumus...
430 2466 507 2533 Aut
529 2466 560 2534 si
584 2465 652 2533 iam
676 2465 791 2555 placat
813 2473 955 2556 propter
970 2466 1174 2557 disputandi
1190 2488 1307 2534 necas·

188 2576 298 2657 tutem,
324 2574 430 2641 etiam
453 2573 610 2663 exceptis
632 2572 829 2642 nominibus
850 2574 1032 2657 relativis,
1058 2573 1229 2665 pluralem
1244 2596 1307 2642 nu·

187 2698 264 2748 rrum
286 2680 484 2765 admittere,
503 2687 545 2749 ut
567 2704 635 2749 uno
658 2681 793 2750 nomine
817 2682 1082 2771 respondeatur,
1101 2704 1178 2749 cum
1204 2703 1307 2774 quac·

187 2792 239 2872 tur,
256 2788 340 2880 quid
364 2788 448 2871 tria,
466 2794 502 2856 et
524 2787 638 2856 dicere
657 2795 729 2857 tres
746 2789 963 2857 substautias
978 2787 1216 2878 (hypostases)
1233 2788 1308 2857 siva

187 2912 212 2961 rs
228 2916 404 2986 personas,
427 2895 545 2965 nullae
569 2895 675 2963 moles
691 2901 755 2963 aut
772 2896 962 2964 intervalla
978 2895 1189 2986 cogitentur,
1208 2895 1308 2965 nulla

187 3004 302 3073 nuntia
341 3003 679 3094 quantulaecumque
714 3003 1016 3072 dissimilitudinis
1032 3054 1099 3073 .....
1126 3011 1167 3073 ut
1197 3027 1307 3096 neque

188 3129 357 3180 nouarum
381 3111 430 3179 sit
453 3104 640 3194 confusio,¹
657 3133 720 3178 nec
747 3110 832 3178 talis
863 3110 1059 3193 distinctio,
1085 3132 1153 3202 qua
1176 3110 1224 3179 sit
1246 3110 1309 3177 im·

186 3236 205 3283 r
223 3216 368 3307 aliquid.
387 3243 403 3277 n
429 3216 524 3304 Aug.
544 3217 592 3283 ib.
612 3215 769 3284 n.9.12.

206 3322 427 3413 Augustinus
450 3322 569 3413 itaque
592 3343 661 3388 nou
685 3321 796 3390 solum
819 3346 889 3390 nou
912 3322 1012 3408 dicit,
1040 3331 1082 3393 ut
1105 3323 1311 3394 Gduthsrus

186 3448 229 3499 rnc
250 3431 364 3501 locum
388 3430 562 3513 detorsit,
587 3451 688 3520 posse
718 3430 916 3519 praedicari
946 3437 1020 3500 tres
1053 3431 1144 3500 Deos
1175 3438 1210 3499 at
1239 3439 1312 3501 tres

186 3538 311 3623 anuas,
337 3537 408 3606 nisi
427 3537 582 3606 rationes
606 3538 825 3607 extrinsecae
842 3539 1032 3626 obstarent;
1049 3539 1107 3607 sed
1127 3539 1229 3606 immo
1245 3539 1308 3622 ait,

186 3643 223 3712 ria
242 3645 379 3729 omuino
403 3668 495 3713 unus
518 3651 572 3715 cst
594 3644 690 3713 Deus
712 3652 749 3714 et
771 3668 841 3715 una
871 3647 1045 3731 essentia,
1071 3668 1181 3737 neque
1211 3668 1310 3735 posse
1388 3650 1419 3725 ’,

187 3752 211 3820 ci
229 3759 300 3824 tres
322 3773 489 3844 personas
512 3751 550 3819 iu
567 3752 825 3841 significatione
841 3754 1006 3838 absoluti,
1026 3752 1085 3820 sed
1107 3752 1219 3820 solum
1236 3775 1311 3843 per·

185 3887 365 3943 tudiniacus
385 3891 454 3942 sunt
466 3887 663 3954 substantiae,
679 3889 870 3953 cognoscitur.
887 3889 984 3952 Quare
1004 3889 1035 3941 in
1059 3903 1167 3941 summa
1186 3890 1313 3942 essartis

185 3983 214 4033 ut
227 3995 281 4035 nou
303 3984 373 4033 suut
386 3981 482 4046 pluras
505 3979 701 4045 substantiae,
728 3980 773 4032 ita
794 3996 845 4033 nac
862 3982 959 4047 plures
981 3995 1123 4048 personae
1141 3978 1179 4052 (st
1203 3978 1313 4033 intelli·

185 4072 221 4123 tur
243 4086 365 4139 persona
390 4070 471 4121 utin
497 4068 602 4121 creatis
616 4072 760 4135 tamquam
776 4065 984 4140 absolutum)...
1005 4070 1070 4122 Nisi
1091 4070 1156 4135 quis
1181 4069 1311 4122 fortciu·

185 4162 264 4222 lautia
285 4158 411 4214 nominis
434 4158 546 4225 propria
564 4159 763 4212 convenientis
783 4163 895 4213 coactus
917 4160 1038 4226 elegerit
1054 4159 1172 4226 aliquod
1192 4173 1227 4211 ex
1246 4159 1309 4212 illis

185 4250 313 4317 cluibus,
335 4265 408 4317 quas
427 4248 582 4315 pluraliter
602 4248 636 4301 da
658 4264 765 4301 summa
785 4251 912 4303 cosantia
932 4250 989 4303 dici
1011 4265 1068 4302 non
1091 4252 1257 4315 possunt
1279 4252 1312 4300 ut

185 4336 262 4409 licat,
277 4342 360 4395 illam
383 4339 580 4392 admirabilem
602 4338 775 4392 Trinitatem
796 4355 857 4393 esse
878 4356 961 4393 unam
983 4340 1137 4393 assentiam
1161 4338 1206 4389 val
1222 4340 1312 4390 natu·

184 4444 213 4495 r,
231 4435 263 4486 at
285 4434 347 4485 tros
368 4444 505 4498 personas
528 4431 591 4484 slva
614 4430 822 4484 snbstantias·
843 4430 1161 4496 samumuonorog.
1173 4445 1198 4483 c.
1212 4426 1257 4480 78.
