3172 4950
679 338 718 354 -
739 306 799 370 303
820 338 858 352 -

212 413 256 481 scd
275 417 311 481 nt
330 411 581 497 existentium,
606 417 643 482 et
665 413 742 482 ideo
765 414 872 482 etiam
895 413 940 482 ad
971 412 1196 504 aliquatenus
1227 411 1357 482 intelli·
1449 472 1452 477 .

208 521 331 611 gandam
352 520 525 590 rationem
547 520 774 591 intrinsecam
798 521 1013 591 necessariae
1036 521 1256 589 existentiae.

257 628 328 697 Uno
351 630 458 697 verbo
481 650 663 718 possumus
687 630 814 699 dicere:
840 629 930 721 quod
952 644 1069 694 notum
1093 643 1140 695 est
1163 630 1230 696 Dei
1253 628 1357 715 (veri-

204 744 248 807 aa
266 735 449 804 rationalis
464 737 563 806 Rom.
581 737 612 805 Ι.
633 737 705 824 19.)
722 761 764 807 ax
782 736 1056 828 perfectionibus
1077 736 1204 805 creatis
1222 736 1358 805 ratione

204 850 300 936 potest
321 844 503 934 intelligi,
530 847 616 937 quia
639 861 700 929 est,
725 851 761 914 et
776 845 969 935 analogice,
990 843 1076 936 quid
1093 859 1155 926 esa·
1173 844 1358 934 profunda

205 955 258 1022 θαι·
277 954 461 1041 (veritates
484 955 783 1045 superrationales
808 953 1085 1040 1.Cor.11.10.)
1108 940 1314 1023 revelantur
1337 975 1358 1020 a

206 1061 323 1152 Spiritu
344 1061 436 1146 Dei,
461 1064 546 1152 qaia
570 1077 670 1145 sant,
695 1069 731 1132 et
753 1063 790 1131 in
814 1062 879 1130 hac
896 1062 974 1152 ipsa
990 1061 1203 1130 revelatione
1220 1060 1357 1130 exhibe·

207 1176 253 1239 tur
272 1169 414 1259 spiritui
437 1181 557 1239 nostro
581 1171 746 1260 analogia
769 1194 810 1240 ex
841 1169 1115 1261 perfectionibus
1138 1168 1290 1252 creatis,
1318 1174 1358 1237 ut

208 1278 366 1368 analogice
389 1278 699 1369 apprehendamus,
719 1279 805 1371 quid
829 1293 920 1359 sunt,
938 1285 974 1348 et
997 1303 1068 1369 qua
1091 1280 1281 1345 intrinseca
1302 1302 1357 1343 ne-

211 1391 335 1453 oesuria
356 1390 495 1453 ratione
517 1403 608 1456 arent.
636 1388 694 1456 Sic
717 1386 833 1476 igitur
856 1388 894 1456 in
918 1386 975 1454 his
992 1386 1203 1456 veritatibus
1221 1386 1358 1454 omniuo

210 1495 420 1563 certissimum
443 1500 497 1565 est
518 1496 731 1586 principium
748 1495 811 1564 SS.
826 1495 983 1564 Petrum:
1005 1494 1106 1563 enisi
1124 1494 1355 1577 credideritis,

211 1624 261 1671 ron
280 1603 493 1692 intelligetis
507 1631 525 1667 n
543 1609 600 1691 (ex
614 1605 663 1672 Is.
674 1604 757 1673 VII.
769 1604 801 1671 9.
817 1603 919 1672 iuxta
930 1603 1072 1691 LXX.).
1087 1602 1357 1686 Quamviseuim

212 1708 277 1779 llas
297 1713 374 1802 ipsa
396 1712 593 1803 (explicita)
617 1735 691 1781 esse
714 1735 782 1781 non
805 1717 944 1803 posset,
975 1712 1045 1779 nisi
1065 1711 1196 1802 aliqua
1226 1710 1358 1779 intelli·

212 1820 308 1906 gentia
328 1820 561 1909 praecederet,
586 1843 654 1888 non
678 1821 789 1889 solum
812 1820 1021 1889 motivornm
1038 1819 1298 1904 credibilitatis,
1317 1820 1359 1889 de

213 1928 314 2017 quibus
329 1952 423 1996 nunc
446 1928 538 1996 nihil
562 1927 785 2020 quaerimus,
805 1928 864 1996 sed
888 1927 1001 2017 ipsius
1018 1928 1071 1996 rei
1087 1925 1276 1995 credendae
1292 1928 1355 2014 (l),

213 2030 297 2102 luins
318 2042 433 2103 tamen
458 2035 571 2125 ipsius
594 2035 759 2124 praeviae
789 2035 1047 2124 intelligentiae
1079 2034 1249 2103 obiectum
1282 2034 1359 2124 ipsa

214 2141 355 2210 revelatio
378 2142 542 2227 exhibet,
568 2149 605 2211 et
627 2142 679 2228 (in
703 2141 1055 2231 superrationalibus)
1079 2164 1148 2208 non
1178 2141 1249 2209 nisi
1283 2141 1360 2231 ipsa

214 2249 349 2321 exhibere
372 2256 498 2341 potest.
525 2251 633 2320 Porro
656 2251 724 2320 fide
747 2252 817 2319 iam
840 2250 1044 2340 supposita,
1070 2251 1157 2318 fides
1172 2250 1260 2340 ipsa,
1276 2272 1359 2341 qua·

215 2363 292 2429 brus
312 2361 351 2429 in
366 2382 407 2428 ea
423 2356 618 2429 includitur
635 2381 768 2428 summa
783 2357 950 2447 religiosa
967 2359 1146 2428 veneratio
1162 2365 1198 2426 et
1214 2357 1359 2427 intimus

216 2469 557 2553 monueramus,
583 2468 784 2536 ulteriorem
817 2467 955 2559 quaerit
985 2466 1225 2551 intellectum,
1259 2465 1361 2535 velut

216 2578 335 2648 aedium
361 2578 454 2646 inter
476 2577 578 2646 fidem
600 2584 637 2646 et
661 2577 829 2645 visionem
855 2579 912 2662 (ut
934 2575 986 2643 ait
1010 2574 1257 2659 S.Auselmus)
1283 2581 1295 2660 (
1320 2579 1356 2660 ),
1419 2578 1422 2583 '

216 2685 291 2754 uim
311 2685 416 2754 radix
439 2690 475 2753 et
501 2684 632 2752 semina
664 2684 733 2752 iam
764 2683 802 2750 in
832 2683 929 2752 modo
961 2683 1037 2772 ipso
1067 2680 1294 2752 revelationis
1324 2687 1361 2749 et

215 2786 326 2884 dipsa
349 2793 417 2862 fide
441 2793 676 2862 continentur.

259 2901 464 2970 Consentius
487 2900 731 2990 postulaverat
753 2922 774 2968 a
791 2901 828 2969 S.
846 2900 1061 2990 Augustino,
1088 2904 1129 2967 ut
1148 2899 1360 2991 «quaestio-

210 3024 268 3077 nem
289 3010 481 3079 Trinitatis
504 3009 540 3077 h.
559 3032 589 3077 e.
615 3010 656 3078 de
685 3008 820 3077 unitate
852 3007 1056 3077 divinitatis
1087 3012 1123 3075 et
1152 3007 1360 3076 discretione

207 3132 413 3200 pemonarum
438 3126 539 3188 eante
561 3119 820 3210 prudenterque
843 3117 1059 3202 discutiens,
1084 3117 1245 3185 nebulam
1269 3141 1360 3184 men-

207 3224 313 3298 linita
335 3230 579 3318 abstergeret,
605 3236 647 3296 ut
670 3227 762 3319 quod
786 3227 942 3316 cogitare
965 3226 1066 3316 prius
1096 3249 1164 3293 non
1195 3231 1357 3315 poterat,

204 3326 449 3428 intelligentiae
472 3335 603 3405 lumine
620 3335 835 3404 declaratum
851 3334 962 3403 oculis
979 3333 1225 3426 quodammodo
1243 3332 1362 3403 videre

249 3545 286 3620 (1)
305 3550 386 3601 «Est
404 3550 498 3600 autern
521 3560 616 3599 samen
635 3543 720 3597 huius
740 3542 935 3608 agriculturae
957 3541 1076 3592 verbum
1088 3539 1151 3606 Dei,
1168 3540 1222 3590 imo
1234 3556 1294 3590 noa
1305 3557 1361 3592 eer-

208 3632 428 3699 laureacenses
441 3637 491 3704 qui
505 3636 664 3703 percipitur
675 3651 726 3702 per
747 3635 873 3698 verbnm;
887 3647 942 3684 vox
965 3646 1086 3697 namque
1106 3631 1169 3683 sine
1186 3645 1271 3682 sensu
1285 3629 1361 3682 nihil

208 3729 342 3781 anstitnit
359 3729 391 3781 in
410 3725 526 3780 corde...
540 3724 619 3788 Quod
636 3726 730 3775 autem
749 3723 820 3775 dicit
843 3715 1042 3795 (Apostolus)
1066 3719 1147 3771 fldem
1172 3734 1233 3770 esso
1258 3734 1292 3770 cx
1314 3733 1360 3770 au-

211 3808 278 3884 litu,
299 3816 521 3882 intelligendam
535 3816 598 3880 est,
621 3813 689 3880 quia
708 3812 777 3865 fidas
798 3815 843 3864 est
862 3827 896 3864 ex
910 3811 970 3875 hoe,
988 3808 1063 3875 quod
1075 3808 1201 3875 concipit
1219 3823 1297 3860 mans
1312 3823 1362 3875 per

212 3906 338 3973 scritum,
359 3922 451 3975 neque
471 3907 515 3959 ita
536 3909 569 3958 nt
589 3905 651 3957 sola
671 3903 817 3970 conceptio
833 3903 938 3954 mentis
962 3900 1051 3952 faciat
1070 3899 1152 3951 fldem
1173 3900 1205 3951 in
1226 3899 1359 3964 homine,

214 3993 253 4045 scd
262 3997 323 4063 quia
334 3997 404 4050 fides
418 4011 480 4050 esse
495 3995 598 4062 nequit
608 3994 670 4047 sina
683 3993 885 4059 conceptione»
901 3991 929 4044 S.
942 3990 1122 4043 anselmae
1135 3988 1270 4042 Concord.
1286 3992 1360 4053 grat.

215 4084 287 4139 aba
298 4089 357 4141 arb.
370 4105 399 4155 q.
410 4089 467 4141 111.
479 4104 503 4141 c.
516 4088 542 4140 6.

255 4171 290 4244 (l)
308 4176 470 4241 “Quoniam
489 4178 567 4230 inter
584 4178 666 4230 fldem
687 4181 716 4230 et
736 4174 857 4242 speciem
872 4170 1062 4233 intellectum,
1087 4182 1169 4233 quam
1189 4167 1219 4219 iu
1233 4168 1286 4221 hac
1299 4168 1362 4221 vita

191 4311 197 4324 .
215 4262 333 4333 lapinus,
359 4284 422 4321 esse
445 4268 566 4320 medium
586 4267 730 4331 intelligo,
745 4268 851 4333 quanto
871 4262 979 4329 aliquis
993 4255 1028 4309 ad
1041 4258 1125 4309 illum
1139 4257 1260 4323 proficit,
1277 4261 1360 4309 tanto

216 4338 261 4406 ll!
277 4361 465 4428 propinquare
485 4357 589 4425 speciei
602 4399 607 4423 ,
631 4358 761 4424 adquam
777 4370 873 4410 omnes
888 4355 1064 4419 anhelamus,
1080 4352 1215 4406 existimo
1228 4369 1240 4398 n
1262 4348 1291 4403 S·
1305 4347 1361 4400 An-

217 4444 324 4504 abac
343 4450 398 4504 fide
421 4448 503 4503 Tria.
518 4448 643 4502 Ptaefat.
