3172 4950
704 311 742 326 -
763 281 824 341 2³4
845 308 882 326 ..

208 406 386 477 personas5
411 407 492 454 nam
514 387 560 455 de
572 384 630 454 his
645 384 907 467 characteribus
923 380 1275 474 distingucnubmet
1287 382 1365 452 inter

209 518 246 564 se
260 495 441 565 distinctis
453 495 490 562 in
507 500 672 564 contextu
687 494 886 565 immediate
901 491 1122 564 antecedenti
1135 490 1278 561 locutus
1288 497 1361 560 erat
1397 580 1400 585 Ι

210 601 426 695 Quamquam
448 603 486 671 in
510 602 568 671 his
590 603 752 672 relativis
767 624 928 692 suprema
950 601 1066 686 ratio,
1093 622 1159 670 cur
1185 599 1364 669 uomuia‘u

210 710 362 800 singulis
385 718 421 780 et
444 733 551 779 uuum
574 711 730 795 omnia‚n
756 709 897 780 tandem
919 710 969 780 sit
990 730 1109 778 eorum
1130 707 1241 776 realis
1257 706 1363 776 iderti

208 825 265 887 tas
287 842 365 887 cum
387 817 527 885 infinita
542 823 578 885 et
593 817 755 887 absoluta
769 817 932 886 essentia.
947 814 1071 908 Itaque
1083 836 1153 883 uon
1170 813 1284 883 solum
1298 818 1365 882 suut
1405 892 1407 897 ,

212 952 228 989 a
248 924 391 1013 singula
414 924 452 991 in
475 921 629 1012 singulis
642 951 674 1007 n,
692 929 797 1014 atque
819 923 906 992 adeo
921 921 1115 1015 (loquendo
1137 922 1183 989 da
1204 919 1364 1005 relativis)
1404 926 1407 999 Ξ

209 1030 344 1121 singuli
367 1031 586 1100 characteres
608 1031 860 1100 constituentes
882 1032 919 1099 in
947 1028 1101 1119 singulis
1130 1028 1291 1119 personis
1317 1048 1365 1097 scu
1403 1002 1407 1123 l

208 1160 374 1229 personae
386 1137 546 1227 singulae
562 1138 600 1206 in
615 1160 652 1207 se
667 1137 755 1229 ipsis
767 1144 811 1225 (e.
827 1164 863 1228 g.
878 1138 983 1207 Pater
995 1159 1057 1228 per
1069 1143 1152 1206 acet
1167 1137 1205 1205 in
1218 1157 1256 1204 se
1271 1134 1363 1226 luypo
1404 1128 1407 1209 l

210 1246 343 1332 susis),
363 1244 423 1314 see
438 1245 545 1314 etiam
564 1246 709 1314 «omnia
725 1246 762 1315 n
778 1246 931 1337 angens
944 1269 976 1332 »;
995 1245 1209 1336 pronusque
1225 1244 1264 1312 n
1278 1243 1365 1311 rra
1403 1212 1407 1343 l

208 1375 277 1421 non
300 1353 411 1421 solum
434 1354 630 1443 paternitas
652 1353 870 1424 constituens
892 1353 953 1424 scd
976 1354 1082 1422 etiam
1104 1350 1225 1421 Filius
1247 1357 1284 1421 et
1303 1349 1364 1440 Spi-

208 1462 301 1530 ritus
325 1460 488 1546 Sanctus,
506 1461 667 1551 quamvis
682 1483 751 1529 non
767 1468 943 1554 tamquam
959 1460 1158 1531 formaliter
1169 1459 1363 1529 constitueu·

208 1577 263 1638 tes
284 1570 423 1638 Patrem
447 1567 507 1638 sed
529 1575 707 1660 tamquam
730 1569 871 1639 termini
894 1569 1083 1640 necessarii
1105 1567 1292 1637 intrinseci
1317 1586 1363 1657 ptr

134 1760 136 1766 Α
209 1684 330 1746 urnac
352 1675 604 1745 intellectionis
626 1683 663 1745 et
684 1676 905 1764 dilectionis;
924 1677 1125 1768 pariterque
1148 1676 1187 1743 iu
1208 1674 1363 1743 Filiol's
1401 1698 1407 1773 q

208 1790 264 1854 ter
287 1790 323 1854 et
345 1783 501 1874 Spiritus
524 1783 687 1869 Sanctus,
704 1785 742 1853 in
766 1784 904 1875 Spiritu
927 1784 1055 1854 Sancto
1077 1784 1185 1853 Pater
1201 1790 1239 1854 at
1252 1782 1360 1852 lilius.
1402 1784 1407 1863 ξ

209 1894 284 1962 Hoc
307 1892 384 1982 ipso
407 1898 491 1962 sunt
516 1920 532 1956 a
550 1892 692 1983 singula
715 1893 753 1962 in
770 1893 928 1963 omnibns
942 1901 979 1963 et
993 1893 1109 1962 omnia
1123 1893 1161 1962 in
1177 1891 1360 1982 singulius

210 1999 372 2089 singulae
402 2022 570 2091 personae
598 2001 637 2069 iu
669 2024 705 2070 se
739 2008 776 2070 et
808 2001 847 2070 in
876 2001 1011 2070 duabus
1033 2000 1117 2070 aliis
1139 1999 1361 2093 personis,ct
1400 1992 1404 2003 '

210 2130 326 2177 omnes
347 2107 386 2175 iu
408 2128 626 2200 unaquaque.
653 2107 806 2178 Tandem
833 2139 850 2173 a
863 2108 978 2178 omnia
992 2132 1113 2194 unum,
1133 2135 1151 2172 n
1176 2115 1251 2178 tres
1265 2125 1360 2199 pem

209 2233 274 2284 nae
296 2237 365 2284 non
388 2215 509 2307 utique
532 2237 602 2284 una
617 2239 782 2308 persona,
798 2240 868 2287 non
883 2224 956 2288 tres
971 2240 1074 2305 uuus;
1094 2216 1156 2287 sed
1170 2222 1244 2286 tres
1259 2235 1358 2296 unum,

210 2343 280 2393 una
302 2323 455 2393 essentia
475 2330 511 2392 et
532 2325 628 2394 Deus
650 2348 754 2395 unus.

274 2431 377 2500 Hauc
388 2452 471 2500 vero
486 2437 642 2500 mutuam
658 2431 919 2502 immanentiam
934 2438 971 2502 et
980 2429 1291 2500 identificationem
1303 2428 1360 2496 Aa·

209 2539 375 2629 guttinus
398 2538 498 2608 velut
519 2538 689 2608 rationem
705 2539 940 2609 declarantem
956 2538 1133 2608 connectit
1148 2559 1227 2608 cum
1242 2558 1282 2607 eo
1294 2534 1360 2624 «loa

210 2651 313 2730 mate,
332 2645 423 2737 quod
441 2675 457 2710 u
472 2646 509 2713 in
526 2645 591 2714 illa
607 2666 740 2714 summa
756 2645 932 2714 Trinitate
948 2651 1086 2714 tautum
1101 2651 1156 2714 est
1175 2667 1258 2729 una,
1272 2662 1361 2736 quau

207 2761 283 2822 tum
305 2760 379 2822 tres
402 2753 519 2822 simul.
536 2781 552 2817 n
580 2753 770 2844 Supposita
791 2753 874 2822 fidei
889 2754 1052 2840 veritate,
1067 2753 1158 2845 quod
1173 2753 1285 2822 trium
1294 2748 1363 2848 solis

209 2860 438 2931 relationibus
460 2861 610 2952 originis
632 2862 878 2931 distinctorum
902 2883 973 2931 una
993 2883 1135 2931 numero
1151 2868 1208 2931 est
1228 2857 1364 2932 amenus

209 2991 271 3039 seu
292 2976 422 3038 natura
443 2969 587 3054 divina,
615 2969 720 3040 facile
742 2969 962 3059 intelligitur
983 2990 1055 3038 una
1075 2968 1264 3062 eademque
1286 2968 1363 3035 etro

210 3079 287 3144 lata
308 3077 490 3168 perfectio,
509 3078 585 3146 sive
607 3099 679 3146 nna
701 3099 848 3168 persona
871 3099 958 3170 quae
982 3099 1074 3147 unus
1095 3078 1192 3147 Deus
1213 3083 1280 3162 est,
1303 3075 1365 3144 sivo

209 3191 283 3255 tres
305 3184 568 3255 considerentur
591 3208 679 3277 quae
702 3193 786 3256 sunt
808 3208 901 3256 uuus
920 3186 1012 3256 idem
1034 3187 1140 3272 Deus;
1162 3183 1366 3278 nequeenim

209 3293 362 3362 essentia
384 3299 421 3361 et
443 3292 589 3382 proinde
611 3293 773 3362 absoluta
796 3294 964 3385 perfectio
987 3300 1138 3384 augetur
1170 3292 1230 3363 vel
1262 3289 1367 3362 multi

209 3397 363 3489 plicatur
379 3399 417 3467 in
433 3398 594 3488 pluribus
609 3400 767 3490 personis
780 3422 844 3470 nec
860 3401 1034 3469 minuitur
1048 3400 1085 3468 in
1098 3400 1265 3490 singulis:
1283 3414 1369 3466 auu·

209 3530 343 3577 summa
365 3531 445 3591 res,
472 3529 560 3599 quae
584 3507 757 3578 veraciter
779 3514 835 3577 eet
855 3507 960 3577 Pater
981 3515 1019 3576 at
1039 3506 1156 3576 Filius
1172 3514 1210 3577 ct
1225 3505 1370 3598 Spiritus

209 3615 460 3700 Sanctussstrss
475 3615 578 3681 simul
595 3638 762 3704 personae
785 3630 817 3682 et
840 3616 1013 3706 quaelihet
1036 3615 1258 3682 carumdem
1276 3615 1368 3684 cone.

208 3723 327 3792 Later.
338 3723 402 3793 IV.
419 3723 471 3793 At
494 3723 685 3792 difficultas
709 3729 745 3792 et
760 3744 887 3813 magna
904 3722 1095 3793 diversitas
1112 3723 1314 3814 opinionum
1326 3722 1371 3790 in·

208 3836 263 3899 ter
286 3829 466 3921 theologos
490 3837 629 3916 exstat,
656 3831 793 3923 quando
824 3830 1070 3902 declarandum
1099 3837 1177 3916 est,
1212 3826 1372 3923 quomodo

208 3944 281 4006 tres
303 3960 470 4028 personae
493 3939 689 4009 formaliter
712 3938 901 4010 secuudum
935 3939 1109 4024 relativa,
1136 3939 1268 4032 quibus
1289 3940 1373 4008 inter

209 4065 245 4114 sc
267 4045 412 4114 rualiter
434 4044 714 4137 distinguuntur,
728 4070 797 4115 non
820 4047 893 4115 sint
915 4046 995 4137 plus
1005 4047 1239 4137 perfectionis
1261 4043 1372 4114 relati·

209 4175 270 4219 cne
291 4173 394 4244 quam
417 4175 488 4222 una
510 4176 666 4244 persona.
694 4153 980 4247 Quandoquidem
1011 4160 1084 4223 tres
1107 4160 1192 4223 sunt
1213 4163 1375 4247 personas¹

208 4259 344 4345 reales,
369 4258 456 4330 licet
477 4259 665 4331 distinctae
688 4260 799 4331 solum
822 4268 994 4354 quatenus
1013 4266 1098 4329 suut
1119 4259 1192 4329 tria
1227 4259 1373 4331 relativa

208 4362 253 4436 ad
276 4365 440 4453 invicem,
466 4373 501 4438 et
523 4367 667 4460 proinde
691 4374 775 4438 sunt
797 4374 871 4439 tres
895 4391 949 4438 res
973 4368 1167 4453 relativae,
1194 4368 1271 4439 tria
1285 4366 1374 4441 ends
