<?xml version="1.0" encoding="UTF-8"?>
<!DOCTYPE html PUBLIC "-//W3C//DTD XHTML 1.0 Transitional//EN"
    "http://www.w3.org/TR/xhtml1/DTD/xhtml1-transitional.dtd">
<html xmlns="http://www.w3.org/1999/xhtml" xml:lang="en" lang="en">
 <head>
  <title>
</title>
<meta http-equiv="Content-Type" content="text/html;charset=utf-8" />
  <meta name='ocr-system' content='tesseract 3.04.00' />
  <meta name='ocr-capabilities' content='ocr_page ocr_carea ocr_par ocr_line ocrx_word'/>
</head>
<body>
  <div class='ocr_page' id='page_1' title='image "./tractatusdedeot00frangoog/tractatusdedeot00frangoog_0178.png"; bbox 0 0 3172 4950; ppageno 0'>
   <div class='ocr_carea' id='block_1_1' title="bbox 182 349 1461 3777">
    <p class='ocr_par' dir='ltr' id='par_1_1' title="bbox 704 349 897 409">
     <span class='ocr_line' id='line_1_1' title="bbox 704 349 897 409; baseline 0 -1"><span class='ocrx_word' id='word_1_1' title='bbox 704 381 741 393; x_wconf 96' lang='lat'><em>-</em></span> <span class='ocrx_word' id='word_1_2' title='bbox 767 349 824 409; x_wconf 80' lang='lat'><strong>165</strong></span> <span class='ocrx_word' id='word_1_3' title='bbox 847 364 897 393; x_wconf 84' lang='grc'><strong>-’</strong></span> 
     </span>
    </p>

    <p class='ocr_par' dir='ltr' id='par_1_2' title="bbox 182 451 1461 2370">
     <span class='ocr_line' id='line_1_2' title="bbox 269 451 1383 543; baseline 0.003 -25"><span class='ocrx_word' id='word_1_4' title='bbox 269 453 322 519; x_wconf 76' lang='lat' dir='ltr'><strong>At</strong></span> <span class='ocrx_word' id='word_1_5' title='bbox 344 474 429 520; x_wconf 78' lang='lat' dir='ltr'><strong>vcro</strong></span> <span class='ocrx_word' id='word_1_6' title='bbox 453 457 529 520; x_wconf 91' lang='lat' dir='ltr'><strong>tum</strong></span> <span class='ocrx_word' id='word_1_7' title='bbox 553 458 738 521; x_wconf 85' lang='lat' dir='ltr'><strong>contextus</strong></span> <span class='ocrx_word' id='word_1_8' title='bbox 761 452 985 543; x_wconf 84' lang='lat' dir='ltr'><strong>immediatus</strong></span> <span class='ocrx_word' id='word_1_9' title='bbox 1007 451 1114 520; x_wconf 88' lang='lat' dir='ltr'><strong>huius</strong></span> <span class='ocrx_word' id='word_1_10' title='bbox 1129 451 1199 520; x_wconf 89' lang='lat' dir='ltr'><strong>loci</strong></span> <span class='ocrx_word' id='word_1_11' title='bbox 1214 457 1289 523; x_wconf 88' lang='lat' dir='ltr'><strong>tum</strong></span> <span class='ocrx_word' id='word_1_12' title='bbox 1307 452 1383 521; x_wconf 90' lang='lat' dir='ltr'><strong>nni·</strong></span> 
     </span>
     <span class='ocr_line' id='line_1_3' title="bbox 206 548 1383 628; baseline 0 -4"><span class='ocrx_word' id='word_1_13' title='bbox 206 578 310 625; x_wconf 86' lang='lat' dir='ltr'><strong>versa</strong></span> <span class='ocrx_word' id='word_1_14' title='bbox 331 556 495 626; x_wconf 90' lang='lat' dir='ltr'><strong>doctriua</strong></span> <span class='ocrx_word' id='word_1_15' title='bbox 517 558 554 627; x_wconf 91' lang='lat' dir='ltr'><strong>in</strong></span> <span class='ocrx_word' id='word_1_16' title='bbox 578 548 651 628; x_wconf 76' lang='lat' dir='ltr'><strong>totb</strong></span> <span class='ocrx_word' id='word_1_17' title='bbox 674 557 766 628; x_wconf 93' lang='lat' dir='ltr'><strong>libro</strong></span> <span class='ocrx_word' id='word_1_18' title='bbox 790 565 912 628; x_wconf 89' lang='lat' dir='ltr'><strong>contra</strong></span> <span class='ocrx_word' id='word_1_19' title='bbox 927 559 1097 627; x_wconf 85' lang='lat' dir='ltr'><strong>Praxeam</strong></span> <span class='ocrx_word' id='word_1_20' title='bbox 1112 562 1148 626; x_wconf 92' lang='lat' dir='ltr'><strong>et</strong></span> <span class='ocrx_word' id='word_1_21' title='bbox 1163 557 1249 627; x_wconf 91' lang='lat' dir='ltr'><strong>alibi</strong></span> <span class='ocrx_word' id='word_1_22' title='bbox 1266 559 1383 627; x_wconf 81' lang='lat' dir='ltr'><strong>u&#39;ler·</strong></span> 
     </span>
     <span class='ocr_line' id='line_1_4' title="bbox 205 663 1461 756; baseline 0.003 -25"><span class='ocrx_word' id='word_1_23' title='bbox 205 663 356 732; x_wconf 88' lang='lat' dir='ltr'><strong>tulliano</strong></span> <span class='ocrx_word' id='word_1_24' title='bbox 378 665 522 734; x_wconf 84' lang='lat' dir='ltr'><strong>detensa</strong></span> <span class='ocrx_word' id='word_1_25' title='bbox 546 666 588 736; x_wconf 90' lang='lat' dir='ltr'><strong>de</strong></span> <span class='ocrx_word' id='word_1_26' title='bbox 611 688 681 735; x_wconf 85' lang='lat' dir='ltr'><strong>una</strong></span> <span class='ocrx_word' id='word_1_27' title='bbox 704 667 903 737; x_wconf 85' lang='lat' dir='ltr'><strong>substantia</strong></span> <span class='ocrx_word' id='word_1_28' title='bbox 919 666 1108 751; x_wconf 87' lang='lat' dir='ltr'><strong>acdeitats</strong></span> <span class='ocrx_word' id='word_1_29' title='bbox 1125 667 1162 735; x_wconf 90' lang='lat' dir='ltr'><strong>in</strong></span> <span class='ocrx_word' id='word_1_30' title='bbox 1180 664 1296 734; x_wconf 89' lang='lat' dir='ltr'><strong>tribus</strong></span> <span class='ocrx_word' id='word_1_31' title='bbox 1309 689 1383 756; x_wconf 89' lang='lat' dir='ltr'><strong>per-</strong></span> <span class='ocrx_word' id='word_1_32' title='bbox 1459 719 1461 725; x_wconf 83' lang='lat'><em>.</em></span> 
     </span>
     <span class='ocr_line' id='line_1_5' title="bbox 211 772 1448 869; baseline -0.001 -28"><span class='ocrx_word' id='word_1_33' title='bbox 211 772 302 842; x_wconf 88' lang='lat' dir='ltr'><strong>sonis</strong></span> <span class='ocrx_word' id='word_1_34' title='bbox 324 775 641 862; x_wconf 73' lang='lat' dir='ltr'><strong>substantialibus,</strong></span> <span class='ocrx_word' id='word_1_35' title='bbox 667 777 726 845; x_wconf 89' lang='lat' dir='ltr'><strong>sed</strong></span> <span class='ocrx_word' id='word_1_36' title='bbox 757 798 843 869; x_wconf 91' lang='lat' dir='ltr'><strong>quae</strong></span> <span class='ocrx_word' id='word_1_37' title='bbox 868 776 952 845; x_wconf 90' lang='lat' dir='ltr'><strong>solis</strong></span> <span class='ocrx_word' id='word_1_38' title='bbox 975 775 1207 845; x_wconf 79' lang='lat' dir='ltr'><strong>relationibus</strong></span> <span class='ocrx_word' id='word_1_39' title='bbox 1231 774 1381 863; x_wconf 81' lang='lat' dir='ltr'><strong>originis</strong></span> <span class='ocrx_word' id='word_1_40' title='bbox 1441 784 1448 797; x_wconf 93' lang='lat'>&#39;</span> 
     </span>
     <span class='ocr_line' id='line_1_6' title="bbox 213 879 1384 972; baseline 0.002 -24"><span class='ocrx_word' id='word_1_41' title='bbox 213 879 301 949; x_wconf 86' lang='lat' dir='ltr'><strong>inter</strong></span> <span class='ocrx_word' id='word_1_42' title='bbox 322 902 360 950; x_wconf 88' lang='lat' dir='ltr'><strong>sc</strong></span> <span class='ocrx_word' id='word_1_43' title='bbox 383 881 663 972; x_wconf 85' lang='lat' dir='ltr'><strong>distinguantur,</strong></span> <span class='ocrx_word' id='word_1_44' title='bbox 688 890 761 951; x_wconf 82' lang='lat' dir='ltr'><strong>tam</strong></span> <span class='ocrx_word' id='word_1_45' title='bbox 784 883 964 952; x_wconf 84' lang='lat' dir='ltr'><strong>luculenta</strong></span> <span class='ocrx_word' id='word_1_46' title='bbox 988 888 1053 966; x_wconf 90' lang='lat' dir='ltr'><strong>est,</strong></span> <span class='ocrx_word' id='word_1_47' title='bbox 1073 888 1114 950; x_wconf 90' lang='lat' dir='ltr'><strong>ut</strong></span> <span class='ocrx_word' id='word_1_48' title='bbox 1137 883 1275 952; x_wconf 86' lang='lat' dir='ltr'><strong>Patrem</strong></span> <span class='ocrx_word' id='word_1_49' title='bbox 1303 887 1384 950; x_wconf 69' lang='lat' dir='ltr'><strong>«tot</strong></span> 
     </span>
     <span class='ocr_line' id='line_1_7' title="bbox 218 990 1384 1081; baseline 0.001 -23"><span class='ocrx_word' id='word_1_50' title='bbox 218 995 283 1059; x_wconf 84' lang='lat' dir='ltr'><strong>tam</strong></span> <span class='ocrx_word' id='word_1_51' title='bbox 304 990 568 1060; x_wconf 68' lang='lat' dir='ltr'><strong>substantium»</strong></span> <span class='ocrx_word' id='word_1_52' title='bbox 592 1013 676 1081; x_wconf 89' lang='lat' dir='ltr'><strong>prae</strong></span> <span class='ocrx_word' id='word_1_53' title='bbox 698 991 791 1059; x_wconf 82' lang='lat' dir='ltr'><strong>Filio</strong></span> <span class='ocrx_word' id='word_1_54' title='bbox 814 992 928 1061; x_wconf 87' lang='lat' dir='ltr'><strong>dicere</strong></span> <span class='ocrx_word' id='word_1_55' title='bbox 958 1014 1026 1059; x_wconf 88' lang='lat' dir='ltr'><strong>nou</strong></span> <span class='ocrx_word' id='word_1_56' title='bbox 1059 991 1214 1081; x_wconf 90' lang='lat' dir='ltr'><strong>potuerit</strong></span> <span class='ocrx_word' id='word_1_57' title='bbox 1242 990 1313 1060; x_wconf 87' lang='lat' dir='ltr'><strong>nisi</strong></span> <span class='ocrx_word' id='word_1_58' title='bbox 1329 1010 1384 1069; x_wconf 80' lang='lat' dir='ltr'><strong>ra-</strong></span> 
     </span>
     <span class='ocr_line' id='line_1_8' title="bbox 220 1095 1443 1188; baseline 0 -24"><span class='ocrx_word' id='word_1_59' title='bbox 220 1095 303 1164; x_wconf 86' lang='lat' dir='ltr'><strong>tione</strong></span> <span class='ocrx_word' id='word_1_60' title='bbox 320 1098 510 1186; x_wconf 76' lang='lat' dir='ltr'><strong>principii,</strong></span> <span class='ocrx_word' id='word_1_61' title='bbox 535 1120 598 1166; x_wconf 91' lang='lat' dir='ltr'><strong>nec</strong></span> <span class='ocrx_word' id='word_1_62' title='bbox 620 1097 753 1167; x_wconf 82' lang='lat' dir='ltr'><strong>Filium</strong></span> <span class='ocrx_word' id='word_1_63' title='bbox 774 1099 933 1188; x_wconf 89' lang='lat' dir='ltr'><strong>potuerit</strong></span> <span class='ocrx_word' id='word_1_64' title='bbox 955 1097 1156 1187; x_wconf 82' lang='lat' dir='ltr'><strong>intelligere</strong></span> <span class='ocrx_word' id='word_1_65' title='bbox 1180 1098 1250 1166; x_wconf 85' lang='lat' dir='ltr'><strong>alio</strong></span> <span class='ocrx_word' id='word_1_66' title='bbox 1281 1120 1384 1167; x_wconf 88' lang='lat' dir='ltr'><strong>sensu</strong></span> <span class='ocrx_word' id='word_1_67' title='bbox 1436 1163 1443 1175; x_wconf 80' lang='grc'><strong>,</strong></span> 
     </span>
     <span class='ocr_line' id='line_1_9' title="bbox 224 1204 1385 1299; baseline 0.005 -31"><span class='ocrx_word' id='word_1_68' title='bbox 224 1204 494 1274; x_wconf 72' lang='lat' dir='ltr'><strong>‹derivationem</strong></span> <span class='ocrx_word' id='word_1_69' title='bbox 518 1206 674 1290; x_wconf 78' lang='lat' dir='ltr'><strong>totius,n</strong></span> <span class='ocrx_word' id='word_1_70' title='bbox 700 1207 771 1275; x_wconf 88' lang='lat' dir='ltr'><strong>nisi</strong></span> <span class='ocrx_word' id='word_1_71' title='bbox 794 1207 884 1299; x_wconf 92' lang='lat' dir='ltr'><strong>quod</strong></span> <span class='ocrx_word' id='word_1_72' title='bbox 912 1235 928 1270; x_wconf 77' lang='lat' dir='ltr'><strong>c</strong></span> <span class='ocrx_word' id='word_1_73' title='bbox 947 1212 1060 1276; x_wconf 87' lang='lat' dir='ltr'><strong>totum</strong></span> <span class='ocrx_word' id='word_1_74' title='bbox 1081 1235 1097 1269; x_wconf 78' lang='lat' dir='ltr'><strong>n</strong></span> <span class='ocrx_word' id='word_1_75' title='bbox 1116 1258 1123 1292; x_wconf 88' lang='lat'><strong>,</strong></span> <span class='ocrx_word' id='word_1_76' title='bbox 1149 1209 1226 1296; x_wconf 86' lang='lat' dir='ltr'><strong>ipsa</strong></span> <span class='ocrx_word' id='word_1_77' title='bbox 1249 1206 1385 1276; x_wconf 89' lang='lat' dir='ltr'><strong>scilicet</strong></span> 
     </span>
     <span class='ocr_line' id='line_1_10' title="bbox 224 1309 1385 1404; baseline 0.001 -25"><span class='ocrx_word' id='word_1_78' title='bbox 224 1309 324 1380; x_wconf 62' lang='lat' dir='ltr'><strong>Mem</strong></span> <span class='ocrx_word' id='word_1_79' title='bbox 347 1310 462 1380; x_wconf 84' lang='lat' dir='ltr'><strong>deitas</strong></span> <span class='ocrx_word' id='word_1_80' title='bbox 485 1334 573 1403; x_wconf 86' lang='lat' dir='ltr'><strong>quae</strong></span> <span class='ocrx_word' id='word_1_81' title='bbox 596 1319 652 1382; x_wconf 87' lang='lat' dir='ltr'><strong>eat</strong></span> <span class='ocrx_word' id='word_1_82' title='bbox 673 1314 803 1399; x_wconf 87' lang='lat' dir='ltr'><strong>Patris,</strong></span> <span class='ocrx_word' id='word_1_83' title='bbox 830 1336 891 1404; x_wconf 91' lang='lat' dir='ltr'><strong>per</strong></span> <span class='ocrx_word' id='word_1_84' title='bbox 914 1313 1173 1404; x_wconf 79' lang='lat' dir='ltr'><strong>generationem</strong></span> <span class='ocrx_word' id='word_1_85' title='bbox 1202 1314 1385 1382; x_wconf 87' lang='lat' dir='ltr'><strong>derivatur</strong></span> 
     </span>
     <span class='ocr_line' id='line_1_11' title="bbox 226 1417 1384 1513; baseline 0.003 -28"><span class='ocrx_word' id='word_1_86' title='bbox 226 1417 411 1487; x_wconf 81' lang='lat' dir='ltr'><strong>iul&#39;ilium.</strong></span> <span class='ocrx_word' id='word_1_87' title='bbox 429 1418 561 1489; x_wconf 85' lang='lat' dir='ltr'><strong>Nomen</strong></span> <span class='ocrx_word' id='word_1_88' title='bbox 585 1443 668 1490; x_wconf 90' lang='lat' dir='ltr'><strong>vero</strong></span> <span class='ocrx_word' id='word_1_89' title='bbox 694 1452 710 1487; x_wconf 78' lang='lat' dir='ltr'><strong><em>a</em></strong></span> <span class='ocrx_word' id='word_1_90' title='bbox 724 1423 896 1513; x_wconf 89' lang='lat' dir='ltr'><strong>portionis</strong></span> <span class='ocrx_word' id='word_1_91' title='bbox 910 1451 925 1486; x_wconf 79' lang='lat' dir='ltr'><strong>n</strong></span> <span class='ocrx_word' id='word_1_92' title='bbox 947 1429 1000 1492; x_wconf 88' lang='lat' dir='ltr'><strong>est</strong></span> <span class='ocrx_word' id='word_1_93' title='bbox 1017 1423 1213 1513; x_wconf 89' lang='lat' dir='ltr'><strong>appositum</strong></span> <span class='ocrx_word' id='word_1_94' title='bbox 1230 1443 1384 1511; x_wconf 83' lang='lat' dir='ltr'><strong>synony-</strong></span> 
     </span>
     <span class='ocr_line' id='line_1_12' title="bbox 227 1527 1385 1623; baseline 0 -31"><span class='ocrx_word' id='word_1_95' title='bbox 227 1547 323 1611; x_wconf 82' lang='lat' dir='ltr'><strong>mum,</strong></span> <span class='ocrx_word' id='word_1_96' title='bbox 349 1527 440 1595; x_wconf 87' lang='lat' dir='ltr'><strong>idem</strong></span> <span class='ocrx_word' id='word_1_97' title='bbox 472 1527 678 1617; x_wconf 80' lang='lat' dir='ltr'><strong>significuus</strong></span> <span class='ocrx_word' id='word_1_98' title='bbox 709 1530 801 1621; x_wconf 89' lang='lat' dir='ltr'><strong>quod</strong></span> <span class='ocrx_word' id='word_1_99' title='bbox 835 1529 1044 1623; x_wconf 67' lang='lat' dir='ltr'><strong>«derivatio</strong></span> <span class='ocrx_word' id='word_1_100' title='bbox 1074 1528 1186 1597; x_wconf 87' lang='lat' dir='ltr'><strong>totius</strong></span> <span class='ocrx_word' id='word_1_101' title='bbox 1201 1551 1240 1615; x_wconf 82' lang='lat' dir='ltr'><strong>n;</strong></span> <span class='ocrx_word' id='word_1_102' title='bbox 1270 1527 1385 1617; x_wconf 90' lang='lat' dir='ltr'><strong>portio</strong></span> 
     </span>
     <span class='ocr_line' id='line_1_13' title="bbox 229 1633 1402 1726; baseline 0.001 -25"><span class='ocrx_word' id='word_1_103' title='bbox 229 1633 336 1725; x_wconf 88' lang='lat' dir='ltr'><strong>quippe</strong></span> <span class='ocrx_word' id='word_1_104' title='bbox 346 1633 506 1703; x_wconf 74' lang='lat' dir='ltr'><strong>idemest</strong></span> <span class='ocrx_word' id='word_1_105' title='bbox 517 1657 558 1704; x_wconf 85' lang='lat' dir='ltr'><strong>ac</strong></span> <span class='ocrx_word' id='word_1_106' title='bbox 563 1637 718 1726; x_wconf 80' lang='lat' dir='ltr'><strong>partitio</strong></span> <span class='ocrx_word' id='word_1_107' title='bbox 731 1660 799 1706; x_wconf 89' lang='lat' dir='ltr'><strong>nou</strong></span> <span class='ocrx_word' id='word_1_108' title='bbox 808 1638 1017 1707; x_wconf 89' lang='lat' dir='ltr'><strong>divisionem</strong></span> <span class='ocrx_word' id='word_1_109' title='bbox 1036 1636 1381 1726; x_wconf 85' lang='lat' dir='ltr'><strong>siguificsussedpro</strong></span> <span class='ocrx_word' id='word_1_110' title='bbox 1400 1708 1402 1713; x_wconf 59' lang='grc'><em>,</em></span> 
     </span>
     <span class='ocr_line' id='line_1_14' title="bbox 230 1743 1380 1838; baseline 0.002 -28"><span class='ocrx_word' id='word_1_111' title='bbox 230 1743 420 1830; x_wconf 82' lang='lat' dir='ltr'><strong>perfectione</strong></span> <span class='ocrx_word' id='word_1_112' title='bbox 443 1743 508 1829; x_wconf 90' lang='lat' dir='ltr'><strong>rei,</strong></span> <span class='ocrx_word' id='word_1_113' title='bbox 527 1744 569 1813; x_wconf 90' lang='lat' dir='ltr'><strong>de</strong></span> <span class='ocrx_word' id='word_1_114' title='bbox 593 1766 662 1838; x_wconf 88' lang='lat' dir='ltr'><strong>qua</strong></span> <span class='ocrx_word' id='word_1_115' title='bbox 677 1745 810 1835; x_wconf 81' lang='lat' dir='ltr'><strong>egitur,</strong></span> <span class='ocrx_word' id='word_1_116' title='bbox 831 1746 943 1815; x_wconf 86' lang='lat' dir='ltr'><strong>solum</strong></span> <span class='ocrx_word' id='word_1_117' title='bbox 959 1744 1300 1814; x_wconf 77' lang='lat' dir='ltr'><strong>communicationem</strong></span> <span class='ocrx_word' id='word_1_118' title='bbox 1317 1744 1380 1830; x_wconf 91' lang='lat' dir='ltr'><strong>(l).</strong></span> 
     </span>
     <span class='ocr_line' id='line_1_15' title="bbox 232 1847 1384 1942; baseline 0.002 -26"><span class='ocrx_word' id='word_1_119' title='bbox 232 1847 452 1920; x_wconf 72' lang='lat' dir='ltr'><strong>Tertullianus</strong></span> <span class='ocrx_word' id='word_1_120' title='bbox 474 1851 549 1942; x_wconf 89' lang='lat' dir='ltr'><strong>ipse</strong></span> <span class='ocrx_word' id='word_1_121' title='bbox 571 1852 657 1921; x_wconf 87' lang='lat' dir='ltr'><strong>alibi</strong></span> <span class='ocrx_word' id='word_1_122' title='bbox 681 1858 807 1940; x_wconf 90' lang='lat' dir='ltr'><strong>(contr.</strong></span> <span class='ocrx_word' id='word_1_123' title='bbox 821 1853 930 1924; x_wconf 85' lang='lat' dir='ltr'><strong>Marc.</strong></span> <span class='ocrx_word' id='word_1_124' title='bbox 947 1852 972 1921; x_wconf 91' lang='lat' dir='ltr'><strong>l.</strong></span> <span class='ocrx_word' id='word_1_125' title='bbox 986 1853 1056 1921; x_wconf 86' lang='lat'>111.</span> <span class='ocrx_word' id='word_1_126' title='bbox 1075 1876 1104 1922; x_wconf 91' lang='lat' dir='ltr'><strong>c.</strong></span> <span class='ocrx_word' id='word_1_127' title='bbox 1124 1853 1174 1937; x_wconf 85' lang='grc'><strong>6.)</strong></span> <span class='ocrx_word' id='word_1_128' title='bbox 1198 1851 1292 1920; x_wconf 90' lang='lat' dir='ltr'><strong>huuc</strong></span> <span class='ocrx_word' id='word_1_129' title='bbox 1308 1873 1384 1920; x_wconf 88' lang='lat' dir='ltr'><strong>sen·</strong></span> 
     </span>
     <span class='ocr_line' id='line_1_16' title="bbox 231 1946 1382 2051; baseline 0.001 -26"><span class='ocrx_word' id='word_1_130' title='bbox 231 1979 288 2025; x_wconf 86' lang='lat' dir='ltr'><strong>sun</strong></span> <span class='ocrx_word' id='word_1_131' title='bbox 306 1957 479 2049; x_wconf 83' lang='lat' dir='ltr'><strong>explicat,</strong></span> <span class='ocrx_word' id='word_1_132' title='bbox 506 1960 600 2051; x_wconf 87' lang='lat' dir='ltr'><strong>quod</strong></span> <span class='ocrx_word' id='word_1_133' title='bbox 620 1961 725 2030; x_wconf 88' lang='lat' dir='ltr'><strong>Pater</strong></span> <span class='ocrx_word' id='word_1_134' title='bbox 748 1968 803 2030; x_wconf 89' lang='lat' dir='ltr'><strong>est</strong></span> <span class='ocrx_word' id='word_1_135' title='bbox 825 1961 1018 2051; x_wconf 85' lang='lat' dir='ltr'><strong>plenitudo,</strong></span> <span class='ocrx_word' id='word_1_136' title='bbox 1032 1946 1150 2029; x_wconf 80' lang='lat' dir='ltr'><strong>Filius</strong></span> <span class='ocrx_word' id='word_1_137' title='bbox 1165 1959 1281 2050; x_wconf 91' lang='lat' dir='ltr'><strong>portio</strong></span> <span class='ocrx_word' id='word_1_138' title='bbox 1299 1981 1382 2051; x_wconf 90' lang='lat' dir='ltr'><strong>qua·</strong></span> 
     </span>
     <span class='ocr_line' id='line_1_17' title="bbox 233 2065 1382 2161; baseline 0.003 -29"><span class='ocrx_word' id='word_1_139' title='bbox 233 2070 314 2134; x_wconf 73' lang='lat' dir='ltr'><strong>uuus</strong></span> <span class='ocrx_word' id='word_1_140' title='bbox 339 2095 356 2130; x_wconf 75' lang='lat' dir='ltr'><strong>e</strong></span> <span class='ocrx_word' id='word_1_141' title='bbox 371 2088 512 2135; x_wconf 86' lang='lat' dir='ltr'><strong>consors</strong></span> <span class='ocrx_word' id='word_1_142' title='bbox 535 2065 780 2157; x_wconf 85' lang='lat' dir='ltr'><strong>plenitudinis.</strong></span> <span class='ocrx_word' id='word_1_143' title='bbox 797 2096 814 2130; x_wconf 80' lang='lat' dir='ltr'><strong>n</strong></span> <span class='ocrx_word' id='word_1_144' title='bbox 839 2069 911 2139; x_wconf 91' lang='lat' dir='ltr'><strong>Nec</strong></span> <span class='ocrx_word' id='word_1_145' title='bbox 936 2068 1125 2161; x_wconf 84' lang='lat' dir='ltr'><strong>quidquam</strong></span> <span class='ocrx_word' id='word_1_146' title='bbox 1148 2066 1265 2153; x_wconf 91' lang='lat' dir='ltr'><strong>officit,</strong></span> <span class='ocrx_word' id='word_1_147' title='bbox 1291 2065 1382 2159; x_wconf 90' lang='lat' dir='ltr'><strong>quod</strong></span> 
     </span>
     <span class='ocr_line' id='line_1_18' title="bbox 234 2173 1380 2260; baseline 0.003 -21"><span class='ocrx_word' id='word_1_148' title='bbox 234 2178 333 2241; x_wconf 76' lang='lat' dir='ltr'><strong>mnne</strong></span> <span class='ocrx_word' id='word_1_149' title='bbox 354 2173 461 2241; x_wconf 84' lang='lat' dir='ltr'><strong>Prax.</strong></span> <span class='ocrx_word' id='word_1_150' title='bbox 481 2197 511 2243; x_wconf 87' lang='lat' dir='ltr'><strong>c.</strong></span> <span class='ocrx_word' id='word_1_151' title='bbox 524 2173 557 2242; x_wconf 85' lang='grc'><strong>9.</strong></span> <span class='ocrx_word' id='word_1_152' title='bbox 575 2225 583 2260; x_wconf 89' lang='grc'>,</span> <span class='ocrx_word' id='word_1_153' title='bbox 602 2175 784 2245; x_wconf 90' lang='lat' dir='ltr'><strong>confirmat</strong></span> <span class='ocrx_word' id='word_1_154' title='bbox 806 2176 905 2244; x_wconf 90' lang='lat' dir='ltr'><strong>illam</strong></span> <span class='ocrx_word' id='word_1_155' title='bbox 928 2175 1098 2245; x_wconf 83' lang='lat' dir='ltr'><strong>rationem</strong></span> <span class='ocrx_word' id='word_1_156' title='bbox 1132 2204 1148 2239; x_wconf 76' lang='lat' dir='ltr'><strong><em>a</em></strong></span> <span class='ocrx_word' id='word_1_157' title='bbox 1169 2175 1314 2243; x_wconf 69' lang='lat' dir='ltr'><strong>totius»</strong></span> <span class='ocrx_word' id='word_1_158' title='bbox 1340 2196 1380 2242; x_wconf 85' lang='lat' dir='ltr'><strong>ac</strong></span> 
     </span>
     <span class='ocr_line' id='line_1_19' title="bbox 182 2281 1383 2370; baseline -0.001 -20"><span class='ocrx_word' id='word_1_159' title='bbox 182 2286 189 2303; x_wconf 77' lang='grc'><strong>“</strong></span> <span class='ocrx_word' id='word_1_160' title='bbox 235 2283 415 2370; x_wconf 71' lang='lat' dir='ltr'><strong>rportiouis</strong></span> <span class='ocrx_word' id='word_1_161' title='bbox 429 2309 446 2344; x_wconf 79' lang='lat' dir='ltr'><strong>n</strong></span> <span class='ocrx_word' id='word_1_162' title='bbox 466 2283 583 2352; x_wconf 87' lang='lat' dir='ltr'><strong>verbis</strong></span> <span class='ocrx_word' id='word_1_163' title='bbox 598 2283 744 2353; x_wconf 83' lang='lat' dir='ltr'><strong>Christi:</strong></span> <span class='ocrx_word' id='word_1_164' title='bbox 766 2313 783 2348; x_wconf 77' lang='lat' dir='ltr'><strong>c</strong></span> <span class='ocrx_word' id='word_1_165' title='bbox 798 2285 903 2354; x_wconf 90' lang='lat' dir='ltr'><strong>Pater</strong></span> <span class='ocrx_word' id='word_1_166' title='bbox 919 2285 1028 2353; x_wconf 89' lang='lat' dir='ltr'><strong>maior</strong></span> <span class='ocrx_word' id='word_1_167' title='bbox 1043 2305 1096 2351; x_wconf 88' lang='lat' dir='ltr'><strong>me</strong></span> <span class='ocrx_word' id='word_1_168' title='bbox 1112 2289 1196 2351; x_wconf 74' lang='lat' dir='ltr'><strong>est»</strong></span> <span class='ocrx_word' id='word_1_169' title='bbox 1216 2282 1267 2351; x_wconf 89' lang='lat' dir='ltr'><strong>Io.</strong></span> <span class='ocrx_word' id='word_1_170' title='bbox 1284 2281 1383 2351; x_wconf 88' lang='lat' dir='ltr'>XIV.</span> 
     </span>
    </p>

    <p class='ocr_par' dir='ltr' id='par_1_3' title="bbox 211 2385 1385 3777">
     <span class='ocr_line' id='line_1_20' title="bbox 233 2385 1382 2484; baseline 0.004 -31"><span class='ocrx_word' id='word_1_171' title='bbox 233 2385 274 2455; x_wconf 75' lang='lat'><strong>28.</strong></span> <span class='ocrx_word' id='word_1_172' title='bbox 295 2389 367 2460; x_wconf 90' lang='lat' dir='ltr'><strong>Hoc</strong></span> <span class='ocrx_word' id='word_1_173' title='bbox 391 2391 483 2460; x_wconf 89' lang='lat' dir='ltr'><strong>euim</strong></span> <span class='ocrx_word' id='word_1_174' title='bbox 499 2391 632 2460; x_wconf 89' lang='lat' dir='ltr'><strong>dictum</strong></span> <span class='ocrx_word' id='word_1_175' title='bbox 650 2392 773 2462; x_wconf 88' lang='lat' dir='ltr'><strong>Patres</strong></span> <span class='ocrx_word' id='word_1_176' title='bbox 786 2414 889 2484; x_wconf 87' lang='lat' dir='ltr'><strong>quam</strong></span> <span class='ocrx_word' id='word_1_177' title='bbox 904 2390 1050 2483; x_wconf 87' lang='lat' dir='ltr'><strong>plurimi</strong></span> <span class='ocrx_word' id='word_1_178' title='bbox 1067 2390 1173 2460; x_wconf 87' lang='lat' dir='ltr'><strong>etiam</strong></span> <span class='ocrx_word' id='word_1_179' title='bbox 1189 2396 1268 2480; x_wconf 90' lang='lat' dir='ltr'><strong>post</strong></span> <span class='ocrx_word' id='word_1_180' title='bbox 1280 2388 1382 2458; x_wconf 81' lang='lat' dir='ltr'><strong>Cone.</strong></span> 
     </span>
     <span class='ocr_line' id='line_1_21' title="bbox 232 2493 1385 2592; baseline 0.002 -30"><span class='ocrx_word' id='word_1_181' title='bbox 232 2493 401 2568; x_wconf 71' lang='lat' dir='ltr'><strong>ticenum</strong></span> <span class='ocrx_word' id='word_1_182' title='bbox 425 2505 461 2569; x_wconf 89' lang='lat' dir='ltr'><strong>et</strong></span> <span class='ocrx_word' id='word_1_183' title='bbox 483 2499 520 2567; x_wconf 89' lang='lat' dir='ltr'><strong>in</strong></span> <span class='ocrx_word' id='word_1_184' title='bbox 544 2499 782 2592; x_wconf 89' lang='lat' dir='ltr'><strong>disputatione</strong></span> <span class='ocrx_word' id='word_1_185' title='bbox 804 2501 974 2570; x_wconf 87' lang='lat' dir='ltr'><strong>adversus</strong></span> <span class='ocrx_word' id='word_1_186' title='bbox 985 2499 1139 2568; x_wconf 85' lang='lat' dir='ltr'><strong>Arianos</strong></span> <span class='ocrx_word' id='word_1_187' title='bbox 1161 2497 1385 2588; x_wconf 88' lang='lat' dir='ltr'><strong>interpretati</strong></span> 
     </span>
     <span class='ocr_line' id='line_1_22' title="bbox 232 2605 1384 2699; baseline 0 -27"><span class='ocrx_word' id='word_1_188' title='bbox 232 2612 295 2676; x_wconf 84' lang='lat' dir='ltr'><strong>suut</strong></span> <span class='ocrx_word' id='word_1_189' title='bbox 314 2607 355 2677; x_wconf 94' lang='lat' dir='ltr'><strong>de</strong></span> <span class='ocrx_word' id='word_1_190' title='bbox 376 2607 471 2676; x_wconf 77' lang='lat' dir='ltr'><strong>Filio</strong></span> <span class='ocrx_word' id='word_1_191' title='bbox 495 2614 652 2699; x_wconf 87' lang='lat' dir='ltr'><strong>spectato</strong></span> <span class='ocrx_word' id='word_1_192' title='bbox 675 2608 875 2686; x_wconf 84' lang='lat' dir='ltr'><strong>secundum·</strong></span> <span class='ocrx_word' id='word_1_193' title='bbox 888 2609 1134 2691; x_wconf 88' lang='lat' dir='ltr'><strong>divinitatem,</strong></span> <span class='ocrx_word' id='word_1_194' title='bbox 1165 2605 1256 2697; x_wconf 79' lang='lat' dir='ltr'><strong>quod</strong></span> <span class='ocrx_word' id='word_1_195' title='bbox 1279 2605 1384 2673; x_wconf 89' lang='lat' dir='ltr'><strong>Pater</strong></span> 
     </span>
     <span class='ocr_line' id='line_1_23' title="bbox 232 2712 1382 2804; baseline -0.001 -24"><span class='ocrx_word' id='word_1_196' title='bbox 232 2712 319 2782; x_wconf 83' lang='lat' dir='ltr'><strong>usior</strong></span> <span class='ocrx_word' id='word_1_197' title='bbox 340 2714 473 2784; x_wconf 89' lang='lat' dir='ltr'><strong>dicitur</strong></span> <span class='ocrx_word' id='word_1_198' title='bbox 496 2712 591 2782; x_wconf 83' lang='lat' dir='ltr'><strong>Filio</strong></span> <span class='ocrx_word' id='word_1_199' title='bbox 613 2737 681 2783; x_wconf 91' lang='lat' dir='ltr'><strong>non</strong></span> <span class='ocrx_word' id='word_1_200' title='bbox 705 2737 787 2785; x_wconf 88' lang='lat' dir='ltr'><strong>sane</strong></span> <span class='ocrx_word' id='word_1_201' title='bbox 812 2715 947 2785; x_wconf 84' lang='lat' dir='ltr'><strong>ratione</strong></span> <span class='ocrx_word' id='word_1_202' title='bbox 971 2719 1133 2797; x_wconf 86' lang='lat' dir='ltr'><strong>naturae,</strong></span> <span class='ocrx_word' id='word_1_203' title='bbox 1152 2732 1256 2804; x_wconf 87' lang='lat' dir='ltr'><strong>quam</strong></span> <span class='ocrx_word' id='word_1_204' title='bbox 1279 2733 1382 2780; x_wconf 85' lang='lat' dir='ltr'><strong>unam</strong></span> 
     </span>
     <span class='ocr_line' id='line_1_24' title="bbox 231 2819 1382 2913; baseline -0.002 -24"><span class='ocrx_word' id='word_1_205' title='bbox 231 2819 371 2892; x_wconf 86' lang='lat' dir='ltr'><strong>iuPatre</strong></span> <span class='ocrx_word' id='word_1_206' title='bbox 393 2828 432 2891; x_wconf 76' lang='lat' dir='ltr'><strong>‘et</strong></span> <span class='ocrx_word' id='word_1_207' title='bbox 453 2821 547 2892; x_wconf 82' lang='lat' dir='ltr'><strong>Filio</strong></span> <span class='ocrx_word' id='word_1_208' title='bbox 570 2822 626 2891; x_wconf 93' lang='lat' dir='ltr'><strong>illi</strong></span> <span class='ocrx_word' id='word_1_209' title='bbox 648 2824 816 2894; x_wconf 81' lang='lat' dir='ltr'><strong>Doctores</strong></span> <span class='ocrx_word' id='word_1_210' title='bbox 847 2845 922 2893; x_wconf 87' lang='lat' dir='ltr'><strong>sua·</strong></span> <span class='ocrx_word' id='word_1_211' title='bbox 942 2821 1235 2913; x_wconf 83' lang='lat' dir='ltr'><strong>interpretatione</strong></span> <span class='ocrx_word' id='word_1_212' title='bbox 1267 2820 1382 2889; x_wconf 82' lang='lat' dir='ltr'><strong>defen·</strong></span> 
     </span>
     <span class='ocr_line' id='line_1_25' title="bbox 232 2925 1384 3021; baseline 0 -25"><span class='ocrx_word' id='word_1_213' title='bbox 232 2925 293 2998; x_wconf 84' lang='lat' dir='ltr'><strong>dere</strong></span> <span class='ocrx_word' id='word_1_214' title='bbox 305 2930 519 3021; x_wconf 88' lang='lat' dir='ltr'><strong>propositum</strong></span> <span class='ocrx_word' id='word_1_215' title='bbox 539 2930 723 3018; x_wconf 86' lang='lat' dir='ltr'><strong>habebant,</strong></span> <span class='ocrx_word' id='word_1_216' title='bbox 741 2932 800 3001; x_wconf 84' lang='lat' dir='ltr'><strong>sed</strong></span> <span class='ocrx_word' id='word_1_217' title='bbox 816 2933 952 3002; x_wconf 87' lang='lat' dir='ltr'><strong>ratione</strong></span> <span class='ocrx_word' id='word_1_218' title='bbox 973 2930 1122 3020; x_wconf 83' lang='lat' dir='ltr'><strong>originis</strong></span> <span class='ocrx_word' id='word_1_219' title='bbox 1138 2934 1175 2998; x_wconf 93' lang='lat' dir='ltr'><strong>et</strong></span> <span class='ocrx_word' id='word_1_220' title='bbox 1198 2928 1384 2998; x_wconf 89' lang='lat' dir='ltr'><strong>seeundum</strong></span> 
     </span>
     <span class='ocr_line' id='line_1_26' title="bbox 232 3027 1383 3131; baseline -0.002 -25"><span class='ocrx_word' id='word_1_221' title='bbox 232 3027 325 3122; x_wconf 61' lang='lat' dir='ltr'><strong>&amp;impu</strong></span> <span class='ocrx_word' id='word_1_222' title='bbox 343 3038 583 3129; x_wconf 85' lang='lat' dir='ltr'><strong>paternitatis,</strong></span> <span class='ocrx_word' id='word_1_223' title='bbox 609 3038 700 3131; x_wconf 90' lang='lat' dir='ltr'><strong>quod</strong></span> <span class='ocrx_word' id='word_1_224' title='bbox 724 3040 829 3108; x_wconf 89' lang='lat' dir='ltr'><strong>Pater</strong></span> <span class='ocrx_word' id='word_1_225' title='bbox 852 3046 907 3109; x_wconf 88' lang='lat' dir='ltr'><strong>est</strong></span> <span class='ocrx_word' id='word_1_226' title='bbox 929 3037 1140 3129; x_wconf 91' lang='lat' dir='ltr'><strong>principium</strong></span> <span class='ocrx_word' id='word_1_227' title='bbox 1163 3036 1263 3105; x_wconf 80' lang='lat' dir='ltr'><strong>Filii.</strong></span> <span class='ocrx_word' id='word_1_228' title='bbox 1278 3036 1383 3124; x_wconf 89' lang='lat' dir='ltr'><strong>(Vide</strong></span> 
     </span>
     <span class='ocr_line' id='line_1_27' title="bbox 232 3137 1382 3234; baseline 0.003 -28"><span class='ocrx_word' id='word_1_229' title='bbox 232 3137 282 3209; x_wconf 89' lang='grc' dir='ltr'><strong>ΡΡ.</strong></span> <span class='ocrx_word' id='word_1_230' title='bbox 296 3144 385 3234; x_wconf 81' lang='lat' dir='ltr'><strong>apud</strong></span> <span class='ocrx_word' id='word_1_231' title='bbox 400 3144 524 3212; x_wconf 88' lang='lat' dir='ltr'><strong>Petav.</strong></span> <span class='ocrx_word' id='word_1_232' title='bbox 540 3143 565 3212; x_wconf 91' lang='lat'><strong>1.</strong></span> <span class='ocrx_word' id='word_1_233' title='bbox 584 3144 633 3213; x_wconf 91' lang='lat' dir='ltr'><strong>Il.</strong></span> <span class='ocrx_word' id='word_1_234' title='bbox 652 3168 682 3213; x_wconf 90' lang='lat' dir='ltr'><strong>c.</strong></span> <span class='ocrx_word' id='word_1_235' title='bbox 702 3146 735 3212; x_wconf 83' lang='lat'><strong>2.</strong></span> <span class='ocrx_word' id='word_1_236' title='bbox 750 3169 785 3213; x_wconf 91' lang='lat' dir='ltr'><strong>n.</strong></span> <span class='ocrx_word' id='word_1_237' title='bbox 803 3146 886 3232; x_wconf 87' lang='grc'><strong>1-9).</strong></span> <span class='ocrx_word' id='word_1_238' title='bbox 912 3146 988 3214; x_wconf 86' lang='lat' dir='ltr'><strong>Hac</strong></span> <span class='ocrx_word' id='word_1_239' title='bbox 1004 3141 1294 3234; x_wconf 86' lang='lat' dir='ltr'><strong>interpretatione</strong></span> <span class='ocrx_word' id='word_1_240' title='bbox 1306 3164 1382 3211; x_wconf 84' lang='lat' dir='ltr'><strong>ver·</strong></span> 
     </span>
     <span class='ocr_line' id='line_1_28' title="bbox 233 3243 1383 3342; baseline 0.001 -28"><span class='ocrx_word' id='word_1_241' title='bbox 233 3243 329 3317; x_wconf 87' lang='lat' dir='ltr'><strong>borum</strong></span> <span class='ocrx_word' id='word_1_242' title='bbox 352 3249 491 3319; x_wconf 81' lang='lat' dir='ltr'><strong>Christi</strong></span> <span class='ocrx_word' id='word_1_243' title='bbox 513 3251 688 3334; x_wconf 86' lang='lat' dir='ltr'><strong>admissa,</strong></span> <span class='ocrx_word' id='word_1_244' title='bbox 715 3258 808 3321; x_wconf 88' lang='lat' dir='ltr'><strong>recte</strong></span> <span class='ocrx_word' id='word_1_245' title='bbox 831 3256 970 3342; x_wconf 89' lang='lat' dir='ltr'><strong>poterat</strong></span> <span class='ocrx_word' id='word_1_246' title='bbox 1002 3248 1246 3319; x_wconf 81' lang='lat' dir='ltr'><strong>Tertullianus</strong></span> <span class='ocrx_word' id='word_1_247' title='bbox 1275 3248 1319 3317; x_wconf 87' lang='lat' dir='ltr'><strong>ad</strong></span> <span class='ocrx_word' id='word_1_248' title='bbox 1342 3270 1383 3317; x_wconf 90' lang='lat' dir='ltr'><strong>ea</strong></span> 
     </span>
     <span class='ocr_line' id='line_1_29' title="bbox 233 3356 1383 3450; baseline -0.001 -25"><span class='ocrx_word' id='word_1_249' title='bbox 233 3356 382 3446; x_wconf 68' lang='lat' dir='ltr'><strong>appellare</strong></span> <span class='ocrx_word' id='word_1_250' title='bbox 404 3381 475 3427; x_wconf 91' lang='lat' dir='ltr'><strong>uon</strong></span> <span class='ocrx_word' id='word_1_251' title='bbox 492 3358 615 3444; x_wconf 90' lang='lat' dir='ltr'><strong>solum,</strong></span> <span class='ocrx_word' id='word_1_252' title='bbox 635 3365 675 3428; x_wconf 87' lang='lat' dir='ltr'><strong>ut</strong></span> <span class='ocrx_word' id='word_1_253' title='bbox 697 3382 761 3450; x_wconf 89' lang='lat' dir='ltr'><strong>pro</strong></span> <span class='ocrx_word' id='word_1_254' title='bbox 785 3381 847 3428; x_wconf 90' lang='lat' dir='ltr'><strong>suo</strong></span> <span class='ocrx_word' id='word_1_255' title='bbox 872 3382 972 3449; x_wconf 83' lang='lat' dir='ltr'><strong>scopo</strong></span> <span class='ocrx_word' id='word_1_256' title='bbox 995 3357 1153 3448; x_wconf 90' lang='lat' dir='ltr'><strong>principe</strong></span> <span class='ocrx_word' id='word_1_257' title='bbox 1175 3380 1248 3427; x_wconf 90' lang='lat' dir='ltr'><strong>rem</strong></span> <span class='ocrx_word' id='word_1_258' title='bbox 1272 3356 1383 3448; x_wconf 88' lang='lat' dir='ltr'><strong>ipsam</strong></span> 
     </span>
     <span class='ocr_line' id='line_1_30' title="bbox 211 3457 1383 3573; baseline 0.001 -41"><span class='ocrx_word' id='word_1_259' title='bbox 211 3457 444 3535; x_wconf 76' lang='lat' dir='ltr'><strong>-listineeionis</strong></span> <span class='ocrx_word' id='word_1_260' title='bbox 467 3466 584 3573; x_wconf 74' lang='lat' dir='ltr'><strong>Patpis</strong></span> <span class='ocrx_word' id='word_1_261' title='bbox 607 3488 647 3534; x_wconf 85' lang='lat' dir='ltr'><strong>ac</strong></span> <span class='ocrx_word' id='word_1_262' title='bbox 670 3466 758 3535; x_wconf 87' lang='lat' dir='ltr'><strong>Filii</strong></span> <span class='ocrx_word' id='word_1_263' title='bbox 781 3467 1052 3551; x_wconf 86' lang='lat' dir='ltr'><strong>demonstraret,</strong></span> <span class='ocrx_word' id='word_1_264' title='bbox 1078 3465 1137 3533; x_wconf 88' lang='lat' dir='ltr'><strong>sed</strong></span> <span class='ocrx_word' id='word_1_265' title='bbox 1160 3465 1266 3533; x_wconf 89' lang='lat' dir='ltr'><strong>etiam</strong></span> <span class='ocrx_word' id='word_1_266' title='bbox 1289 3470 1383 3554; x_wconf 90' lang='lat' dir='ltr'><strong>pote·</strong></span> 
     </span>
     <span class='ocr_line' id='line_1_31' title="bbox 218 3575 1382 3670; baseline 0.001 -26"><span class='ocrx_word' id='word_1_267' title='bbox 218 3575 278 3644; x_wconf 71' lang='lat' dir='ltr'><strong>‚rat</strong></span> <span class='ocrx_word' id='word_1_268' title='bbox 294 3595 331 3643; x_wconf 87' lang='lat' dir='ltr'><strong>ex</strong></span> <span class='ocrx_word' id='word_1_269' title='bbox 352 3575 429 3644; x_wconf 86' lang='lat' dir='ltr'><strong>illis</strong></span> <span class='ocrx_word' id='word_1_270' title='bbox 451 3598 551 3645; x_wconf 91' lang='lat' dir='ltr'><strong>suum</strong></span> <span class='ocrx_word' id='word_1_271' title='bbox 568 3575 777 3667; x_wconf 84' lang='lat' dir='ltr'><strong>peculiarem</strong></span> <span class='ocrx_word' id='word_1_272' title='bbox 794 3576 931 3645; x_wconf 92' lang='lat' dir='ltr'><strong>modum</strong></span> <span class='ocrx_word' id='word_1_273' title='bbox 947 3576 1111 3670; x_wconf 90' lang='lat' dir='ltr'><strong>loquendi</strong></span> <span class='ocrx_word' id='word_1_274' title='bbox 1127 3579 1299 3647; x_wconf 86' lang='lat' dir='ltr'><strong>derivare.</strong></span> <span class='ocrx_word' id='word_1_275' title='bbox 1317 3578 1382 3645; x_wconf 90' lang='lat' dir='ltr'><strong>De-</strong></span> 
     </span>
     <span class='ocr_line' id='line_1_32' title="bbox 238 3674 1379 3777; baseline 0.01 -33"><span class='ocrx_word' id='word_1_276' title='bbox 238 3674 327 3751; x_wconf 76' lang='lat' dir='ltr'><strong>curat</strong></span> <span class='ocrx_word' id='word_1_277' title='bbox 347 3683 493 3775; x_wconf 83' lang='lat' dir='ltr'><strong>ipsemet</strong></span> <span class='ocrx_word' id='word_1_278' title='bbox 516 3684 543 3753; x_wconf 90' lang='lat' dir='ltr'><strong>l.</strong></span> <span class='ocrx_word' id='word_1_279' title='bbox 558 3709 603 3769; x_wconf 89' lang='lat' dir='ltr'><strong>c.,</strong></span> <span class='ocrx_word' id='word_1_280' title='bbox 622 3707 689 3777; x_wconf 92' lang='lat' dir='ltr'><strong>quc</strong></span> <span class='ocrx_word' id='word_1_281' title='bbox 713 3708 816 3755; x_wconf 89' lang='lat' dir='ltr'><strong>seusu</strong></span> <span class='ocrx_word' id='word_1_282' title='bbox 840 3685 980 3755; x_wconf 89' lang='lat' dir='ltr'><strong>dicatur</strong></span> <span class='ocrx_word' id='word_1_283' title='bbox 1002 3686 1108 3756; x_wconf 87' lang='lat' dir='ltr'><strong>Pater</strong></span> <span class='ocrx_word' id='word_1_284' title='bbox 1131 3687 1224 3756; x_wconf 86' lang='lat' dir='ltr'><strong>Filio</strong></span> <span class='ocrx_word' id='word_1_285' title='bbox 1247 3685 1379 3755; x_wconf 86' lang='lat' dir='ltr'><strong>maior:</strong></span> 
     </span>
    </p>
   </div>
   <div class='ocr_carea' id='block_1_2' title="bbox 240 3891 1383 4311">
    <p class='ocr_par' dir='ltr' id='par_1_4' title="bbox 240 3891 1383 4311">
     <span class='ocr_line' id='line_1_33' title="bbox 291 3891 1381 3967; baseline 0.002 -20"><span class='ocrx_word' id='word_1_286' title='bbox 291 3891 326 3966; x_wconf 91' lang='grc'><strong>(1)</strong></span> <span class='ocrx_word' id='word_1_287' title='bbox 342 3895 388 3950; x_wconf 80' lang='lat' dir='ltr'><strong>Sic</strong></span> <span class='ocrx_word' id='word_1_288' title='bbox 404 3897 491 3950; x_wconf 80' lang='lat' dir='ltr'><strong>etism</strong></span> <span class='ocrx_word' id='word_1_289' title='bbox 510 3896 649 3951; x_wconf 79' lang='lat' dir='ltr'><strong>Tatiauus</strong></span> <span class='ocrx_word' id='word_1_290' title='bbox 670 3896 829 3963; x_wconf 75' lang='lat' dir='ltr'><strong>distinguit</strong></span> <span class='ocrx_word' id='word_1_291' title='bbox 845 3897 1032 3965; x_wconf 86' lang='lat' dir='ltr'><strong>partitionem</strong></span> <span class='ocrx_word' id='word_1_292' title='bbox 1050 3901 1080 3949; x_wconf 89' lang='lat' dir='ltr'><strong>et</strong></span> <span class='ocrx_word' id='word_1_293' title='bbox 1099 3895 1271 3950; x_wconf 85' lang='lat' dir='ltr'><strong>divisionem</strong></span> <span class='ocrx_word' id='word_1_294' title='bbox 1293 3916 1381 3967; x_wconf 70' lang='grc' dir='ltr'>μερισ·</span> 
     </span>
     <span class='ocr_line' id='line_1_34' title="bbox 241 3985 1383 4056; baseline 0.003 -22"><span class='ocrx_word' id='word_1_295' title='bbox 241 3995 275 4043; x_wconf 62' lang='grc' dir='ltr'><strong>μοι</strong></span> <span class='ocrx_word' id='word_1_296' title='bbox 289 3986 312 4035; x_wconf 88' lang='lat' dir='ltr'><strong>et</strong></span> <span class='ocrx_word' id='word_1_297' title='bbox 326 3985 472 4044; x_wconf 67' lang='lat' dir='ltr'><strong>ireseum.</strong></span> <span class='ocrx_word' id='word_1_298' title='bbox 490 3987 614 4041; x_wconf 84' lang='lat' dir='ltr'><strong>Verbum</strong></span> <span class='ocrx_word' id='word_1_299' title='bbox 634 3987 677 4041; x_wconf 86' lang='lat' dir='ltr'><strong>ait</strong></span> <span class='ocrx_word' id='word_1_300' title='bbox 696 4003 757 4040; x_wconf 89' lang='lat' dir='ltr'><strong>esse</strong></span> <span class='ocrx_word' id='word_1_301' title='bbox 779 3988 906 4053; x_wconf 77' lang='lat' dir='ltr'><strong>genitum</strong></span> <span class='ocrx_word' id='word_1_302' title='bbox 930 4004 963 4041; x_wconf 84' lang='lat' dir='ltr'><strong>uc</strong></span> <span class='ocrx_word' id='word_1_303' title='bbox 983 3987 1126 4056; x_wconf 82' lang='lat' dir='ltr'><strong>prolatum</strong></span> <span class='ocrx_word' id='word_1_304' title='bbox 1141 3985 1288 4039; x_wconf 75' lang='lat' dir='ltr'><strong>edmundi</strong></span> <span class='ocrx_word' id='word_1_305' title='bbox 1307 4000 1383 4040; x_wconf 80' lang='lat' dir='ltr'><strong>crea·</strong></span> 
     </span>
     <span class='ocr_line' id='line_1_35' title="bbox 240 4063 1380 4150; baseline 0.011 -36"><span class='ocrx_word' id='word_1_306' title='bbox 240 4063 388 4130; x_wconf 80' lang='lat' dir='ltr'><strong>benennon</strong></span> <span class='ocrx_word' id='word_1_307' title='bbox 411 4091 463 4143; x_wconf 85' lang='lat' dir='ltr'><strong>per</strong></span> <span class='ocrx_word' id='word_1_308' title='bbox 481 4075 652 4130; x_wconf 85' lang='lat' dir='ltr'><strong>divisionem</strong></span> <span class='ocrx_word' id='word_1_309' title='bbox 678 4077 727 4130; x_wconf 88' lang='lat' dir='ltr'><strong>sed</strong></span> <span class='ocrx_word' id='word_1_310' title='bbox 752 4076 903 4131; x_wconf 88' lang='lat' dir='ltr'><strong>secuudum</strong></span> <span class='ocrx_word' id='word_1_311' title='bbox 922 4079 1108 4144; x_wconf 83' lang='lat' dir='ltr'><strong>partitionem</strong></span> <span class='ocrx_word' id='word_1_312' title='bbox 1131 4074 1172 4150; x_wconf 87' lang='lat' dir='ltr'><strong>(h.</strong></span> <span class='ocrx_word' id='word_1_313' title='bbox 1187 4092 1211 4130; x_wconf 92' lang='lat' dir='ltr'><strong>e.</strong></span> <span class='ocrx_word' id='word_1_314' title='bbox 1228 4075 1380 4129; x_wconf 88' lang='lat' dir='ltr'><strong>secundum</strong></span> 
     </span>
     <span class='ocr_line' id='line_1_36' title="bbox 241 4162 1378 4239; baseline 0.004 -26"><span class='ocrx_word' id='word_1_315' title='bbox 241 4165 486 4219; x_wconf 67' lang='lat' dir='ltr'><strong>eminentiorem</strong></span> <span class='ocrx_word' id='word_1_316' title='bbox 506 4186 576 4220; x_wconf 74' lang='grc' dir='ltr'><strong>κατα</strong></span> <span class='ocrx_word' id='word_1_317' title='bbox 593 4162 764 4239; x_wconf 62' lang='lat' dir='ltr'><strong>pergeorum),</strong></span> <span class='ocrx_word' id='word_1_318' title='bbox 784 4182 841 4219; x_wconf 89' lang='lat' dir='ltr'><strong>non</strong></span> <span class='ocrx_word' id='word_1_319' title='bbox 861 4167 1031 4222; x_wconf 72' lang='lat' dir='ltr'><strong>imminuens</strong></span> <span class='ocrx_word' id='word_1_320' title='bbox 1048 4181 1110 4219; x_wconf 88' lang='lat' dir='ltr'><strong>eum</strong></span> <span class='ocrx_word' id='word_1_321' title='bbox 1128 4184 1145 4219; x_wconf 77' lang='lat' dir='ltr'><strong>a</strong></span> <span class='ocrx_word' id='word_1_322' title='bbox 1165 4181 1219 4232; x_wconf 88' lang='lat' dir='ltr'><strong>quo</strong></span> <span class='ocrx_word' id='word_1_323' title='bbox 1229 4167 1378 4233; x_wconf 84' lang='lat' dir='ltr'><strong>processit,</strong></span> 
     </span>
     <span class='ocr_line' id='line_1_37' title="bbox 241 4240 1379 4311; baseline 0.003 -9"><span class='ocrx_word' id='word_1_324' title='bbox 241 4240 386 4307; x_wconf 66' lang='lat' dir='ltr'><strong>dutum</strong></span> <span class='ocrx_word' id='word_1_325' title='bbox 395 4254 562 4309; x_wconf 80' lang='lat' dir='ltr'><strong>accenditur</strong></span> <span class='ocrx_word' id='word_1_326' title='bbox 571 4271 589 4307; x_wconf 86' lang='lat' dir='ltr'><strong>a</strong></span> <span class='ocrx_word' id='word_1_327' title='bbox 601 4256 709 4308; x_wconf 88' lang='lat' dir='ltr'><strong>lumina</strong></span> <span class='ocrx_word' id='word_1_328' title='bbox 730 4254 847 4308; x_wconf 78' lang='lat' dir='ltr'><strong>Tetiau.</strong></span> <span class='ocrx_word' id='word_1_329' title='bbox 859 4260 950 4309; x_wconf 88' lang='lat' dir='ltr'><strong>contr.</strong></span> <span class='ocrx_word' id='word_1_330' title='bbox 962 4257 1059 4311; x_wconf 81' lang='lat' dir='ltr'><strong>Graec.</strong></span> <span class='ocrx_word' id='word_1_331' title='bbox 1072 4272 1101 4309; x_wconf 93' lang='lat' dir='ltr'><strong>u.</strong></span> <span class='ocrx_word' id='word_1_332' title='bbox 1112 4255 1140 4308; x_wconf 81' lang='lat' dir='ltr'><strong>b.</strong></span> <span class='ocrx_word' id='word_1_333' title='bbox 1150 4254 1280 4308; x_wconf 74' lang='lat' dir='ltr'><strong>conferri</strong></span> <span class='ocrx_word' id='word_1_334' title='bbox 1294 4255 1379 4308; x_wconf 83' lang='lat' dir='ltr'><strong>etlam</strong></span> 
     </span>
    </p>
   </div>
   <div class='ocr_carea' id='block_1_3' title="bbox 241 4335 1379 4501">
    <p class='ocr_par' dir='ltr' id='par_1_5' title="bbox 241 4335 1379 4501">
     <span class='ocr_line' id='line_1_38' title="bbox 241 4335 1379 4413; baseline -0.001 -20"><span class='ocrx_word' id='word_1_335' title='bbox 241 4335 309 4393; x_wconf 68' lang='lat' dir='ltr'><strong>totu</strong></span> <span class='ocrx_word' id='word_1_336' title='bbox 318 4341 419 4398; x_wconf 88' lang='lat' dir='ltr'><strong>locutio</strong></span> <span class='ocrx_word' id='word_1_337' title='bbox 441 4343 535 4398; x_wconf 84' lang='lat' dir='ltr'><strong>latins</strong></span> <span class='ocrx_word' id='word_1_338' title='bbox 555 4359 642 4412; x_wconf 87' lang='lat' dir='ltr'><strong>penes</strong></span> <span class='ocrx_word' id='word_1_339' title='bbox 661 4344 789 4397; x_wconf 83' lang='lat' dir='ltr'><strong>Plinium</strong></span> <span class='ocrx_word' id='word_1_340' title='bbox 811 4360 934 4399; x_wconf 72' lang='lat' dir='ltr'><strong>avocare</strong></span> <span class='ocrx_word' id='word_1_341' title='bbox 957 4346 1083 4413; x_wconf 77' lang='lat' dir='ltr'><strong>aliquem</strong></span> <span class='ocrx_word' id='word_1_342' title='bbox 1097 4345 1128 4396; x_wconf 89' lang='lat' dir='ltr'><strong>iu</strong></span> <span class='ocrx_word' id='word_1_343' title='bbox 1149 4343 1309 4410; x_wconf 82' lang='lat' dir='ltr'><strong>portionem</strong></span> <span class='ocrx_word' id='word_1_344' title='bbox 1322 4354 1379 4393; x_wconf 85' lang='lat' dir='ltr'><strong>mu·</strong></span> 
     </span>
     <span class='ocr_line' id='line_1_39' title="bbox 242 4422 904 4501; baseline 0 -15"><span class='ocrx_word' id='word_1_345' title='bbox 242 4422 326 4478; x_wconf 53' lang='lat' dir='ltr'><strong>luit*</strong></span> <span class='ocrx_word' id='word_1_346' title='bbox 339 4430 379 4485; x_wconf 78' lang='lat' dir='ltr'><strong>dt.</strong></span> <span class='ocrx_word' id='word_1_347' title='bbox 392 4434 465 4487; x_wconf 88' lang='lat' dir='ltr'><strong>Iust.</strong></span> <span class='ocrx_word' id='word_1_348' title='bbox 480 4431 588 4498; x_wconf 72' lang='lat' dir='ltr'><strong>dialog.</strong></span> <span class='ocrx_word' id='word_1_349' title='bbox 600 4447 661 4486; x_wconf 89' lang='lat' dir='ltr'><strong>cum</strong></span> <span class='ocrx_word' id='word_1_350' title='bbox 675 4433 784 4501; x_wconf 77' lang='lat' dir='ltr'><strong>uryph.</strong></span> <span class='ocrx_word' id='word_1_351' title='bbox 797 4449 826 4485; x_wconf 91' lang='lat' dir='ltr'><strong>n.</strong></span> <span class='ocrx_word' id='word_1_352' title='bbox 841 4434 904 4486; x_wconf 77' lang='lat'>128.</span> 
     </span>
    </p>
   </div>
   <div class='ocr_carea' id='block_1_4' title="bbox 0 0 1613 4950">
    <p class='ocr_par' dir='ltr' id='par_1_6' title="bbox 0 0 1613 4950">
     <span class='ocr_line' id='line_1_40' title="bbox 0 0 1613 4950; baseline 0 0"><span class='ocrx_word' id='word_1_353' title='bbox 0 0 1613 4950; x_wconf 95' lang='lat' dir='ltr'><strong> </strong></span> 
     </span>
    </p>
   </div>
  </div>
 </body>
</html>
