3180 4944
709 363 747 381 ..
768 329 828 392 548
848 362 887 378 .-

209 441 297 509 seris
321 441 452 510 directe
472 438 641 529 oppositis
668 438 839 508 adversus
862 458 996 506 errores
1009 435 1210 505 exorientes
1233 434 1381 506 declaret

210 568 250 614 ac
266 547 422 616 definiat.
438 546 529 617 Vide
543 546 718 616 Athenas.
733 547 774 614 de
787 546 916 615 decret.
931 545 1076 615 Nicaeu.
1086 568 1123 613 n.
1140 543 1259 613 18-21.
1273 544 1329 614 32.
1342 544 1379 613 In

210 652 365 722 Concilio
388 652 437 720 11.
457 653 561 742 plura
587 652 723 722 inserta
743 658 826 721 sunt
853 650 1011 741 symbolo
1043 651 1200 721 Nicaeno
1232 650 1378 719 nomina·

210 759 274 829 tim
298 759 339 827 de
367 759 504 850 Spiritu
529 761 656 830 Sancto
689 760 860 830 adversus
889 758 1224 829 Pneumatomachos
1255 763 1379 849 (supra

210 894 245 960 p.
256 869 348 954 509).
366 869 457 937 Num
474 868 551 936 ideo
568 869 752 960 quisquam
770 868 875 953 dicct,
893 865 1376 957 PatresConstantincpolita·

209 999 273 1045 nos
300 983 421 1045 contra
444 976 500 1044 ius
528 984 565 1045 ct
591 976 646 1044 fas
673 977 811 1044 celiam
834 975 967 1044 fidem»
987 972 1157 1041 edidisse?
1173 972 1287 1041 Immo
1302 997 1376 1042 seru·

209 1106 272 1175 per
290 1082 423 1151 dictum
444 1090 498 1153 est
514 1105 535 1150 a
552 1084 615 1152 SS.
634 1084 813 1168 Patribus,
832 1084 935 1153 fidem
950 1082 1140 1152 Nicacnam
1153 1081 1373 1170 asynodoII.

211 1189 423 1279 explicatam
448 1199 485 1259 et
519 1191 681 1261 strictius
708 1192 879 1262 adversus
905 1213 1014 1261 novos
1041 1210 1180 1259 errores
1206 1188 1375 1258 definitam

210 1319 307 1381 esse,
338 1303 375 1366 et
399 1299 592 1387 symbolum
627 1298 679 1367 ita
705 1304 847 1369 auctum
874 1298 1034 1367 habitum
1061 1299 1105 1366 ab
1125 1297 1299 1366 universa
1320 1295 1372 1364 Ec-

210 1402 317 1472 clesia
342 1405 380 1472 in
400 1405 515 1473 eodem
543 1407 656 1495 gradu
679 1406 884 1475 infallibilis
907 1406 1148 1487 auctoritatis,
1175 1424 1248 1496 qua
1270 1403 1372 1494 ipsum

209 1513 401 1583 Nicaenum
414 1512 798 1600 symbolum'sancitum
814 1519 902 1582 erat.
920 1513 963 1582 In
980 1510 1148 1582 Conciliis
1173 1512 1371 1602 subsequen·

208 1619 306 1689 tibus
325 1617 391 1687 IV.
409 1619 453 1689 V.
473 1621 536 1690 VI.
554 1619 637 1689 VH.
656 1621 815 1690 recitatis
827 1643 895 1689 non
921 1621 1020 1689 modo
1035 1618 1208 1710 symbolis
1233 1617 1370 1688 Nicaeuo

210 1735 246 1797 et
264 1728 649 1819 Constantinopolitano
662 1728 722 1796 sed
737 1727 820 1795 aliis
843 1727 948 1796 etiam
973 1727 1210 1799 Conciliorum
1233 1730 1368 1799 omniun

209 1838 490 1908 antecedentium
510 1834 747 1904 sanctionibus
767 1836 939 1905 adversus
962 1858 1071 1906 novos
1095 1861 1233 1910 errores
1251 1840 1368 1910 Nesto-

209 1951 410 2032 rianorurn,
444 1944 772 2035 Eutychiauorum,
803 1945 1130 2035 Monotheletarum,
1149 1950 1368 2020 Iconoolasta·

209 2077 288 2122 rum
304 2105 312 2138 ,
338 2059 374 2122 et
394 2052 572 2142 adoptatis
588 2050 746 2141 epistolis
769 2050 911 2139 Cyrilli,
926 2053 1065 2139 Leonis,
1079 2056 1285 2144 Agathonis
1299 2062 1364 2138 eto,

211 2165 287 2229 tum
314 2160 449 2228 demum
482 2160 519 2226 in
547 2157 720 2226 relatione
742 2158 786 2226 ad
812 2158 876 2225 has
904 2181 1020 2228 omues
1048 2161 1272 2233 definitiones
1300 2161 1366 2230 fidei

209 2266 439 2354 subiungitur
471 2264 587 2335 verbis
610 2262 756 2348 iisdem,
788 2264 916 2356 quibus
945 2264 1139 2336 Concilium
1165 2268 1366 2358 Ephesinun

209 2397 310 2442 usum
334 2378 422 2440 erat:
452 2371 643 2440 «definivit
659 2377 779 2440 sancta
795 2379 831 2440 et
845 2373 1057 2443 universalis
1081 2377 1242 2463 synodus
1266 2374 1366 2464 (Chal-

211 2479 437 2563 cedonensis,
466 2477 853 2567 Constantinopolitano
875 2479 924 2567 11,
943 2479 1042 2567 HL),
1068 2482 1179 2548 otiam
1195 2483 1299 2573 fidem
1319 2503 1365 2549 ne·

209 2588 295 2655 mini
321 2586 427 2656 licere
450 2587 606 2676 prolerre
618 2591 682 2654 aut
700 2587 915 2656 conscribere
927 2593 991 2656 aut
1002 2611 1204 2678 componere
1228 2595 1291 2660 aut
1304 2612 1365 2658 sen·

208 2693 277 2761 tire
308 2699 371 2762 aut
399 2693 488 2760 alios
513 2692 645 2761 docere.
660 2692 729 2759 Eos
757 2697 872 2761 autem
902 2695 963 2785 qui
986 2694 1064 2763 ausi
1088 2697 1229 2765 fuerint
1251 2718 1365 2786 compo

208 2823 289 2868 nere
306 2799 410 2889 fidem
433 2802 582 2867 oliam...
611 2806 674 2867 aut
696 2799 835 2868 tradere
866 2801 963 2869 aliud
994 2802 1192 2890 symbolum
1225 2803 1364 2874 converti

209 2907 409 2977 volentibus
434 2908 479 2975 ad
511 2906 741 2996 cognitionem
767 2906 955 2993 veritatiS,
983 2909 1046 2976 hos
1074 2910 1106 2977 si
1123 2909 1289 3001 Episcopi
1305 2913 1363 2978 fue·

208 3013 282 3081 rint
309 3019 373 3082 aut
392 3014 543 3098 Clerici,
561 3013 749 3102 Episcopos
767 3013 990 3084 olienosesse
1010 3018 1054 3083 ab
1077 3018 1292 3107 episcopatu,
1303 3017 1363 3085 Cle·

208 3119 299 3187 ricos
324 3140 345 3186 a
369 3119 555 3204 clericatu,
585 3122 722 3189 sivero
749 3120 908 3189 monachi
931 3128 996 3190 aut
1017 3121 1102 3192 laici
1126 3125 1273 3210 fuerint,
1296 3145 1363 3192 ana

207 3222 432 3293 thematizari
459 3247 544 3294 eos»
563 3226 674 3294 Hard.
697 3227 737 3293 Τ.
754 3226 803 3293 Π.
824 3227 1109 3316 p.455.;u.111.
1131 3253 1166 3318 p.
1181 3230 1262 3299 202.
1277 3230 1361 3313 1402;

208 3328 250 3396 Τ.
268 3329 331 3396 IV.
353 3353 386 3418 p.
401 3332 479 3400 454.
498 3333 577 3400 455.
594 3332 750 3401 Concilio
774 3334 892 3425 itaque
915 3334 1054 3403 nomine
1063 3335 1151 3425 fidei
1173 3359 1243 3407 uon
1268 3338 1361 3406 solun

208 3434 504 3524 comprehendunt
519 3438 702 3506 formulam
728 3439 877 3526 symboli
900 3439 1045 3508 Nicaeni
1062 3441 1361 3512 autConstantino·

206 3541 356 3630 politani
381 3544 440 3612 scd
456 3568 571 3612 omncs
597 3545 677 3614 fidei
693 3545 923 3615 definitiones.
947 3546 1064 3629 Quare
1088 3550 1170 3618 dum
1194 3549 1360 3629 definiunt,

207 3655 248 3716 ut
264 3671 361 3718 nemo
378 3654 485 3717 oliam
502 3652 607 3741 fldem
629 3653 758 3722 audeat
774 3676 974 3744 componere
990 3654 1046 3725 vel
1063 3657 1196 3726 sentire
1213 3664 1292 3742 etc,
1308 3678 1360 3724 non

206 3762 352 3845 possunt
374 3757 532 3847 intelligi
556 3780 660 3826 sensu
690 3758 880 3844 Photiano,
908 3781 949 3829 ac
973 3760 1004 3828 si
1026 3761 1208 3832 Ecclesiae
1231 3762 1359 3854 ipsiius

206 3862 417 3950 abrogarent
443 3865 545 3933 fidem
573 3886 691 3934 veram
712 3865 794 3934 aliis
822 3865 939 3935 verbis
967 3867 1184 3958 concipiendi
1209 3877 1246 3939 et
1265 3869 1356 3938 decla·

206 3966 331 4053 randi3
359 3967 422 4037 hoc
454 3970 544 4037 enim
576 3993 679 4039 sensu
706 3970 951 4060 prohiberetur
981 3972 1141 4042 Ecclesia
1166 3997 1237 4043 non
1265 3974 1355 4043 soluo

206 4095 333 4143 novum
362 4077 557 4164 symbolum
586 4079 645 4147 scd
677 4080 781 4146 etiam
813 4101 922 4151 novas
957 4081 1178 4153 definitiones
1211 4081 1353 4153 veritatis

205 4179 375 4250 adversus
388 4204 496 4252 novos
520 4207 655 4254 errores
678 4187 794 4272 edere,
814 4189 904 4278 quod
921 4190 1101 4259 evidenter
1117 4192 1301 4267 absurdum
1314 4190 1352 4256 cst

207 4291 242 4354 et
265 4286 464 4377 implicaret
487 4291 601 4359 omnia
631 4290 787 4361 Concilia
810 4292 847 4361 in
877 4295 1098 4365 manifestam
1130 4294 1350 4366 contradictio·

205 4412 304 4476 nem,
327 4392 408 4461 dum
428 4394 571 4484 singula
597 4395 660 4466 hoc
682 4419 786 4467 sensu
812 4399 921 4467 oliam
939 4399 1044 4489 fidem
1067 4408 1104 4471 et
1120 4400 1349 4474 conscriberent
