3172 4950
888 299 1071 364 -elo-

397 415 503 487 rillns
525 414 576 500 (in
599 413 696 481 Ioan.
715 435 749 501 p.
766 410 860 496 929).
885 409 955 478 Res
977 412 1032 477 est
1061 406 1272 493 manifesta,
1304 406 1478 477 dnmmodo
1495 407 1538 477 ad

398 522 563 592 tendatur
585 519 629 586 ad
651 517 801 586 indolem
831 517 1029 599 haereseos,
1056 515 1115 584 cui
1141 515 1340 604 symbolum
1369 517 1537 606 opponitur.

398 629 485 697 Eam
508 625 664 696 declarat
686 622 894 693 Patriarcha
908 622 1056 691 Ioannes
1071 623 1215 692 Beoeus.
1237 622 1539 712 Interrogatioerct

400 732 721 804 schismaticorum:
749 752 838 798 «cur
861 728 925 797 SS.
943 729 1066 797 Patres
1080 728 1130 797 11.
1150 727 1300 798 Consilii
1324 749 1457 797 ssorum
1469 752 1538 818 syn·

400 840 518 916 bolum
540 839 732 907 Nicaenum
754 835 997 926 explicantes,
1031 835 1255 905 divinitatem
1288 834 1429 925 quidem
1453 834 1538 926 Spiri·

399 952 459 1016 tus
482 945 604 1013 Sancti
626 965 785 1034 expresse
808 947 1025 1032 posuerunt;
1057 940 1099 1010 de
1128 940 1348 1031 processione
1378 964 1460 1011 vero
1483 943 1539 1009 ιὶιι

400 1053 569 1121 dixerunt
592 1071 740 1119 consona
761 1048 969 1137 Evangelio:
995 1047 1056 1143 qui
1077 1070 1120 1115 ex
1139 1047 1246 1116 Patre
1260 1047 1431 1137 procedit,
1448 1054 1540 1118 stum

401 1158 613 1228 addiderunt
633 1157 739 1225 etiam
762 1155 853 1224 illud
877 1178 918 1221 aa
940 1155 1060 1222 Filio?
1074 1181 1092 1218 n
1117 1154 1317 1246 Respondet
1336 1155 1467 1225 &cous
1484 1162 1540 1246 post

402 1265 474 1333 alia
496 1263 617 1354 plura:
646 1291 663 1326 a
679 1262 863 1331 verissima
885 1282 1013 1345 caum,
1039 1283 1102 1331 cur
1124 1261 1188 1331 SS.
1214 1262 1342 1331 Patres
1363 1262 1404 1330 in
1424 1284 1540 1352 proces-

403 1373 498 1440 sione
521 1369 678 1460 Spiritus
701 1368 823 1437 Sancti
845 1390 914 1436 non
927 1367 1294 1452 addideruntEilium,
1308 1368 1377 1438 illa
1398 1368 1539 1460 estquod

404 1477 542 1570 quidem
565 1476 734 1545 haeretici
756 1475 827 1563 (illi
851 1475 920 1564 ipsi
949 1475 1088 1565 quippe,
1113 1481 1236 1544 contra
1257 1496 1347 1566 quos
1375 1474 1540 1565 symbolon

403 1584 604 1674 opponitur)
627 1583 767 1652 aiebant
782 1590 818 1651 et
832 1581 1049 1665 sentiebant,
1068 1580 1240 1672 Spiritum
1254 1580 1426 1652 Sanctum
1439 1605 1478 1651 ex
1488 1580 1540 1650 solo

404 1691 500 1760 Filio
522 1690 717 1782 procedere.
744 1690 861 1776 (Hunc
883 1710 1020 1757 sensum
1031 1688 1286 1758 haereticorum
1301 1691 1428 1779 probat
1446 1687 1540 1759 deinde

405 1798 537 1868 Beccus
553 1820 595 1865 ex
611 1797 810 1866 testimonio
827 1796 864 1865 S.
878 1795 1006 1866 Basilii
1020 1802 1057 1864 et
1068 1794 1199 1865 Instini
1213 1795 1384 1887 Episcopi
1398 1795 1537 1886 Sicilissl

403 1905 524 1993 Igitur
551 1903 721 1973 baeretici
751 1903 952 1972 asserebant
981 1900 1154 1993 Spiritum
1181 1924 1224 1971 ex
1253 1902 1352 1970 Filio
1381 1908 1418 1972 et
1437 1924 1496 1971 non
1509 1923 1539 1970 ex
1573 1914 1576 1919 '

404 2011 521 2080 Patre.
546 2009 669 2079 Sancti
691 2032 774 2079 vero
796 2009 833 2078 id
856 2008 947 2101 quod
975 2009 1150 2098 negabant
1177 2008 1377 2094 haeretiei,
1407 2007 1539 2099 explicite

404 2114 652 2207 praedicarunt
673 2115 712 2184 in
733 2114 912 2204 symbolo,
937 2113 1101 2183 dicentes:
1127 2114 1188 2206 qui
1209 2137 1252 2184 ex
1275 2115 1385 2185 Patre
1401 2112 1537 2205 prucedit

404 2242 485 2290 nam
504 2221 688 2311 procedere
710 2244 752 2291 ex
775 2219 888 2305 Filio,
913 2220 1080 2290 haeretiei
1102 2222 1422 2308 concedebant,nec
1441 2218 1539 2291 eratin

404 2326 470 2395 boe
482 2350 559 2397 eum
568 2326 655 2418 ipsis
669 2327 909 2397 controversia
922 2354 940 2391 n
959 2327 1073 2415 (Beeo.
1090 2328 1128 2397 in
1139 2328 1246 2398 dictis
1257 2328 1324 2401 SS.
1338 2330 1434 2401 iuter
1447 2349 1537 2421 opust

408 2455 516 2503 aurea
530 2457 565 2524 p.
581 2433 658 2504 155.
676 2437 782 2526 sqq.).

474 2540 633 2612 Ceterum
655 2541 693 2609 in
714 2542 926 2632 professione
937 2541 1166 2633 processionis
1179 2565 1222 2612 ex
1237 2543 1344 2614 Patre
1359 2544 1541 2615 intellectam

409 2649 519 2717 fuisse
545 2649 795 2738 processionem
817 2649 922 2719 simnl
943 2672 986 2719 ex
1008 2649 1113 2735 Filio,
1131 2651 1294 2720 utPster
1314 2658 1352 2721 et
1373 2649 1542 2740 biliusspi

405 2755 542 2824 ratione
564 2777 670 2824 uuum
694 2761 799 2841 sunt,
825 2756 913 2825 satis
935 2761 1073 2825 constat
1100 2778 1142 2825 ex
1165 2756 1326 2826 doctrina
1354 2764 1393 2828 et
1419 2758 1543 2827 testime-

405 2861 476 2929 niis
490 2861 646 2946 Petrum,
664 2884 751 2953 quae
766 2861 985 2931 adduximus.
1003 2863 1111 2931 Immo
1126 2863 1293 2932 discimus
1306 2885 1349 2932 ex
1361 2861 1542 2955 Epiphanio,

406 2967 474 3058 ipsi
497 2968 653 3058 symbolo
675 2968 1058 3059 Constantinopolitano
1081 2968 1273 3039 uberiorem
1294 2970 1544 3060 explanationem

406 3074 444 3143 in
466 3073 588 3144 multis
610 3074 779 3144 Ecclesiis
795 3076 940 3144 orientis
962 3075 1044 3145 addi
1060 3076 1293 3161 consuevisse,
1307 3077 1346 3145 in
1370 3099 1440 3170 qus
1458 3073 1544 3166 expli·

407 3181 480 3249 cita
503 3181 631 3250 mentio
653 3183 771 3266 fieret,
798 3182 887 3273 quod
911 3182 1067 3272 Spiritus
1083 3183 1234 3252 Sanetus
1250 3183 1345 3254 sicut
1359 3183 1576 3309 proceditsx

406 3286 511 3356 Patre
533 3287 587 3356 ita
609 3288 800 3357 credendus
823 3289 871 3357 sit
893 3290 998 3358 etiam
1013 3311 1141 3359 esseex
1155 3289 1261 3359 Filio.
1277 3290 1366 3360 Post
1380 3256 1576 3382 expositas

406 3393 497 3460 enim
521 3393 672 3482 symboli
695 3394 880 3463 formulam
895 3417 1025 3486 ,quam
1046 3397 1189 3488 eandem
1211 3419 1288 3466 esse
1318 3397 1469 3467 diximus
1486 3416 1545 3465 cm

406 3495 814 3589 constantinopolitana,
839 3446 1059 3590 Epiphanius
1081 3501 1198 3571 adfert
1221 3502 1328 3571 sliam
1342 3503 1448 3595 paulo
1461 3498 1545 3592 expli·

406 3605 572 3675 eatiorem
595 3606 656 3693 (cf.
674 3606 792 3675 Tract.
808 3606 849 3675 de
861 3607 1106 3676 Incarnatione
1121 3608 1175 3679 th.
1193 3608 1344 3697 xm),
1363 3611 1407 3681 de
1428 3630 1491 3704 qus
1506 3607 1545 3674 its

404 3711 585 3803 loquitur:
615 3735 711 3782 avos
734 3713 787 3800 (in
808 3712 967 3782 Ecclesia
985 3713 1195 3784 Suedrorum
1210 3715 1443 3806 Pamphilise)
1456 3723 1488 3785 at
1499 3732 1545 3781 nos

405 3825 442 3887 et
464 3841 580 3889 omnes
603 3819 787 3890 orthodoxi
809 3820 973 3911 Episcopi
994 3828 1031 3890 et
1054 3823 1250 3892 summatim
1271 3830 1350 3893 tota
1370 3819 1546 3894 sancmfsc

406 3922 514 3992 alesia
537 3924 710 3995 catholica
731 3926 901 3995 adversus
924 3928 1129 4018 ingruentes
1155 3928 1317 4000 haereses
1347 3936 1546 4001 coamens

406 4049 484 4096 oum
506 4028 574 4097 fide
598 4030 739 4099 illorum
763 4032 827 4102 SS.
846 4034 991 4102 Petrum
1019 4034 1216 4120 (Nicsenos
1246 4035 1445 4127 intelligit)
1465 4031 1546 4126 paulo

405 4141 487 4204 ante
509 4138 690 4226 exposita,
717 4139 770 4207 ita
791 4139 1010 4230 iniungimus
1032 4142 1236 4232 praesertim
1265 4142 1311 4212 ad
1334 4150 1487 4213 sanctum
1508 4139 1547 4207 lt·

406 4264 549 4312 vacrum
572 4245 838 4333 accedentibus,
859 4255 900 4317 ut
921 4249 1153 4339 profiteantur
1175 4253 1211 4319 et
1234 4249 1368 4320 dicant:
1393 4249 1547 4320 Credimut

405 4347 443 4418 in
466 4372 575 4421 unum
596 4351 732 4422 Deumn
758 4361 831 4426 ete.
845 4355 889 4423 In
912 4354 1068 4426 bociam
1098 4356 1256 4447 symbolo
1286 4357 1455 4449 professio
1479 4354 1547 4427 <lou
