3172 4950
667 356 706 372 -
726 325 788 387 357
808 358 846 371 -

191 430 251 501 riae
270 428 413 499 fluentis
435 433 542 521 atque
563 430 741 499 tendentis
763 430 809 499 ad
831 430 983 521 aliquem
1005 430 1193 500 terminum
1217 432 1345 502 consti·

189 538 335 607 tuendum
368 538 501 630 (qualis
525 538 720 628 concipitur
738 536 969 629 ¹generatim»
995 538 1086 607 Ruiz
1109 539 1157 607 ib.
1181 562 1217 607 n.
1240 540 1272 608 7.
1296 539 1343 610 ci.

190 645 219 717 S.
231 645 292 715 Th.
308 646 339 714 l.
356 669 390 737 q.
404 645 462 714 40.
476 667 510 713 a.
524 646 557 733 23
571 647 701 715 Suarez
715 647 738 715 l.
753 647 835 716 VII.
851 671 881 716 c.
898 648 930 715 6.
946 671 983 714 n.
996 646 1052 713 12.

239 753 374 822 Omissa
397 776 479 822 vero
497 753 562 823 hac
577 754 803 824 distinctione
818 756 911 824 inter
927 756 1074 824 formam
1089 761 1345 845 permanentem

191 866 344 930 eiectum
368 869 572 951 conceptum
589 885 650 951 per
667 863 803 931 modum
820 861 974 947 fluentis,
995 884 1081 954 qnae
1105 861 1205 931 velut
1224 859 1346 953 postli-

191 966 280 1035 srinio
295 968 508 1037 correctione
526 968 674 1058 indiget,
689 992 731 1037 ne
744 993 894 1039 errorem
911 970 1107 1057 contineat3
1126 975 1241 1059 potest
1255 969 1347 1041 idem

191 1071 245 1143 dici
265 1073 472 1164 simplicius.
490 1074 684 1144 Distinctio
706 1075 800 1145 inter
823 1076 994 1166 originem
1017 1084 1053 1145 et
1075 1076 1279 1146 relationem
1302 1100 1346 1148 ex

192 1183 299 1251 uestis
322 1183 368 1251 ad
391 1181 752 1273 Deumtransfertur,
778 1193 820 1253 ut
842 1183 961 1277 aliquo
985 1184 1083 1252 modo
1112 1183 1347 1273 concipiemus

191 1290 421 1379 processionem
437 1297 474 1359 et
487 1291 615 1359 realem
631 1291 891 1360 distinctionem
909 1313 1145 1382 personarum
1163 1292 1200 1359 in
1218 1291 1348 1361 creatis

193 1418 258 1467 sero
277 1397 403 1466 relatio
419 1421 487 1467 non
503 1398 642 1491 quidem
664 1399 850 1469 constituit
873 1422 1066 1490 personam,
1085 1399 1145 1469 aed
1160 1405 1276 1469 tamen
1293 1400 1347 1468 in·

194 1505 559 1575 ommunicabilitatem
583 1514 619 1575 et
640 1506 901 1577 distinctionem
926 1509 1031 1576 nnius
1053 1529 1218 1598 personae
1236 1508 1279 1575 eb
1294 1507 1345 1575 als

194 1618 254 1683 tera
273 1614 347 1684 sine
368 1615 539 1684 relatione
555 1637 623 1683 non
643 1616 869 1707 concipimus,
888 1616 987 1706 origo
999 1638 1082 1684 vero
1099 1639 1161 1685 nec
1178 1615 1347 1685 constitu·

194 1720 301 1790 tionem
314 1744 378 1792 nec
395 1730 595 1814 conceptum
608 1724 1014 1793 incommunicabilitatis
1030 1745 1195 1813 personae
1211 1729 1348 1794 creatae

197 1826 253 1896 allo
272 1830 368 1899 modo
384 1831 604 1920 ingreditur,
624 1839 807 1922 propterea
831 1832 862 1900 si
885 1832 954 1900 iarn
971 1831 1140 1921 originem
1157 1837 1193 1899 et
1207 1830 1348 1901 relatio.-

198 1956 255 2005 ren
268 1938 302 2006 in
314 1960 462 2029 persona
474 1939 597 2008 divina
609 1940 797 2010 secundnm
810 1941 1008 2030 analogiam
1024 1961 1190 2031 personae
1212 1948 1349 2010 creatae

199 2040 438 2134 distinguimus,
462 2047 584 2136 aptius
610 2048 779 2117 relatione
793 2071 896 2141 quam
913 2049 1051 2139 origiue
1066 2069 1246 2139 personam
1270 2070 1347 2117 con·

199 2148 336 2220 diuam
360 2153 586 2244 concipimus.
603 2154 805 2246 Explicatio
829 2155 913 2226 haec
938 2164 992 2226 est
1014 2157 1117 2225 Card.
1144 2155 1347 2225 Pallaviui:

202 2257 455 2329 rinrcniendum
472 2268 537 2345 est,
556 2261 714 2352 quisnam
728 2262 777 2330 sit
788 2263 850 2331 ille
863 2270 1048 2353 conceptus
1060 2261 1345 2347 fundamentalis,

201 2383 287 2457 aquo
308 2368 457 2436 maxime
474 2369 671 2438 formaliter
687 2369 892 2440 desumatur
916 2371 953 2438 in
978 2370 1111 2439 divinis
1123 2370 1280 2461 personis
1296 2368 1348 2436 in·

201 2475 511 2545 ommunicabssitas
535 2477 722 2546 secundnm
746 2485 904 2547 nostrum
935 2478 1072 2547 modum
1105 2475 1346 2567 cognoscendi,

203 2590 362 2672 aceeptus
385 2606 429 2651 ne
459 2583 669 2652 relationum
700 2607 746 2653 an
776 2585 995 2675 originum...
1010 2586 1189 2668 Quantum
1213 2591 1349 2674 spectat

204 2688 450 2778 sdveritatem,
476 2699 513 2763 et
534 2700 680 2787 uterque
705 2696 795 2764 idern
819 2704 873 2766 est
902 2697 940 2765 iu
968 2695 1102 2765 divinis
1131 2701 1236 2786 atque
1264 2693 1350 2762 adeo

205 2800 363 2870 matituit
387 2824 564 2891 personas,
586 2815 622 2871 et
644 2809 767 2873 neuter
784 2805 821 2872 in
838 2804 937 2873 nobis
959 2803 1114 2894 pertinet
1129 2803 1174 2871 ad
1190 2803 1349 2871 substan·

204 2901 266 2975 ian
286 2917 322 2979 et
337 2910 621 2979 constitutionem
638 2933 881 3001 personarum,
900 2934 1008 3005 quare
1022 2934 1065 2981 ex
1080 2910 1161 2980 istis
1177 2910 1351 3002 capitibus

206 3023 265 3085 nnc
286 3017 461 3109 aequales.
488 3017 728 3088 Nihilominus
751 3019 788 3088 id
811 3043 880 3089 non
908 3022 1006 3089 obest
1025 3018 1220 3109 aptitudini
1242 3017 1351 3087 huius

205 3121 385 3212 aenigmatis
408 3124 529 3210 (huius
552 3132 738 3215 conceptus
761 3126 899 3196 scilicet
925 3125 1149 3210 relationum,
1176 3124 1237 3216 qni
1261 3122 1351 3193 deri-

207 3235 284 3299 utor
305 3254 347 3300 cx
372 3232 545 3300 creaturis
569 3231 761 3300 distinctus
784 3255 805 3301 a
828 3239 995 3322 conceptu
1019 3232 1225 3322 originum),
1249 3230 1351 3323 quale

206 3348 247 3418 per
262 3360 320 3405 nos
336 3338 460 3406 haberi
474 3345 602 3428 potest.
619 3340 757 3430 Quippe
773 3340 868 3408 inter
887 3348 1067 3409 creaturas
1082 3362 1149 3407 nou
1168 3360 1352 3430 possumus

206 3445 354 3535 concipere
372 3445 484 3534 ipsam
508 3447 933 3516 incommunicabilitatem
949 3454 987 3516 et
1002 3446 1262 3517 distinctionem
1276 3446 1351 3515 sine

206 3559 344 3641 onceptu
367 3552 530 3636 relativo,
548 3576 625 3621 cum
648 3560 765 3622 tamen
781 3554 934 3643 origines
949 3576 1060 3646 neque
1081 3553 1226 3623 realiter
1241 3573 1351 3644 neque

203 3659 364 3728 mudum
380 3667 583 3749 conceptum
605 3661 805 3751 pertineant
827 3660 865 3729 in
889 3661 1062 3731 creaturis
1077 3660 1121 3729 ad
1138 3658 1352 3728 constituen-

202 3753 259 3835 ltn
279 3767 708 3837 incommunicabilitatem
738 3790 982 3859 personarum3
1008 3775 1046 3837 et
1066 3767 1143 3836 ideo
1167 3771 1353 3856 conceptus

197 3870 385 3944 murionum
409 3881 463 3943 est
486 3873 601 3963 magis
616 3875 892 3945 accommodatus
906 3902 937 3942 n.
965 3873 1104 3944 Pallav.
1121 3873 1223 3943 Cura.
1241 3871 1349 3943 theol.

194 3961 216 4039 1.
226 3974 320 4046 vm.
335 4000 366 4047 ο.
382 3976 438 4045 54.
453 4001 488 4046 n.
506 3977 586 4045 414.

245 4083 489 4154 corollarium.
507 4084 564 4152 Ex
578 4084 768 4153 declaratis
780 4084 791 4152 i
796 4110 818 4154 n
832 4084 897 4155 hac
909 4083 1003 4154 thesi
1016 4084 1252 4177 consequitur,
1268 4082 1352 4177 qnid

188 4191 396 4261 sentiendum
418 4191 469 4260 sit
491 4192 533 4261 de
551 4194 742 4281 prioritate
765 4194 915 4259 rationis
930 4192 1025 4260 inter
1042 4199 1142 4261 actus
1158 4190 1354 4261 notionales

188 4318 238 4370 scu
259 4300 439 4390 origines,
465 4305 502 4369 et
522 4298 617 4369 inter
638 4320 804 4389 personas
841 4322 903 4370 seu
927 4297 1160 4390 proprietates
1190 4284 1351 4389 persona·

188 4404 240 4477 les.
264 4407 387 4477 Potest
409 4406 496 4477 haec
510 4405 668 4499 quaestio
683 4407 826 4491 iterum,
846 4407 940 4478 sicut
955 4405 1213 4497 praecedentes,
1230 4402 1353 4475 haberi
