3172 4950
552 389 590 403 ..
611 357 672 419 533
693 389 731 403 ..

54 463 238 534 strationis
261 462 310 549 id,
337 464 427 556 quod
451 462 624 532 Catholici
649 467 781 552 negant
801 463 901 532 velut
926 464 1096 533 haeresim
1118 472 1153 535 et
1175 468 1231 536 de·

53 577 250 641 monstrant
277 570 493 640 contrarium
525 569 730 660 Scripturas
760 592 800 640 ac
832 571 1021 640 universae
1054 574 1232 643 doctrinae

53 680 212 764 Petrum,
225 685 261 749 et
273 678 364 771 quod
384 677 601 747 schismatici
618 677 752 747 vellent
767 678 1016 748 demonstrare.
1035 680 1114 763 Qua
1131 683 1231 751 nulla

52 786 274 857 manifestior
289 785 417 876 petitio
433 785 598 875 principii
622 785 790 853 committi
806 792 932 875 potest.
959 787 1114 877 Spiratio
1138 796 1232 859 certe

53 895 159 965 etiarn
192 893 459 964 concedentibus
489 891 724 961 schismaticis
759 899 905 962 nonest
934 896 1131 985 proprietas
1155 920 1232 966 con·

53 1000 209 1071 stitnens
231 1021 424 1091 personam,
439 1019 540 1068 secus
562 998 789 1068 induceretur
811 1022 1038 1089 personarum
1055 1005 1232 1095 quaterni·

53 1115 124 1178 tas.
149 1111 203 1177 At
227 1131 269 1176 ex
291 1112 422 1176 natura
447 1106 610 1196 mysterii
628 1106 819 1175 Trinitatis
842 1107 879 1175 in
901 1107 1088 1199 Scriptura
1108 1116 1144 1179 et
1168 1113 1232 1179 Pa·

53 1221 150 1284 trnm
174 1215 334 1284 doctrina
351 1216 585 1304 proprietates
609 1216 850 1280 constituentes
884 1221 969 1284 sunt
991 1216 1130 1308 quidem
1164 1219 1234 1287 sin·

53 1323 161 1413 gulae
188 1321 295 1391 nnius
318 1327 459 1390 tantum
478 1343 668 1411 personae;
695 1322 831 1391 sivero
859 1322 950 1391 idem
976 1325 1169 1396 affirmetur
1190 1328 1233 1396 de

53 1430 248 1522 spiratione
263 1430 393 1514 activa,
413 1431 504 1522 quod
529 1452 569 1497 ea
595 1430 657 1499 nni
673 1431 773 1500 Patri
797 1431 846 1500 sit
861 1433 1014 1523 propria,
1032 1433 1095 1502 hoc
1108 1436 1232 1528 utique

52 1539 147 1608 idern
171 1543 225 1607 est
247 1560 287 1608 ac
309 1538 444 1623 dicere,
479 1538 650 1629 Spiritum
672 1538 838 1608 Sanctum
856 1561 878 1607 a
898 1540 970 1608 solo
984 1542 1090 1610 Patre
1113 1566 1231 1632 proce·

53 1647 148 1734 dere;
168 1652 207 1714 at
221 1645 285 1714 hoc
297 1645 411 1735 ipsum
424 1651 515 1714 esset
529 1645 764 1714 schismaticis
777 1647 1094 1717 demonstrandum.
1109 1649 1233 1719 Omnia

52 1756 177 1847 itaque
197 1754 314 1845 capita
330 1754 509 1823 doctrinae
525 1777 567 1822 ex
585 1755 770 1845 Scriptura
791 1760 827 1825 at
845 1756 1103 1845 praedicatione
1128 1761 1233 1829 ecole-

54 1863 345 1955 siastica,quibus
357 1862 674 1930 demonstravimus
686 1863 934 1953 processionem
947 1864 1103 1954 Spiritus
1112 1867 1234 1938 Sancti

55 1995 96 2039 ex
110 1972 217 2040 Patre
233 1970 370 2039 etFilio
383 1992 445 2038 seu
457 1993 500 2039 ex
512 1971 617 2038 Patre
629 1993 691 2060 per
698 1971 844 2056 Filium,
859 1972 975 2040 eodem
987 1975 1085 2043 modo
1098 1976 1234 2044 demon·

55 2083 184 2163 strant,
200 2076 425 2166 spirationem
446 2077 597 2146 activam
621 2098 695 2145 esse
720 2100 929 2147 communem
954 2080 1054 2149 Patri
1077 2103 1117 2151 ac
1140 2083 1234 2152 Filio

54 2208 124 2254 non
140 2190 257 2254 autem
274 2184 426 2275 Spiritui
442 2187 581 2270 Sancto,
598 2186 681 2278 qnia
704 2186 860 2275 Spiritus
883 2188 1033 2257 Sanctus
1046 2214 1107 2280 per
1122 2190 1233 2281 ipsam

55 2315 269 2362 communem
291 2291 410 2361 Patris
433 2297 470 2362 et
491 2292 577 2361 Filii
595 2292 821 2382 spirationem
837 2295 1065 2383 producitur;
1092 2302 1234 2390 tamque

55 2408 111 2470 est
134 2401 313 2470 contraria
337 2401 521 2491 Sripturae
544 2406 580 2471 et
595 2399 762 2470 Patribus
785 2403 944 2487 assertio,
972 2403 1063 2495 quod
1087 2405 1234 2493 spiratio

55 2508 178 2578 activa
209 2507 352 2597 propria
375 2513 430 2576 est
453 2508 516 2577 uni
539 2530 726 2599 personae,
764 2530 866 2601 qnam
899 2509 1076 2577 contraria
1106 2511 1234 2580 eisdem

55 2638 132 2684 esse
154 2614 415 2684 demonstratur
445 2616 587 2705 negatio
609 2616 842 2706 processionis
865 2639 907 2683 ex
930 2617 1035 2684 Patre
1058 2617 1231 2710 Filioque.

56 2721 97 2791 Si
119 2719 235 2811 igitur
252 2724 451 2811 proprietas
474 2722 598 2791 stricto
615 2746 720 2792 sensu
737 2723 871 2792 dicitur
894 2724 943 2808 id,
963 2724 1054 2815 quod
1078 2725 1140 2793 uni
1157 2749 1233 2815 per·

57 2849 162 2898 sonae
196 2834 253 2896 est
281 2827 484 2918 proprium,
517 2851 685 2919 negamus
718 2829 942 2921 spirationem
977 2831 1129 2901 activam
1160 2855 1234 2901 esse

56 2934 328 3027 proprietatem
356 2935 387 3004 si
411 2960 514 3005 sensu
539 2937 660 3006 latiori
684 2938 817 3008 dicitnr
839 2939 1048 3029 proprietas,
1075 2942 1166 3033 quod
1182 2947 1236 3010 est

56 3044 185 3113 relatio
207 3043 251 3112 ad
275 3044 372 3113 intra
395 3050 430 3113 et
452 3068 520 3114 non
545 3068 721 3114 commune
744 3047 859 3114 tribus
882 3048 1060 3136 personis,
1086 3049 1235 3138 spiratio

57 3156 176 3243 potest
208 3150 280 3220 dici
308 3153 504 3243 proprietas
539 3177 606 3221 non
642 3154 836 3223 costituens
871 3177 981 3247 neque
1012 3155 1236 3246 distinguens

58 3260 198 3330 Patrem
228 3267 266 3329 et
298 3260 431 3329 Filium
454 3262 547 3331 inter
582 3285 641 3347 se,
672 3262 731 3330 sed
756 3262 980 3351 distinguens
1004 3270 1235 3357 utrumquea

56 3390 207 3460 persona
229 3367 359 3453 tertia,
386 3369 489 3438 cuius
512 3374 597 3438 sunt
619 3392 728 3438 unum
751 3369 964 3460 principium
987 3395 1049 3461 per
1073 3372 1235 3462 spiratio-

56 3499 136 3545 nem
159 3497 264 3544 unam
287 3475 338 3544 eis
355 3498 577 3545 communem.
596 3477 651 3545 cf.
671 3500 779 3568 snpra
804 3503 839 3568 p.
855 3478 920 3545 371
933 3502 1007 3571 sqq.

125 3582 278 3675 Reliqua
301 3582 416 3651 omnia
440 3605 528 3675 qnae
552 3584 653 3653 velut
668 3583 823 3652 rationes
839 3582 1056 3673 theologicae
1079 3608 1101 3652 a
1124 3587 1233 3656 schis-

57 3688 198 3757 maticis
220 3688 476 3778 producuntur,
504 3690 700 3760 fundantur
723 3688 760 3756 in
776 3689 977 3779 ignorantia
999 3690 1055 3760 vel
1073 3692 1234 3762 dissimu-

57 3794 193 3865 latione
215 3816 319 3865 verae
342 3795 521 3865 doctrinae
546 3797 640 3866 circa
663 3796 922 3866 distinctionem
940 3801 981 3864 -et
997 3798 1168 3867 unitatem
1183 3801 1235 3869 in·

57 3909 115 3973 ter
137 3902 279 3974 divinas
302 3928 479 3994 personas.
499 3907 590 3975 Sane
605 3905 637 3975 si
653 3907 891 3990 fundamenta,
918 3905 1046 3998 quihus
1069 3907 1236 3979 innititur

58 4009 209 4081 obiectio
231 4012 274 4080 de
296 4012 431 4082 duobus
454 4014 650 4104 principiis,
675 4014 718 4082 de
740 4013 1001 4103 imperfectione
1024 4019 1060 4082 et
1074 4017 1236 4106 partitio-

58 4141 103 4187 ne
127 4116 351 4208 spirationis,
378 4120 419 4188 de
443 4119 645 4189 confusions
669 4141 895 4210 personarum
917 4119 1037 4191 Patris
1068 4129 1105 4191 et
1125 4124 1234 4211 Filii,

59 4224 325 4317 applicarentur
348 4228 543 4318 operationi
565 4229 610 4297 ad
634 4234 735 4297 erma
758 4251 788 4297 e.
815 4254 851 4318 g.
870 4228 1053 4314 creationi,
1083 4229 1235 4300 inciden-

59 4332 144 4401 dum
168 4340 261 4404 esset
275 4333 312 4402 in
329 4334 646 4420 Sabellianismum,
672 4359 716 4403 ne
738 4337 810 4405 tria
824 4335 1000 4426 principia
1022 4340 1058 4403 et
1072 4342 1146 4406 tres
1161 4361 1236 4429 ope·
1326 4324 1336 4343 “

60 4439 217 4511 rationes
239 4441 410 4534 partiales
433 4450 470 4513 et
483 4443 706 4535 imperfectae
728 4444 990 4530 inducerentur,
1010 4443 1067 4515 vel
1083 4444 1121 4514 in
1133 4444 1236 4516 Aria·
