<?xml version="1.0" encoding="UTF-8"?>
<!DOCTYPE html PUBLIC "-//W3C//DTD XHTML 1.0 Transitional//EN"
    "http://www.w3.org/TR/xhtml1/DTD/xhtml1-transitional.dtd">
<html xmlns="http://www.w3.org/1999/xhtml" xml:lang="en" lang="en">
 <head>
  <title>
</title>
<meta http-equiv="Content-Type" content="text/html;charset=utf-8" />
  <meta name='ocr-system' content='tesseract 3.04.00' />
  <meta name='ocr-capabilities' content='ocr_page ocr_carea ocr_par ocr_line ocrx_word'/>
</head>
<body>
  <div class='ocr_page' id='page_1' title='image "./tractatusdedeot00frangoog/tractatusdedeot00frangoog_0268.png"; bbox 0 0 3172 4950; ppageno 0'>
   <div class='ocr_carea' id='block_1_1' title="bbox 204 78 1381 2541">
    <p class='ocr_par' dir='ltr' id='par_1_1' title="bbox 699 78 880 138">
     <span class='ocr_line' id='line_1_1' title="bbox 699 78 880 138; baseline 0.011 -2"><span class='ocrx_word' id='word_1_1' title='bbox 699 110 737 125; x_wconf 92' lang='lat'><strong>·-</strong></span> <span class='ocrx_word' id='word_1_2' title='bbox 758 78 821 138; x_wconf 75' lang='lat'><strong>257</strong></span> <span class='ocrx_word' id='word_1_3' title='bbox 842 110 880 124; x_wconf 91' lang='lat'>-</span> 
     </span>
    </p>

    <p class='ocr_par' dir='ltr' id='par_1_2' title="bbox 204 181 1381 2326">
     <span class='ocr_line' id='line_1_2' title="bbox 212 181 1376 277; baseline 0 -22"><span class='ocrx_word' id='word_1_4' title='bbox 212 188 318 255; x_wconf 76' lang='lat' dir='ltr'><strong>etum</strong></span> <span class='ocrx_word' id='word_1_5' title='bbox 330 187 449 276; x_wconf 87' lang='lat' dir='ltr'><strong>potest</strong></span> <span class='ocrx_word' id='word_1_6' title='bbox 463 183 677 274; x_wconf 84' lang='lat' dir='ltr'><strong>intelligere,</strong></span> <span class='ocrx_word' id='word_1_7' title='bbox 692 184 776 277; x_wconf 86' lang='lat' dir='ltr'><strong>qnia</strong></span> <span class='ocrx_word' id='word_1_8' title='bbox 789 181 1029 274; x_wconf 70' lang='lat' dir='ltr'><strong>spiritualiter</strong></span> <span class='ocrx_word' id='word_1_9' title='bbox 1041 183 1263 254; x_wconf 75' lang='lat' dir='ltr'><strong>examinatur</strong></span> <span class='ocrx_word' id='word_1_10' title='bbox 1277 213 1294 248; x_wconf 82' lang='lat' dir='ltr'><strong>n</strong></span> <span class='ocrx_word' id='word_1_11' title='bbox 1313 186 1376 274; x_wconf 92' lang='grc'>(1).</span> 
     </span>
     <span class='ocr_line' id='line_1_3' title="bbox 209 291 1380 385; baseline 0.003 -23"><span class='ocrx_word' id='word_1_12' title='bbox 209 291 320 384; x_wconf 82' lang='lat' dir='ltr'><strong>igitur</strong></span> <span class='ocrx_word' id='word_1_13' title='bbox 340 293 430 363; x_wconf 88' lang='lat' dir='ltr'><strong>talis</strong></span> <span class='ocrx_word' id='word_1_14' title='bbox 453 294 630 385; x_wconf 78' lang='lat' dir='ltr'><strong>ignoratio</strong></span> <span class='ocrx_word' id='word_1_15' title='bbox 646 292 839 362; x_wconf 88' lang='lat' dir='ltr'><strong>omnimoda</strong></span> <span class='ocrx_word' id='word_1_16' title='bbox 854 316 922 362; x_wconf 91' lang='lat' dir='ltr'><strong>non</strong></span> <span class='ocrx_word' id='word_1_17' title='bbox 939 292 1051 362; x_wconf 88' lang='lat' dir='ltr'><strong>solum</strong></span> <span class='ocrx_word' id='word_1_18' title='bbox 1067 296 1265 364; x_wconf 82' lang='lat' dir='ltr'><strong>estfactum</strong></span> <span class='ocrx_word' id='word_1_19' title='bbox 1279 295 1380 365; x_wconf 83' lang='lat' dir='ltr'><strong>velut</strong></span> 
     </span>
     <span class='ocr_line' id='line_1_4' title="bbox 204 400 1379 494; baseline 0.001 -25"><span class='ocrx_word' id='word_1_20' title='bbox 204 426 260 494; x_wconf 79' lang='lat' dir='ltr'><strong>per</strong></span> <span class='ocrx_word' id='word_1_21' title='bbox 281 400 452 486; x_wconf 78' lang='lat' dir='ltr'><strong>accidens,</strong></span> <span class='ocrx_word' id='word_1_22' title='bbox 471 402 531 472; x_wconf 85' lang='lat' dir='ltr'><strong>sed</strong></span> <span class='ocrx_word' id='word_1_23' title='bbox 555 426 596 469; x_wconf 77' lang='lat' dir='ltr'><strong>ee</strong></span> <span class='ocrx_word' id='word_1_24' title='bbox 617 404 827 484; x_wconf 76' lang='lat' dir='ltr'><strong>reiectura,</strong></span> <span class='ocrx_word' id='word_1_25' title='bbox 844 423 885 469; x_wconf 82' lang='lat' dir='ltr'><strong>ex</strong></span> <span class='ocrx_word' id='word_1_26' title='bbox 902 401 1105 470; x_wconf 88' lang='lat' dir='ltr'><strong>intellectus</strong></span> <span class='ocrx_word' id='word_1_27' title='bbox 1124 402 1300 470; x_wconf 92' lang='lat' dir='ltr'><strong>naturalis</strong></span> <span class='ocrx_word' id='word_1_28' title='bbox 1316 402 1379 470; x_wconf 92' lang='lat' dir='ltr'><strong>im-</strong></span> 
     </span>
     <span class='ocr_line' id='line_1_5' title="bbox 207 508 1375 600; baseline 0 -23"><span class='ocrx_word' id='word_1_29' title='bbox 207 510 423 600; x_wconf 86' lang='lat' dir='ltr'><strong>proportione</strong></span> <span class='ocrx_word' id='word_1_30' title='bbox 447 515 547 579; x_wconf 89' lang='lat' dir='ltr'><strong>etex</strong></span> <span class='ocrx_word' id='word_1_31' title='bbox 571 509 848 600; x_wconf 77' lang='lat' dir='ltr'><strong>supereminente</strong></span> <span class='ocrx_word' id='word_1_32' title='bbox 882 508 1002 576; x_wconf 91' lang='lat' dir='ltr'><strong>ordine</strong></span> <span class='ocrx_word' id='word_1_33' title='bbox 1026 508 1149 576; x_wconf 93' lang='lat' dir='ltr'><strong>harum</strong></span> <span class='ocrx_word' id='word_1_34' title='bbox 1174 510 1375 579; x_wconf 83' lang='lat' dir='ltr'><strong>veritatum.</strong></span> 
     </span>
     <span class='ocr_line' id='line_1_6' title="bbox 207 614 1379 707; baseline 0.003 -23"><span class='ocrx_word' id='word_1_35' title='bbox 207 615 387 686; x_wconf 84' lang='lat' dir='ltr'><strong>Pertinent</strong></span> <span class='ocrx_word' id='word_1_36' title='bbox 409 616 502 686; x_wconf 91' lang='lat' dir='ltr'><strong>enim</strong></span> <span class='ocrx_word' id='word_1_37' title='bbox 518 616 689 686; x_wconf 87' lang='lat' dir='ltr'><strong>veritates</strong></span> <span class='ocrx_word' id='word_1_38' title='bbox 703 616 748 685; x_wconf 85' lang='lat' dir='ltr'><strong>ad</strong></span> <span class='ocrx_word' id='word_1_39' title='bbox 759 614 944 706; x_wconf 81' lang='lat' dir='ltr'><strong>profunda</strong></span> <span class='ocrx_word' id='word_1_40' title='bbox 960 616 1038 696; x_wconf 82' lang='lat' dir='ltr'><strong>Dei,</strong></span> <span class='ocrx_word' id='word_1_41' title='bbox 1057 639 1202 707; x_wconf 89' lang='lat' dir='ltr'><strong>quorum</strong></span> <span class='ocrx_word' id='word_1_42' title='bbox 1225 618 1379 706; x_wconf 83' lang='lat' dir='ltr'><strong>cognitio</strong></span> 
     </span>
     <span class='ocr_line' id='line_1_7' title="bbox 207 722 1374 810; baseline 0 -16"><span class='ocrx_word' id='word_1_43' title='bbox 207 724 273 794; x_wconf 81' lang='lat' dir='ltr'><strong>Deo</strong></span> <span class='ocrx_word' id='word_1_44' title='bbox 294 724 364 792; x_wconf 89' lang='lat' dir='ltr'><strong>soli</strong></span> <span class='ocrx_word' id='word_1_45' title='bbox 387 723 569 793; x_wconf 85' lang='lat' dir='ltr'><strong>naturalis·</strong></span> <span class='ocrx_word' id='word_1_46' title='bbox 585 730 651 793; x_wconf 89' lang='lat' dir='ltr'><strong>est.</strong></span> <span class='ocrx_word' id='word_1_47' title='bbox 676 724 766 794; x_wconf 88' lang='lat' dir='ltr'><strong>Nam</strong></span> <span class='ocrx_word' id='word_1_48' title='bbox 790 722 882 792; x_wconf 90' lang='lat' dir='ltr'><strong>sicut</strong></span> <span class='ocrx_word' id='word_1_49' title='bbox 897 723 984 790; x_wconf 91' lang='lat' dir='ltr'><strong>alibi</strong></span> <span class='ocrx_word' id='word_1_50' title='bbox 1001 726 1132 792; x_wconf 80' lang='lat' dir='ltr'><strong>creatio</strong></span> <span class='ocrx_word' id='word_1_51' title='bbox 1150 723 1239 810; x_wconf 88' lang='lat' dir='ltr'><strong>(vid.</strong></span> <span class='ocrx_word' id='word_1_52' title='bbox 1256 724 1374 795; x_wconf 78' lang='lat' dir='ltr'><strong>Treot.</strong></span> 
     </span>
     <span class='ocr_line' id='line_1_8' title="bbox 209 831 1378 922; baseline 0.001 -21"><span class='ocrx_word' id='word_1_53' title='bbox 209 832 246 902; x_wconf 81' lang='lat' dir='ltr'><strong>sle</strong></span> <span class='ocrx_word' id='word_1_54' title='bbox 264 831 439 919; x_wconf 81' lang='lat' dir='ltr'><strong>lacurn),</strong></span> <span class='ocrx_word' id='word_1_55' title='bbox 457 831 509 900; x_wconf 88' lang='lat' dir='ltr'><strong>ita</strong></span> <span class='ocrx_word' id='word_1_56' title='bbox 524 831 582 902; x_wconf 91' lang='lat' dir='ltr'><strong>hic</strong></span> <span class='ocrx_word' id='word_1_57' title='bbox 606 831 761 922; x_wconf 82' lang='lat' dir='ltr'><strong>cognitio</strong></span> <span class='ocrx_word' id='word_1_58' title='bbox 784 831 907 900; x_wconf 89' lang='lat' dir='ltr'><strong>horum</strong></span> <span class='ocrx_word' id='word_1_59' title='bbox 932 832 1184 921; x_wconf 85' lang='lat' dir='ltr'><strong>profundorum</strong></span> <span class='ocrx_word' id='word_1_60' title='bbox 1199 833 1265 902; x_wconf 91' lang='lat' dir='ltr'><strong>Dei</strong></span> <span class='ocrx_word' id='word_1_61' title='bbox 1281 833 1378 902; x_wconf 85' lang='lat' dir='ltr'><strong>exhi·</strong></span> 
     </span>
     <span class='ocr_line' id='line_1_9' title="bbox 210 938 1381 1029; baseline -0.003 -19"><span class='ocrx_word' id='word_1_62' title='bbox 210 940 303 1010; x_wconf 78' lang='lat' dir='ltr'><strong>iretur</strong></span> <span class='ocrx_word' id='word_1_63' title='bbox 327 938 430 1010; x_wconf 86' lang='lat' dir='ltr'><strong>velut</strong></span> <span class='ocrx_word' id='word_1_64' title='bbox 452 938 666 1010; x_wconf 86' lang='lat' dir='ltr'><strong>attributum</strong></span> <span class='ocrx_word' id='word_1_65' title='bbox 689 946 726 1009; x_wconf 88' lang='lat' dir='ltr'><strong>et</strong></span> <span class='ocrx_word' id='word_1_66' title='bbox 748 946 832 1007; x_wconf 90' lang='lat' dir='ltr'><strong>nota</strong></span> <span class='ocrx_word' id='word_1_67' title='bbox 855 939 1070 1008; x_wconf 86' lang='lat' dir='ltr'><strong>divinitatis:</strong></span> <span class='ocrx_word' id='word_1_68' title='bbox 1091 942 1278 1029; x_wconf 72' lang='lat' dir='ltr'><strong>«Spiritus</strong></span> <span class='ocrx_word' id='word_1_69' title='bbox 1291 945 1381 1007; x_wconf 84' lang='lat' dir='ltr'><strong>enim</strong></span> 
     </span>
     <span class='ocr_line' id='line_1_10' title="bbox 211 1045 1378 1137; baseline 0.002 -22"><span class='ocrx_word' id='word_1_70' title='bbox 211 1050 316 1115; x_wconf 66' lang='grc' dir='ltr'><strong>Μία</strong></span> <span class='ocrx_word' id='word_1_71' title='bbox 339 1058 515 1115; x_wconf 64' lang='lat' dir='ltr'><strong>sensatur</strong></span> <span class='ocrx_word' id='word_1_72' title='bbox 539 1050 642 1115; x_wconf 85' lang='lat' dir='ltr'><strong>etiam</strong></span> <span class='ocrx_word' id='word_1_73' title='bbox 659 1045 944 1137; x_wconf 78' lang='lat' dir='ltr'><strong>profunduDei.</strong></span> <span class='ocrx_word' id='word_1_74' title='bbox 972 1046 1062 1130; x_wconf 76' lang='lat' dir='ltr'><strong>Quis</strong></span> <span class='ocrx_word' id='word_1_75' title='bbox 1087 1049 1177 1116; x_wconf 90' lang='lat' dir='ltr'><strong>enim</strong></span> <span class='ocrx_word' id='word_1_76' title='bbox 1200 1048 1378 1118; x_wconf 92' lang='lat' dir='ltr'><strong>hominum</strong></span> 
     </span>
     <span class='ocr_line' id='line_1_11' title="bbox 214 1154 1378 1249; baseline 0 -24"><span class='ocrx_word' id='word_1_77' title='bbox 214 1155 282 1241; x_wconf 86' lang='lat' dir='ltr'><strong>soit,</strong></span> <span class='ocrx_word' id='word_1_78' title='bbox 300 1177 391 1248; x_wconf 92' lang='lat' dir='ltr'><strong>quae</strong></span> <span class='ocrx_word' id='word_1_79' title='bbox 415 1162 500 1226; x_wconf 89' lang='lat' dir='ltr'><strong>sunt</strong></span> <span class='ocrx_word' id='word_1_80' title='bbox 521 1155 671 1224; x_wconf 91' lang='lat' dir='ltr'><strong>hominis</strong></span> <span class='ocrx_word' id='word_1_81' title='bbox 694 1154 764 1223; x_wconf 87' lang='lat' dir='ltr'><strong>nisi</strong></span> <span class='ocrx_word' id='word_1_82' title='bbox 788 1155 937 1245; x_wconf 90' lang='lat' dir='ltr'><strong>spiritus</strong></span> <span class='ocrx_word' id='word_1_83' title='bbox 961 1154 1130 1240; x_wconf 90' lang='lat' dir='ltr'><strong>hominis,</strong></span> <span class='ocrx_word' id='word_1_84' title='bbox 1157 1157 1217 1249; x_wconf 91' lang='lat' dir='ltr'><strong>qui</strong></span> <span class='ocrx_word' id='word_1_85' title='bbox 1242 1156 1279 1224; x_wconf 90' lang='lat' dir='ltr'><strong>in</strong></span> <span class='ocrx_word' id='word_1_86' title='bbox 1303 1157 1378 1246; x_wconf 91' lang='lat' dir='ltr'><strong>ipso</strong></span> 
     </span>
     <span class='ocr_line' id='line_1_12' title="bbox 214 1263 1375 1354; baseline -0.007 -20"><span class='ocrx_word' id='word_1_87' title='bbox 214 1263 278 1334; x_wconf 69' lang='lat' dir='ltr'><strong>est?</strong></span> <span class='ocrx_word' id='word_1_88' title='bbox 301 1266 357 1329; x_wconf 79' lang='lat' dir='ltr'><strong>ita</strong></span> <span class='ocrx_word' id='word_1_89' title='bbox 380 1276 413 1330; x_wconf 83' lang='lat' dir='ltr'><strong>et</strong></span> <span class='ocrx_word' id='word_1_90' title='bbox 435 1285 524 1354; x_wconf 82' lang='lat' dir='ltr'><strong>quae</strong></span> <span class='ocrx_word' id='word_1_91' title='bbox 546 1263 612 1329; x_wconf 82' lang='lat' dir='ltr'><strong>Dei</strong></span> <span class='ocrx_word' id='word_1_92' title='bbox 626 1277 719 1343; x_wconf 79' lang='lat' dir='ltr'><strong>aaut,</strong></span> <span class='ocrx_word' id='word_1_93' title='bbox 737 1285 829 1328; x_wconf 81' lang='lat' dir='ltr'><strong>nemo</strong></span> <span class='ocrx_word' id='word_1_94' title='bbox 847 1265 1004 1352; x_wconf 75' lang='lat' dir='ltr'><strong>coqnovit</strong></span> <span class='ocrx_word' id='word_1_95' title='bbox 1020 1265 1092 1328; x_wconf 83' lang='lat' dir='ltr'><strong>nisi</strong></span> <span class='ocrx_word' id='word_1_96' title='bbox 1107 1263 1261 1351; x_wconf 73' lang='lat' dir='ltr'><strong>Spiritus</strong></span> <span class='ocrx_word' id='word_1_97' title='bbox 1278 1265 1345 1331; x_wconf 84' lang='lat' dir='ltr'><strong>Dei</strong></span> <span class='ocrx_word' id='word_1_98' title='bbox 1358 1291 1375 1326; x_wconf 80' lang='lat' dir='ltr'><strong>s</strong></span> 
     </span>
     <span class='ocr_line' id='line_1_13' title="bbox 216 1368 1379 1465; baseline -0.001 -24"><span class='ocrx_word' id='word_1_99' title='bbox 216 1394 245 1441; x_wconf 82' lang='lat' dir='ltr'><strong>s.</strong></span> <span class='ocrx_word' id='word_1_100' title='bbox 259 1370 314 1441; x_wconf 87' lang='grc'><strong>10.</strong></span> <span class='ocrx_word' id='word_1_101' title='bbox 330 1371 386 1439; x_wconf 92' lang='grc'><strong>11.</strong></span> <span class='ocrx_word' id='word_1_102' title='bbox 402 1369 471 1441; x_wconf 86' lang='lat' dir='ltr'><strong>Est</strong></span> <span class='ocrx_word' id='word_1_103' title='bbox 486 1368 544 1440; x_wconf 94' lang='lat' dir='ltr'><strong>hic</strong></span> <span class='ocrx_word' id='word_1_104' title='bbox 561 1368 773 1460; x_wconf 87' lang='lat' dir='ltr'><strong>apostolicus</strong></span> <span class='ocrx_word' id='word_1_105' title='bbox 790 1369 1058 1439; x_wconf 85' lang='lat' dir='ltr'><strong>commentarius</strong></span> <span class='ocrx_word' id='word_1_106' title='bbox 1073 1371 1117 1439; x_wconf 87' lang='lat' dir='ltr'><strong>ad</strong></span> <span class='ocrx_word' id='word_1_107' title='bbox 1132 1370 1259 1456; x_wconf 90' lang='lat' dir='ltr'><strong>locum,</strong></span> <span class='ocrx_word' id='word_1_108' title='bbox 1278 1394 1379 1465; x_wconf 89' lang='lat' dir='ltr'><strong>quem</strong></span> 
     </span>
     <span class='ocr_line' id='line_1_14' title="bbox 218 1478 1379 1569; baseline -0.002 -18"><span class='ocrx_word' id='word_1_109' title='bbox 218 1480 305 1565; x_wconf 79' lang='lat' dir='ltr'><strong>citat,</strong></span> <span class='ocrx_word' id='word_1_110' title='bbox 328 1480 457 1550; x_wconf 86' lang='lat' dir='ltr'><strong>Isaiae.</strong></span> <span class='ocrx_word' id='word_1_111' title='bbox 485 1478 585 1562; x_wconf 76' lang='lat' dir='ltr'><strong>Quod</strong></span> <span class='ocrx_word' id='word_1_112' title='bbox 608 1478 697 1548; x_wconf 91' lang='lat' dir='ltr'><strong>dicit</strong></span> <span class='ocrx_word' id='word_1_113' title='bbox 722 1479 927 1568; x_wconf 84' lang='lat' dir='ltr'><strong>Apostolus:</strong></span> <span class='ocrx_word' id='word_1_114' title='bbox 956 1501 1088 1547; x_wconf 77' lang='lat' dir='ltr'><strong>anemo</strong></span> <span class='ocrx_word' id='word_1_115' title='bbox 1120 1480 1286 1569; x_wconf 82' lang='lat' dir='ltr'><strong>cognovit</strong></span> <span class='ocrx_word' id='word_1_116' title='bbox 1308 1481 1379 1549; x_wconf 90' lang='lat' dir='ltr'><strong>nisi</strong></span> 
     </span>
     <span class='ocr_line' id='line_1_15' title="bbox 220 1585 1379 1678; baseline -0.001 -20"><span class='ocrx_word' id='word_1_117' title='bbox 220 1586 360 1678; x_wconf 81' lang='lat' dir='ltr'><strong>Spiritus</strong></span> <span class='ocrx_word' id='word_1_118' title='bbox 373 1587 440 1656; x_wconf 91' lang='lat' dir='ltr'><strong>Dei</strong></span> <span class='ocrx_word' id='word_1_119' title='bbox 451 1614 483 1671; x_wconf 77' lang='lat' dir='ltr'><strong>n,</strong></span> <span class='ocrx_word' id='word_1_120' title='bbox 498 1586 563 1656; x_wconf 90' lang='lat' dir='ltr'><strong>hoo</strong></span> <span class='ocrx_word' id='word_1_121' title='bbox 574 1585 666 1656; x_wconf 90' lang='lat' dir='ltr'><strong>idem</strong></span> <span class='ocrx_word' id='word_1_122' title='bbox 682 1586 851 1676; x_wconf 91' lang='lat' dir='ltr'><strong>propheta</strong></span> <span class='ocrx_word' id='word_1_123' title='bbox 867 1587 920 1654; x_wconf 88' lang='lat' dir='ltr'><strong>sit</strong></span> <span class='ocrx_word' id='word_1_124' title='bbox 934 1585 1017 1654; x_wconf 88' lang='lat' dir='ltr'><strong>aliis</strong></span> <span class='ocrx_word' id='word_1_125' title='bbox 1030 1586 1159 1655; x_wconf 86' lang='lat' dir='ltr'><strong>verbis:</strong></span> <span class='ocrx_word' id='word_1_126' title='bbox 1177 1608 1225 1654; x_wconf 85' lang='lat' dir='ltr'><strong>ca</strong></span> <span class='ocrx_word' id='word_1_127' title='bbox 1241 1588 1379 1658; x_wconf 86' lang='lat' dir='ltr'><strong>saeculo</strong></span> 
     </span>
     <span class='ocr_line' id='line_1_16' title="bbox 221 1694 1377 1785; baseline 0.001 -21"><span class='ocrx_word' id='word_1_128' title='bbox 221 1717 275 1764; x_wconf 87' lang='lat' dir='ltr'><strong>nou</strong></span> <span class='ocrx_word' id='word_1_129' title='bbox 293 1694 495 1778; x_wconf 84' lang='lat' dir='ltr'><strong>audierunt,</strong></span> <span class='ocrx_word' id='word_1_130' title='bbox 520 1716 631 1785; x_wconf 89' lang='lat' dir='ltr'><strong>neque</strong></span> <span class='ocrx_word' id='word_1_131' title='bbox 654 1694 803 1763; x_wconf 89' lang='lat' dir='ltr'><strong>auribus</strong></span> <span class='ocrx_word' id='word_1_132' title='bbox 825 1701 1068 1784; x_wconf 85' lang='lat' dir='ltr'><strong>perceperunt,</strong></span> <span class='ocrx_word' id='word_1_133' title='bbox 1095 1695 1218 1764; x_wconf 84' lang='lat' dir='ltr'><strong>oculus</strong></span> <span class='ocrx_word' id='word_1_134' title='bbox 1242 1718 1310 1764; x_wconf 91' lang='lat' dir='ltr'><strong>non</strong></span> <span class='ocrx_word' id='word_1_135' title='bbox 1326 1697 1377 1765; x_wconf 87' lang='lat' dir='ltr'><strong>vi·</strong></span> 
     </span>
     <span class='ocr_line' id='line_1_17' title="bbox 223 1801 1376 1894; baseline 0 -22"><span class='ocrx_word' id='word_1_136' title='bbox 223 1802 281 1888; x_wconf 79' lang='lat' dir='ltr'><strong>lit,</strong></span> <span class='ocrx_word' id='word_1_137' title='bbox 303 1805 396 1872; x_wconf 81' lang='lat' dir='ltr'><strong>Deus</strong></span> <span class='ocrx_word' id='word_1_138' title='bbox 427 1804 553 1894; x_wconf 81' lang='lat' dir='ltr'><strong>uisque</strong></span> <span class='ocrx_word' id='word_1_139' title='bbox 577 1816 641 1869; x_wconf 80' lang='lat' dir='ltr'><strong>ten</strong></span> <span class='ocrx_word' id='word_1_140' title='bbox 667 1801 736 1890; x_wconf 77' lang='lat'><strong>(2);</strong></span> <span class='ocrx_word' id='word_1_141' title='bbox 761 1801 787 1871; x_wconf 91' lang='lat' dir='ltr'><strong>i.</strong></span> <span class='ocrx_word' id='word_1_142' title='bbox 804 1825 834 1871; x_wconf 88' lang='lat' dir='ltr'><strong>e.</strong></span> <span class='ocrx_word' id='word_1_143' title='bbox 851 1825 949 1870; x_wconf 90' lang='lat' dir='ltr'><strong>nemo</strong></span> <span class='ocrx_word' id='word_1_144' title='bbox 972 1803 1137 1892; x_wconf 85' lang='lat' dir='ltr'><strong>cognovit</strong></span> <span class='ocrx_word' id='word_1_145' title='bbox 1166 1804 1238 1872; x_wconf 91' lang='lat' dir='ltr'><strong>nisi</strong></span> <span class='ocrx_word' id='word_1_146' title='bbox 1268 1804 1376 1873; x_wconf 88' lang='lat' dir='ltr'><strong>Deus.</strong></span> 
     </span>
     <span class='ocr_line' id='line_1_18' title="bbox 224 1905 1380 2000; baseline 0 -21"><span class='ocrx_word' id='word_1_147' title='bbox 224 1905 331 1979; x_wconf 66' lang='lat' dir='ltr'><strong>Mem</strong></span> <span class='ocrx_word' id='word_1_148' title='bbox 353 1911 429 1979; x_wconf 86' lang='lat' dir='ltr'><strong>fere</strong></span> <span class='ocrx_word' id='word_1_149' title='bbox 460 1909 559 1978; x_wconf 87' lang='lat' dir='ltr'><strong>modo</strong></span> <span class='ocrx_word' id='word_1_150' title='bbox 590 1909 631 1978; x_wconf 88' lang='lat' dir='ltr'><strong>de</strong></span> <span class='ocrx_word' id='word_1_151' title='bbox 663 1909 838 1977; x_wconf 77' lang='lat' dir='ltr'><strong>creatione</strong></span> <span class='ocrx_word' id='word_1_152' title='bbox 869 1915 907 1978; x_wconf 92' lang='lat' dir='ltr'><strong>et</strong></span> <span class='ocrx_word' id='word_1_153' title='bbox 938 1909 1191 1998; x_wconf 85' lang='lat' dir='ltr'><strong>gubernatione</strong></span> <span class='ocrx_word' id='word_1_154' title='bbox 1218 1933 1380 2000; x_wconf 88' lang='lat' dir='ltr'><strong>suprema</strong></span> 
     </span>
     <span class='ocr_line' id='line_1_19' title="bbox 225 2016 1380 2109; baseline 0.003 -24"><span class='ocrx_word' id='word_1_155' title='bbox 225 2016 355 2088; x_wconf 84' lang='lat' dir='ltr'><strong>soliileo</strong></span> <span class='ocrx_word' id='word_1_156' title='bbox 377 2017 525 2109; x_wconf 86' lang='lat' dir='ltr'><strong>propria·</strong></span> <span class='ocrx_word' id='word_1_157' title='bbox 540 2017 700 2109; x_wconf 90' lang='lat' dir='ltr'><strong>loquitur</strong></span> <span class='ocrx_word' id='word_1_158' title='bbox 722 2016 814 2086; x_wconf 87' lang='lat' dir='ltr'><strong>idem</strong></span> <span class='ocrx_word' id='word_1_159' title='bbox 837 2017 1018 2107; x_wconf 86' lang='lat' dir='ltr'><strong>propheta:</strong></span> <span class='ocrx_word' id='word_1_160' title='bbox 1041 2017 1150 2107; x_wconf 71' lang='lat' dir='ltr'><strong>«Ego</strong></span> <span class='ocrx_word' id='word_1_161' title='bbox 1166 2041 1243 2087; x_wconf 92' lang='lat' dir='ltr'><strong>sum</strong></span> <span class='ocrx_word' id='word_1_162' title='bbox 1262 2019 1380 2088; x_wconf 92' lang='lat' dir='ltr'><strong>Domi·</strong></span> 
     </span>
     <span class='ocr_line' id='line_1_20' title="bbox 227 2125 1376 2196; baseline 0 -5"><span class='ocrx_word' id='word_1_163' title='bbox 227 2146 275 2195; x_wconf 83' lang='lat' dir='ltr'><strong>nus</strong></span> <span class='ocrx_word' id='word_1_164' title='bbox 294 2125 427 2196; x_wconf 79' lang='lat' dir='ltr'><strong>iaciens</strong></span> <span class='ocrx_word' id='word_1_165' title='bbox 446 2125 566 2194; x_wconf 88' lang='lat' dir='ltr'><strong>omnia</strong></span> <span class='ocrx_word' id='word_1_166' title='bbox 588 2126 777 2195; x_wconf 86' lang='lat' dir='ltr'><strong>extendens</strong></span> <span class='ocrx_word' id='word_1_167' title='bbox 801 2127 913 2194; x_wconf 84' lang='lat' dir='ltr'><strong>coelos</strong></span> <span class='ocrx_word' id='word_1_168' title='bbox 936 2134 1003 2196; x_wconf 90' lang='lat' dir='ltr'><strong>etc.</strong></span> <span class='ocrx_word' id='word_1_169' title='bbox 1031 2141 1063 2193; x_wconf 78' lang='lat' dir='ltr'><strong>ec</strong></span> <span class='ocrx_word' id='word_1_170' title='bbox 1086 2126 1205 2194; x_wconf 80' lang='lat' dir='ltr'><strong>nullae</strong></span> <span class='ocrx_word' id='word_1_171' title='bbox 1220 2150 1376 2194; x_wconf 69' lang='lat' dir='ltr'><strong>mecum»</strong></span> 
     </span>
     <span class='ocr_line' id='line_1_21' title="bbox 227 2230 1010 2326; baseline -0.001 -23"><span class='ocrx_word' id='word_1_172' title='bbox 227 2230 260 2303; x_wconf 90' lang='lat' dir='ltr'><strong>Is.</strong></span> <span class='ocrx_word' id='word_1_173' title='bbox 273 2234 400 2304; x_wconf 87' lang='lat' dir='ltr'>XLIV.</span> <span class='ocrx_word' id='word_1_174' title='bbox 415 2234 471 2303; x_wconf 81' lang='lat'><strong>24.</strong></span> <span class='ocrx_word' id='word_1_175' title='bbox 486 2233 674 2302; x_wconf 87' lang='lat' dir='ltr'>XXXVII.</span> <span class='ocrx_word' id='word_1_176' title='bbox 690 2233 744 2301; x_wconf 85' lang='grc'><strong>16.</strong></span> <span class='ocrx_word' id='word_1_177' title='bbox 760 2233 871 2302; x_wconf 89' lang='lat' dir='ltr'>XLV.</span> <span class='ocrx_word' id='word_1_178' title='bbox 886 2236 919 2302; x_wconf 83' lang='grc' dir='ltr'><strong>ὅ.</strong></span> <span class='ocrx_word' id='word_1_179' title='bbox 936 2256 1010 2326; x_wconf 89' lang='lat' dir='ltr'><strong>sqq.</strong></span> 
     </span>
    </p>

    <p class='ocr_par' dir='ltr' id='par_1_3' title="bbox 227 2334 1379 2541">
     <span class='ocr_line' id='line_1_22' title="bbox 276 2334 1379 2432; baseline -0.001 -20"><span class='ocrx_word' id='word_1_180' title='bbox 276 2342 391 2426; x_wconf 81' lang='lat' dir='ltr'><strong>Quare</strong></span> <span class='ocrx_word' id='word_1_181' title='bbox 408 2343 580 2431; x_wconf 87' lang='lat' dir='ltr'><strong>mysteria</strong></span> <span class='ocrx_word' id='word_1_182' title='bbox 595 2341 767 2411; x_wconf 85' lang='lat' dir='ltr'><strong>dicuntur</strong></span> <span class='ocrx_word' id='word_1_183' title='bbox 783 2364 857 2412; x_wconf 84' lang='lat' dir='ltr'><strong>esse</strong></span> <span class='ocrx_word' id='word_1_184' title='bbox 874 2365 942 2410; x_wconf 93' lang='lat' dir='ltr'><strong>non</strong></span> <span class='ocrx_word' id='word_1_185' title='bbox 959 2340 1070 2410; x_wconf 91' lang='lat' dir='ltr'><strong>solum</strong></span> <span class='ocrx_word' id='word_1_186' title='bbox 1087 2334 1194 2432; x_wconf 80' lang='lat' dir='ltr'><strong>supra</strong></span> <span class='ocrx_word' id='word_1_187' title='bbox 1209 2342 1379 2413; x_wconf 88' lang='lat' dir='ltr'><strong>rationem</strong></span> 
     </span>
     <span class='ocr_line' id='line_1_23' title="bbox 227 2446 1379 2541; baseline 0.004 -25"><span class='ocrx_word' id='word_1_188' title='bbox 227 2446 403 2536; x_wconf 84' lang='lat' dir='ltr'><strong>inmanem,</strong></span> <span class='ocrx_word' id='word_1_189' title='bbox 419 2449 479 2519; x_wconf 86' lang='lat' dir='ltr'><strong>sed</strong></span> <span class='ocrx_word' id='word_1_190' title='bbox 495 2448 706 2540; x_wconf 89' lang='lat' dir='ltr'><strong>simpliciter</strong></span> <span class='ocrx_word' id='word_1_191' title='bbox 725 2474 833 2541; x_wconf 86' lang='lat' dir='ltr'><strong>supra</strong></span> <span class='ocrx_word' id='word_1_192' title='bbox 850 2450 1083 2540; x_wconf 81' lang='lat' dir='ltr'><strong>cognitionem</strong></span> <span class='ocrx_word' id='word_1_193' title='bbox 1106 2450 1304 2519; x_wconf 86' lang='lat' dir='ltr'><strong>naturalem</strong></span> <span class='ocrx_word' id='word_1_194' title='bbox 1321 2475 1379 2521; x_wconf 91' lang='lat' dir='ltr'><strong>ou·</strong></span> 
     </span>
    </p>
   </div>
   <div class='ocr_carea' id='block_1_2' title="bbox 223 2555 1379 3190">
    <p class='ocr_par' dir='ltr' id='par_1_4' title="bbox 223 2555 1379 3190">
     <span class='ocr_line' id='line_1_24' title="bbox 227 2555 1377 2651; baseline 0.003 -27"><span class='ocrx_word' id='word_1_195' title='bbox 227 2555 408 2651; x_wconf 82' lang='lat' dir='ltr'><strong>luscumque</strong></span> <span class='ocrx_word' id='word_1_196' title='bbox 424 2557 626 2627; x_wconf 87' lang='lat' dir='ltr'><strong>intellectus</strong></span> <span class='ocrx_word' id='word_1_197' title='bbox 641 2558 763 2635; x_wconf 87' lang='lat' dir='ltr'><strong>creati.</strong></span> <span class='ocrx_word' id='word_1_198' title='bbox 774 2588 789 2623; x_wconf 80' lang='lat' dir='ltr'><strong>u</strong></span> <span class='ocrx_word' id='word_1_199' title='bbox 801 2558 901 2641; x_wconf 77' lang='lat' dir='ltr'><strong>Quod</strong></span> <span class='ocrx_word' id='word_1_200' title='bbox 917 2559 1006 2628; x_wconf 90' lang='lat' dir='ltr'><strong>dicit</strong></span> <span class='ocrx_word' id='word_1_201' title='bbox 1022 2559 1240 2648; x_wconf 86' lang='lat' dir='ltr'><strong>(Apostolus)</strong></span> <span class='ocrx_word' id='word_1_202' title='bbox 1257 2559 1377 2628; x_wconf 88' lang='lat' dir='ltr'><strong>huius·</strong></span> 
     </span>
     <span class='ocr_line' id='line_1_25' title="bbox 226 2665 1378 2758; baseline 0.003 -25"><span class='ocrx_word' id='word_1_203' title='bbox 226 2666 297 2736; x_wconf 87' lang='lat' dir='ltr'><strong>nodi</strong></span> <span class='ocrx_word' id='word_1_204' title='bbox 319 2675 387 2737; x_wconf 88' lang='lat' dir='ltr'><strong>est:</strong></span> <span class='ocrx_word' id='word_1_205' title='bbox 413 2672 598 2757; x_wconf 88' lang='lat' dir='ltr'><strong>antequam</strong></span> <span class='ocrx_word' id='word_1_206' title='bbox 622 2665 761 2758; x_wconf 88' lang='lat' dir='ltr'><strong>Spiritu</strong></span> <span class='ocrx_word' id='word_1_207' title='bbox 784 2668 984 2738; x_wconf 86' lang='lat' dir='ltr'><strong>frueremur</strong></span> <span class='ocrx_word' id='word_1_208' title='bbox 999 2675 1035 2735; x_wconf 89' lang='lat' dir='ltr'><strong>et</strong></span> <span class='ocrx_word' id='word_1_209' title='bbox 1050 2666 1247 2734; x_wconf 84' lang='lat' dir='ltr'><strong>ineffabilia</strong></span> <span class='ocrx_word' id='word_1_210' title='bbox 1270 2667 1378 2737; x_wconf 87' lang='lat' dir='ltr'><strong>disoe-</strong></span> 
     </span>
     <span class='ocr_line' id='line_1_26' title="bbox 225 2773 1376 2866; baseline 0.001 -23"><span class='ocrx_word' id='word_1_211' title='bbox 225 2792 331 2861; x_wconf 75' lang='lat' dir='ltr'><strong>umus,</strong></span> <span class='ocrx_word' id='word_1_212' title='bbox 349 2796 414 2843; x_wconf 89' lang='lat' dir='ltr'><strong>nee</strong></span> <span class='ocrx_word' id='word_1_213' title='bbox 428 2796 471 2843; x_wconf 87' lang='lat' dir='ltr'><strong>ex</strong></span> <span class='ocrx_word' id='word_1_214' title='bbox 487 2773 586 2842; x_wconf 89' lang='lat' dir='ltr'><strong>nobis</strong></span> <span class='ocrx_word' id='word_1_215' title='bbox 600 2797 663 2843; x_wconf 89' lang='lat' dir='ltr'><strong>nec</strong></span> <span class='ocrx_word' id='word_1_216' title='bbox 678 2797 721 2843; x_wconf 87' lang='lat' dir='ltr'><strong>ex</strong></span> <span class='ocrx_word' id='word_1_217' title='bbox 737 2774 919 2865; x_wconf 91' lang='lat' dir='ltr'><strong>prophetis</strong></span> <span class='ocrx_word' id='word_1_218' title='bbox 931 2774 1115 2866; x_wconf 89' lang='lat' dir='ltr'><strong>quisquam</strong></span> <span class='ocrx_word' id='word_1_219' title='bbox 1132 2796 1174 2841; x_wconf 86' lang='lat' dir='ltr'><strong>ea</strong></span> <span class='ocrx_word' id='word_1_220' title='bbox 1191 2775 1376 2864; x_wconf 85' lang='lat' dir='ltr'><strong>cogitavit.</strong></span> 
     </span>
     <span class='ocr_line' id='line_1_27' title="bbox 225 2881 1379 2974; baseline 0 -23"><span class='ocrx_word' id='word_1_221' title='bbox 225 2882 382 2963; x_wconf 75' lang='lat' dir='ltr'><strong>Quomodo</strong></span> <span class='ocrx_word' id='word_1_222' title='bbox 405 2882 509 2967; x_wconf 87' lang='lat' dir='ltr'><strong>enim,</strong></span> <span class='ocrx_word' id='word_1_223' title='bbox 525 2882 807 2972; x_wconf 87' lang='lat' dir='ltr'><strong>eumnecsngeli</strong></span> <span class='ocrx_word' id='word_1_224' title='bbox 832 2883 970 2974; x_wconf 88' lang='lat' dir='ltr'><strong>quidem</strong></span> <span class='ocrx_word' id='word_1_225' title='bbox 994 2882 1072 2972; x_wconf 89' lang='lat' dir='ltr'><strong>ipsa</strong></span> <span class='ocrx_word' id='word_1_226' title='bbox 1094 2883 1260 2950; x_wconf 78' lang='lat' dir='ltr'><strong>nossent?</strong></span> <span class='ocrx_word' id='word_1_227' title='bbox 1285 2881 1379 2964; x_wconf 85' lang='lat' dir='ltr'><strong>Quid</strong></span> 
     </span>
     <span class='ocr_line' id='line_1_28' title="bbox 223 2988 1376 3082; baseline -0.001 -24"><span class='ocrx_word' id='word_1_228' title='bbox 223 2988 312 3076; x_wconf 82' lang='lat' dir='ltr'><strong>euim,</strong></span> <span class='ocrx_word' id='word_1_229' title='bbox 339 2989 474 3082; x_wconf 90' lang='lat' dir='ltr'><strong>inquit,</strong></span> <span class='ocrx_word' id='word_1_230' title='bbox 501 2990 685 3060; x_wconf 85' lang='lat' dir='ltr'><strong>dicendum</strong></span> <span class='ocrx_word' id='word_1_231' title='bbox 708 2997 762 3059; x_wconf 89' lang='lat' dir='ltr'><strong>est</strong></span> <span class='ocrx_word' id='word_1_232' title='bbox 784 2989 826 3058; x_wconf 87' lang='lat' dir='ltr'><strong>de</strong></span> <span class='ocrx_word' id='word_1_233' title='bbox 849 2990 1067 3080; x_wconf 90' lang='lat' dir='ltr'><strong>principibus</strong></span> <span class='ocrx_word' id='word_1_234' title='bbox 1091 2989 1200 3058; x_wconf 90' lang='lat' dir='ltr'><strong>huius</strong></span> <span class='ocrx_word' id='word_1_235' title='bbox 1224 2990 1376 3076; x_wconf 86' lang='lat' dir='ltr'><strong>saeculi,</strong></span> 
     </span>
     <span class='ocr_line' id='line_1_29' title="bbox 223 3098 1376 3190; baseline 0.002 -25"><span class='ocrx_word' id='word_1_236' title='bbox 223 3117 283 3168; x_wconf 87' lang='lat' dir='ltr'><strong>cum</strong></span> <span class='ocrx_word' id='word_1_237' title='bbox 303 3099 426 3171; x_wconf 86' lang='lat' dir='ltr'><strong>nullus</strong></span> <span class='ocrx_word' id='word_1_238' title='bbox 448 3098 560 3184; x_wconf 86' lang='lat' dir='ltr'><strong>homo,</strong></span> <span class='ocrx_word' id='word_1_239' title='bbox 585 3119 696 3190; x_wconf 90' lang='lat' dir='ltr'><strong>neque</strong></span> <span class='ocrx_word' id='word_1_240' title='bbox 720 3119 890 3188; x_wconf 88' lang='lat' dir='ltr'><strong>supernae</strong></span> <span class='ocrx_word' id='word_1_241' title='bbox 904 3106 1096 3188; x_wconf 86' lang='lat' dir='ltr'><strong>potestates</strong></span> <span class='ocrx_word' id='word_1_242' title='bbox 1112 3121 1153 3167; x_wconf 94' lang='lat' dir='ltr'><strong>ea</strong></span> <span class='ocrx_word' id='word_1_243' title='bbox 1177 3098 1376 3168; x_wconf 77' lang='lat' dir='ltr'><strong>seirentl...</strong></span> 
     </span>
    </p>
   </div>
   <div class='ocr_carea' id='block_1_3' title="bbox 210 3298 1381 4272">
    <p class='ocr_par' dir='ltr' id='par_1_5' title="bbox 219 3298 1381 3553">
     <span class='ocr_line' id='line_1_30' title="bbox 260 3298 1380 3376; baseline -0.002 -19"><span class='ocrx_word' id='word_1_244' title='bbox 260 3298 301 3376; x_wconf 84' lang='lat'><strong>(1)</strong></span> <span class='ocrx_word' id='word_1_245' title='bbox 319 3307 506 3372; x_wconf 69' lang='grc' dir='ltr'><strong>Πνευματιιυς</strong></span> <span class='ocrx_word' id='word_1_246' title='bbox 520 3301 695 3372; x_wconf 57' lang='lat' dir='ltr'><strong>&amp;respersas</strong></span> <span class='ocrx_word' id='word_1_247' title='bbox 712 3317 810 3355; x_wconf 86' lang='lat' dir='ltr'><strong>verum</strong></span> <span class='ocrx_word' id='word_1_248' title='bbox 830 3300 967 3355; x_wconf 82' lang='lat' dir='ltr'><strong>iudicium</strong></span> <span class='ocrx_word' id='word_1_249' title='bbox 986 3300 1021 3355; x_wconf 87' lang='lat' dir='ltr'><strong>de</strong></span> <span class='ocrx_word' id='word_1_250' title='bbox 1044 3301 1108 3354; x_wconf 89' lang='lat' dir='ltr'><strong>illis</strong></span> <span class='ocrx_word' id='word_1_251' title='bbox 1126 3316 1183 3355; x_wconf 93' lang='lat' dir='ltr'><strong>non</strong></span> <span class='ocrx_word' id='word_1_252' title='bbox 1202 3303 1300 3369; x_wconf 90' lang='lat' dir='ltr'><strong>potest</strong></span> <span class='ocrx_word' id='word_1_253' title='bbox 1318 3316 1380 3355; x_wconf 87' lang='lat' dir='ltr'><strong>esse</strong></span> 
     </span>
     <span class='ocr_line' id='line_1_31' title="bbox 220 3390 1381 3463; baseline -0.003 -15"><span class='ocrx_word' id='word_1_254' title='bbox 220 3391 266 3447; x_wconf 71' lang='lat' dir='ltr'><strong>llsl</strong></span> <span class='ocrx_word' id='word_1_255' title='bbox 285 3408 337 3463; x_wconf 82' lang='lat' dir='ltr'><strong>per</strong></span> <span class='ocrx_word' id='word_1_256' title='bbox 357 3390 531 3460; x_wconf 85' lang='lat' dir='ltr'><strong>principium</strong></span> <span class='ocrx_word' id='word_1_257' title='bbox 558 3392 797 3456; x_wconf 74' lang='lat' dir='ltr'><strong>supernaturale;</strong></span> <span class='ocrx_word' id='word_1_258' title='bbox 820 3390 873 3443; x_wconf 85' lang='lat' dir='ltr'><strong>hoc</strong></span> <span class='ocrx_word' id='word_1_259' title='bbox 897 3405 1018 3457; x_wconf 83' lang='lat' dir='ltr'><strong>numque</strong></span> <span class='ocrx_word' id='word_1_260' title='bbox 1042 3406 1125 3444; x_wconf 87' lang='lat' dir='ltr'><strong>sensu</strong></span> <span class='ocrx_word' id='word_1_261' title='bbox 1151 3410 1327 3460; x_wconf 67' lang='lat' dir='ltr'><strong>susspensus</strong></span> <span class='ocrx_word' id='word_1_262' title='bbox 1350 3392 1381 3444; x_wconf 85' lang='lat' dir='ltr'><strong>et</strong></span> 
     </span>
     <span class='ocr_line' id='line_1_32' title="bbox 219 3478 701 3553; baseline -0.002 -19"><span class='ocrx_word' id='word_1_263' title='bbox 219 3478 321 3553; x_wconf 58' lang='lat' dir='ltr'><strong>iepram</strong></span> <span class='ocrx_word' id='word_1_264' title='bbox 341 3481 446 3551; x_wconf 84' lang='lat' dir='ltr'><strong>opponi</strong></span> <span class='ocrx_word' id='word_1_265' title='bbox 465 3479 701 3546; x_wconf 84' lang='lat' dir='ltr'><strong>supradiximus.</strong></span> 
     </span>
    </p>

    <p class='ocr_par' dir='ltr' id='par_1_6' title="bbox 210 3569 1381 4272">
     <span class='ocr_line' id='line_1_33' title="bbox 259 3569 1381 3647; baseline 0 -22"><span class='ocrx_word' id='word_1_266' title='bbox 259 3569 300 3647; x_wconf 74' lang='lat'><strong>(8)</strong></span> <span class='ocrx_word' id='word_1_267' title='bbox 315 3570 401 3641; x_wconf 75' lang='lat' dir='ltr'><strong>spuo</strong></span> <span class='ocrx_word' id='word_1_268' title='bbox 419 3571 525 3626; x_wconf 80' lang='lat' dir='ltr'><strong>isaiam</strong></span> <span class='ocrx_word' id='word_1_269' title='bbox 543 3575 574 3623; x_wconf 88' lang='lat' dir='ltr'><strong>et</strong></span> <span class='ocrx_word' id='word_1_270' title='bbox 586 3570 705 3622; x_wconf 74' lang='lat' dir='ltr'><strong>Paulum</strong></span> <span class='ocrx_word' id='word_1_271' title='bbox 719 3571 749 3624; x_wconf 91' lang='lat' dir='ltr'><strong>in</strong></span> <span class='ocrx_word' id='word_1_272' title='bbox 764 3570 861 3624; x_wconf 80' lang='lat' dir='ltr'><strong>verbis</strong></span> <span class='ocrx_word' id='word_1_273' title='bbox 875 3575 920 3624; x_wconf 85' lang='lat' dir='ltr'><strong>est</strong></span> <span class='ocrx_word' id='word_1_274' title='bbox 932 3586 965 3624; x_wconf 87' lang='lat' dir='ltr'><strong>es</strong></span> <span class='ocrx_word' id='word_1_275' title='bbox 978 3570 1233 3638; x_wconf 73' lang='lat' dir='ltr'><strong>diversitos,·quae</strong></span> <span class='ocrx_word' id='word_1_276' title='bbox 1247 3571 1381 3636; x_wconf 81' lang='lat' dir='ltr'><strong>congruit</strong></span> 
     </span>
     <span class='ocr_line' id='line_1_34' title="bbox 217 3658 1379 3727; baseline -0.003 -12"><span class='ocrx_word' id='word_1_277' title='bbox 217 3659 371 3718; x_wconf 78' lang='lat' dir='ltr'><strong>lisersltati</strong></span> <span class='ocrx_word' id='word_1_278' title='bbox 393 3660 545 3727; x_wconf 86' lang='lat' dir='ltr'><strong>utriusque</strong></span> <span class='ocrx_word' id='word_1_279' title='bbox 559 3659 762 3725; x_wconf 62' lang='lat' dir='ltr'><strong>Testamenti,</strong></span> <span class='ocrx_word' id='word_1_280' title='bbox 783 3661 813 3712; x_wconf 88' lang='lat' dir='ltr'><strong>at</strong></span> <span class='ocrx_word' id='word_1_281' title='bbox 832 3659 927 3726; x_wconf 86' lang='lat' dir='ltr'><strong>qualis</strong></span> <span class='ocrx_word' id='word_1_282' title='bbox 948 3660 1035 3712; x_wconf 87' lang='lat' dir='ltr'><strong>etiam</strong></span> <span class='ocrx_word' id='word_1_283' title='bbox 1056 3658 1128 3711; x_wconf 81' lang='lat' dir='ltr'><strong>alibi</strong></span> <span class='ocrx_word' id='word_1_284' title='bbox 1147 3658 1379 3712; x_wconf 87' lang='lat' dir='ltr'><strong>incitationibus</strong></span> 
     </span>
     <span class='ocr_line' id='line_1_35' title="bbox 215 3747 1378 3823; baseline -0.004 -17"><span class='ocrx_word' id='word_1_285' title='bbox 215 3752 239 3806; x_wconf 85' lang='lat' dir='ltr'><strong>is</strong></span> <span class='ocrx_word' id='word_1_286' title='bbox 255 3769 327 3808; x_wconf 82' lang='lat' dir='ltr'><strong>novo</strong></span> <span class='ocrx_word' id='word_1_287' title='bbox 346 3753 531 3806; x_wconf 75' lang='lat' dir='ltr'><strong>Testsmento</strong></span> <span class='ocrx_word' id='word_1_288' title='bbox 550 3763 585 3801; x_wconf 85' lang='lat' dir='ltr'><strong>ex</strong></span> <span class='ocrx_word' id='word_1_289' title='bbox 604 3749 699 3802; x_wconf 86' lang='lat' dir='ltr'><strong>veteri</strong></span> <span class='ocrx_word' id='word_1_290' title='bbox 719 3750 890 3802; x_wconf 84' lang='lat' dir='ltr'><strong>observatur</strong></span> <span class='ocrx_word' id='word_1_291' title='bbox 903 3747 940 3823; x_wconf 91' lang='lat' dir='ltr'><strong>(e.</strong></span> <span class='ocrx_word' id='word_1_292' title='bbox 953 3765 981 3815; x_wconf 74' lang='lat' dir='ltr'><strong>g.</strong></span> <span class='ocrx_word' id='word_1_293' title='bbox 996 3749 1101 3803; x_wconf 82' lang='lat' dir='ltr'><strong>llstth.</strong></span> <span class='ocrx_word' id='word_1_294' title='bbox 1113 3749 1152 3801; x_wconf 90' lang='lat'><strong>11.</strong></span> <span class='ocrx_word' id='word_1_295' title='bbox 1165 3748 1204 3815; x_wconf 83' lang='lat'><strong>6.;</strong></span> <span class='ocrx_word' id='word_1_296' title='bbox 1217 3750 1303 3803; x_wconf 73' lang='lat' dir='ltr'><strong>Iluro.</strong></span> <span class='ocrx_word' id='word_1_297' title='bbox 1315 3750 1339 3801; x_wconf 90' lang='lat' dir='ltr'><strong>l.</strong></span> <span class='ocrx_word' id='word_1_298' title='bbox 1351 3750 1378 3802; x_wconf 75' lang='lat'><strong>2.</strong></span> 
     </span>
     <span class='ocr_line' id='line_1_36' title="bbox 214 3834 1380 3908; baseline -0.004 -12"><span class='ocrx_word' id='word_1_299' title='bbox 214 3834 666 3908; x_wconf 80' lang='lat' dir='ltr'><strong>si.I&#39;raet.‹leInesrn.th.V1.).</strong></span> <span class='ocrx_word' id='word_1_300' title='bbox 683 3837 763 3902; x_wconf 78' lang='lat' dir='ltr'><strong>Quod</strong></span> <span class='ocrx_word' id='word_1_301' title='bbox 783 3839 923 3906; x_wconf 87' lang='lat' dir='ltr'><strong>propheta</strong></span> <span class='ocrx_word' id='word_1_302' title='bbox 940 3838 974 3890; x_wconf 78' lang='lat' dir='ltr'><strong>sle</strong></span> <span class='ocrx_word' id='word_1_303' title='bbox 988 3839 1094 3892; x_wconf 85' lang='lat' dir='ltr'><strong>llessia</strong></span> <span class='ocrx_word' id='word_1_304' title='bbox 1114 3843 1144 3891; x_wconf 88' lang='lat' dir='ltr'><strong>et</strong></span> <span class='ocrx_word' id='word_1_305' title='bbox 1163 3837 1195 3890; x_wconf 83' lang='lat' dir='ltr'><strong>de</strong></span> <span class='ocrx_word' id='word_1_306' title='bbox 1215 3838 1297 3892; x_wconf 86' lang='lat' dir='ltr'><strong>bonis</strong></span> <span class='ocrx_word' id='word_1_307' title='bbox 1312 3843 1380 3891; x_wconf 85' lang='lat' dir='ltr'><strong>tern-</strong></span> 
     </span>
     <span class='ocr_line' id='line_1_37' title="bbox 212 3926 1380 4002; baseline -0.009 -14"><span class='ocrx_word' id='word_1_308' title='bbox 212 3934 280 4002; x_wconf 80' lang='lat' dir='ltr'><strong>poris</strong></span> <span class='ocrx_word' id='word_1_309' title='bbox 298 3931 393 3987; x_wconf 78' lang='lat' dir='ltr'><strong>futuri</strong></span> <span class='ocrx_word' id='word_1_310' title='bbox 412 3929 538 3996; x_wconf 84' lang='lat' dir='ltr'><strong>novique</strong></span> <span class='ocrx_word' id='word_1_311' title='bbox 559 3928 736 3983; x_wconf 78' lang='lat' dir='ltr'><strong>Testamenti</strong></span> <span class='ocrx_word' id='word_1_312' title='bbox 763 3927 834 3981; x_wconf 83' lang='lat' dir='ltr'><strong>dicit</strong></span> <span class='ocrx_word' id='word_1_313' title='bbox 862 3929 1071 3994; x_wconf 78' lang='lat' dir='ltr'><strong>expectantibus</strong></span> <span class='ocrx_word' id='word_1_314' title='bbox 1089 3936 1129 3987; x_wconf 82' lang='lat' dir='ltr'><strong>ts,</strong></span> <span class='ocrx_word' id='word_1_315' title='bbox 1163 3928 1319 3994; x_wconf 81' lang='lat' dir='ltr'><strong>Apostolus</strong></span> <span class='ocrx_word' id='word_1_316' title='bbox 1346 3926 1380 3978; x_wconf 83' lang='lat' dir='ltr'><strong>de</strong></span> 
     </span>
     <span class='ocr_line' id='line_1_38' title="bbox 211 4015 1379 4093; baseline -0.009 -14"><span class='ocrx_word' id='word_1_317' title='bbox 211 4026 407 4093; x_wconf 77' lang='lat' dir='ltr'><strong>conprensum</strong></span> <span class='ocrx_word' id='word_1_318' title='bbox 427 4019 576 4088; x_wconf 84' lang='lat' dir='ltr'><strong>praesenti</strong></span> <span class='ocrx_word' id='word_1_319' title='bbox 595 4017 668 4071; x_wconf 84' lang='lat' dir='ltr'><strong>dicit</strong></span> <span class='ocrx_word' id='word_1_320' title='bbox 687 4018 874 4084; x_wconf 71' lang='lat' dir='ltr'><strong>dilipenss‘tcs</strong></span> <span class='ocrx_word' id='word_1_321' title='bbox 899 4025 942 4079; x_wconf 69' lang='grc' dir='ltr'><strong>ως</strong></span> <span class='ocrx_word' id='word_1_322' title='bbox 964 4018 1038 4086; x_wconf 84' lang='lat' dir='ltr'><strong>qnod</strong></span> <span class='ocrx_word' id='word_1_323' title='bbox 1063 4017 1203 4086; x_wconf 82' lang='lat' dir='ltr'><strong>prophete</strong></span> <span class='ocrx_word' id='word_1_324' title='bbox 1222 4017 1265 4070; x_wconf 88' lang='lat' dir='ltr'><strong>att</strong></span> <span class='ocrx_word' id='word_1_325' title='bbox 1282 4015 1379 4069; x_wconf 84' lang='lat' dir='ltr'><strong>obscu-</strong></span> 
     </span>
     <span class='ocr_line' id='line_1_39' title="bbox 210 4105 1379 4176; baseline -0.009 -8"><span class='ocrx_word' id='word_1_326' title='bbox 210 4112 280 4168; x_wconf 76' lang='lat' dir='ltr'><strong>rius:</strong></span> <span class='ocrx_word' id='word_1_327' title='bbox 300 4128 383 4168; x_wconf 83' lang='lat' dir='ltr'><strong>uerno</strong></span> <span class='ocrx_word' id='word_1_328' title='bbox 402 4109 556 4176; x_wconf 69' lang='lat' dir='ltr'><strong>cognovit·</strong></span> <span class='ocrx_word' id='word_1_329' title='bbox 569 4111 643 4162; x_wconf 80' lang='lat' dir='ltr'><strong>Deus</strong></span> <span class='ocrx_word' id='word_1_330' title='bbox 662 4109 765 4175; x_wconf 76' lang='lat' dir='ltr'><strong>cisque</strong></span> <span class='ocrx_word' id='word_1_331' title='bbox 783 4116 825 4172; x_wconf 80' lang='lat' dir='ltr'><strong>te,</strong></span> <span class='ocrx_word' id='word_1_332' title='bbox 854 4107 883 4160; x_wconf 83' lang='lat' dir='ltr'><strong>id</strong></span> <span class='ocrx_word' id='word_1_333' title='bbox 902 4107 1058 4174; x_wconf 80' lang='lat' dir='ltr'><strong>Apostolus</strong></span> <span class='ocrx_word' id='word_1_334' title='bbox 1079 4108 1205 4176; x_wconf 83' lang='lat' dir='ltr'><strong>explicat</strong></span> <span class='ocrx_word' id='word_1_335' title='bbox 1224 4105 1379 4161; x_wconf 82' lang='lat' dir='ltr'><strong>clarissim</strong></span> 
     </span>
     <span class='ocr_line' id='line_1_40' title="bbox 211 4197 1029 4272; baseline -0.011 -13"><span class='ocrx_word' id='word_1_336' title='bbox 211 4203 392 4272; x_wconf 70' lang='lat' dir='ltr'><strong>sequentibus</strong></span> <span class='ocrx_word' id='word_1_337' title='bbox 406 4201 441 4256; x_wconf 83' lang='lat' dir='ltr'><strong>de</strong></span> <span class='ocrx_word' id='word_1_338' title='bbox 456 4198 636 4255; x_wconf 81' lang='lat' dir='ltr'><strong>revelatione</strong></span> <span class='ocrx_word' id='word_1_339' title='bbox 657 4213 708 4267; x_wconf 86' lang='lat' dir='ltr'><strong>per</strong></span> <span class='ocrx_word' id='word_1_340' title='bbox 726 4197 866 4267; x_wconf 81' lang='lat' dir='ltr'><strong>Spiritum</strong></span> <span class='ocrx_word' id='word_1_341' title='bbox 885 4197 1029 4253; x_wconf 82' lang='lat' dir='ltr'><strong>Sanctum.</strong></span> 
     </span>
    </p>
   </div>
   <div class='ocr_carea' id='block_1_4' title="bbox 1204 4321 1220 4357">
    <p class='ocr_par' dir='ltr' id='par_1_7' title="bbox 1204 4321 1220 4357">
     <span class='ocr_line' id='line_1_41' title="bbox 1204 4321 1220 4357; baseline 0 0"><span class='ocrx_word' id='word_1_342' title='bbox 1204 4321 1220 4357; x_wconf 66' lang='grc' dir='ltr'><strong>θ’</strong></span> 
     </span>
    </p>
   </div>
   <div class='ocr_carea' id='block_1_5' title="bbox 0 0 1631 4950">
    <p class='ocr_par' dir='ltr' id='par_1_8' title="bbox 0 0 1631 4950">
     <span class='ocr_line' id='line_1_42' title="bbox 0 0 1631 4950; baseline 0 0"><span class='ocrx_word' id='word_1_343' title='bbox 0 0 1631 4950; x_wconf 95' lang='lat' dir='ltr'><strong> </strong></span> 
     </span>
    </p>
   </div>
  </div>
 </body>
</html>
