<?xml version="1.0" encoding="UTF-8"?>
<!DOCTYPE html PUBLIC "-//W3C//DTD XHTML 1.0 Transitional//EN"
    "http://www.w3.org/TR/xhtml1/DTD/xhtml1-transitional.dtd">
<html xmlns="http://www.w3.org/1999/xhtml" xml:lang="en" lang="en">
 <head>
  <title>
</title>
<meta http-equiv="Content-Type" content="text/html;charset=utf-8" />
  <meta name='ocr-system' content='tesseract 3.04.00' />
  <meta name='ocr-capabilities' content='ocr_page ocr_carea ocr_par ocr_line ocrx_word'/>
</head>
<body>
  <div class='ocr_page' id='page_1' title='image "./tractatusdedeot00frangoog/tractatusdedeot00frangoog_0328.png"; bbox 0 0 3172 4950; ppageno 0'>
   <div class='ocr_carea' id='block_1_1' title="bbox 182 232 1426 3021">
    <p class='ocr_par' dir='ltr' id='par_1_1' title="bbox 217 232 1375 864">
     <span class='ocr_line' id='line_1_1' title="bbox 699 232 878 295; baseline 0 0"><span class='ocrx_word' id='word_1_1' title='bbox 699 265 738 283; x_wconf 93' lang='lat'>-</span> <span class='ocrx_word' id='word_1_2' title='bbox 758 232 820 295; x_wconf 74' lang='lat'><strong>817</strong></span> <span class='ocrx_word' id='word_1_3' title='bbox 840 264 878 282; x_wconf 89' lang='lat'><strong>-·</strong></span> 
     </span>
     <span class='ocr_line' id='line_1_2' title="bbox 217 338 1375 434; baseline -0.004 -19"><span class='ocrx_word' id='word_1_4' title='bbox 217 338 901 434; x_wconf 70' lang='lat' dir='ltr'><strong>stappellat&#39;ioadsuperrationalitatem</strong></span> <span class='ocrx_word' id='word_1_5' title='bbox 914 339 1090 431; x_wconf 73' lang='lat' dir='ltr'><strong>mysterii,</strong></span> <span class='ocrx_word' id='word_1_6' title='bbox 1103 338 1375 410; x_wconf 85' lang='lat' dir='ltr'><strong>utdeclinantu&#39;r</strong></span> 
     </span>
     <span class='ocr_line' id='line_1_3' title="bbox 219 446 1374 540; baseline -0.003 -22"><span class='ocrx_word' id='word_1_7' title='bbox 219 447 508 518; x_wconf 59' lang='lat' dir='ltr'><strong>&amp;monstrationes</strong></span> <span class='ocrx_word' id='word_1_8' title='bbox 539 447 712 516; x_wconf 89' lang='lat' dir='ltr'><strong>evidentis</strong></span> <span class='ocrx_word' id='word_1_9' title='bbox 743 447 1057 532; x_wconf 87' lang='lat' dir='ltr'><strong>contradictionis,</strong></span> <span class='ocrx_word' id='word_1_10' title='bbox 1090 446 1374 540; x_wconf 85' lang='lat' dir='ltr'><strong>quemadmodum</strong></span> 
     </span>
     <span class='ocr_line' id='line_1_4' title="bbox 219 553 1374 647; baseline -0.004 -20"><span class='ocrx_word' id='word_1_11' title='bbox 219 554 347 647; x_wconf 80' lang='lat' dir='ltr'><strong>haylius</strong></span> <span class='ocrx_word' id='word_1_12' title='bbox 371 554 528 626; x_wconf 88' lang='lat' dir='ltr'><strong>subdolis</strong></span> <span class='ocrx_word' id='word_1_13' title='bbox 551 556 611 625; x_wconf 87' lang='lat' dir='ltr'><strong>sed</strong></span> <span class='ocrx_word' id='word_1_14' title='bbox 635 555 723 623; x_wconf 88' lang='lat' dir='ltr'><strong>satis</strong></span> <span class='ocrx_word' id='word_1_15' title='bbox 747 553 852 623; x_wconf 88' lang='lat' dir='ltr'><strong>claris</strong></span> <span class='ocrx_word' id='word_1_16' title='bbox 877 555 994 624; x_wconf 87' lang='lat' dir='ltr'><strong>verbis</strong></span> <span class='ocrx_word' id='word_1_17' title='bbox 1017 554 1055 621; x_wconf 93' lang='lat' dir='ltr'><strong>in</strong></span> <span class='ocrx_word' id='word_1_18' title='bbox 1075 577 1137 622; x_wconf 91' lang='lat' dir='ltr'><strong>suo</strong></span> <span class='ocrx_word' id='word_1_19' title='bbox 1153 553 1374 622; x_wconf 89' lang='lat' dir='ltr'><strong>Dictionario</strong></span> 
     </span>
     <span class='ocr_line' id='line_1_5' title="bbox 220 660 1373 752; baseline -0.001 -21"><span class='ocrx_word' id='word_1_20' title='bbox 220 664 261 749; x_wconf 76' lang='lat' dir='ltr'><strong>(l.</strong></span> <span class='ocrx_word' id='word_1_21' title='bbox 273 663 340 731; x_wconf 83' lang='lat'>111.</span> <span class='ocrx_word' id='word_1_22' title='bbox 358 662 436 730; x_wconf 87' lang='lat' dir='ltr'><strong>sub.</strong></span> <span class='ocrx_word' id='word_1_23' title='bbox 457 685 492 731; x_wconf 87' lang='lat' dir='ltr'><strong>v.</strong></span> <span class='ocrx_word' id='word_1_24' title='bbox 511 661 761 752; x_wconf 89' lang='lat' dir='ltr'><strong>Pyrrhonisme</strong></span> <span class='ocrx_word' id='word_1_25' title='bbox 778 667 814 730; x_wconf 88' lang='lat' dir='ltr'><strong>et</strong></span> <span class='ocrx_word' id='word_1_26' title='bbox 831 662 871 730; x_wconf 85' lang='lat' dir='ltr'><strong>T.</strong></span> <span class='ocrx_word' id='word_1_27' title='bbox 891 661 954 729; x_wconf 91' lang='lat' dir='ltr'><strong>IV.</strong></span> <span class='ocrx_word' id='word_1_28' title='bbox 980 660 1287 730; x_wconf 85' lang='lat' dir='ltr'><strong>Eclaircissemcnt</strong></span> <span class='ocrx_word' id='word_1_29' title='bbox 1311 683 1373 730; x_wconf 90' lang='lat' dir='ltr'><strong>sur</strong></span> 
     </span>
     <span class='ocr_line' id='line_1_6' title="bbox 221 768 1374 864; baseline -0.005 -22"><span class='ocrx_word' id='word_1_30' title='bbox 221 768 517 861; x_wconf 78' lang='lat' dir='ltr'><strong>lesPyrrhoniens)</strong></span> <span class='ocrx_word' id='word_1_31' title='bbox 532 769 584 864; x_wconf 77' lang='grc'><strong>(1)</strong></span> <span class='ocrx_word' id='word_1_32' title='bbox 602 775 639 838; x_wconf 87' lang='lat' dir='ltr'><strong>et</strong></span> <span class='ocrx_word' id='word_1_33' title='bbox 650 777 728 861; x_wconf 89' lang='lat' dir='ltr'><strong>post</strong></span> <span class='ocrx_word' id='word_1_34' title='bbox 740 771 847 840; x_wconf 89' lang='lat' dir='ltr'><strong>istum</strong></span> <span class='ocrx_word' id='word_1_35' title='bbox 860 770 925 838; x_wconf 88' lang='lat' dir='ltr'><strong>alii</strong></span> <span class='ocrx_word' id='word_1_36' title='bbox 938 769 1112 838; x_wconf 87' lang='lat' dir='ltr'><strong>increduli</strong></span> <span class='ocrx_word' id='word_1_37' title='bbox 1124 769 1303 857; x_wconf 76' lang='lat' dir='ltr'><strong>dixerunt,</strong></span> <span class='ocrx_word' id='word_1_38' title='bbox 1315 768 1374 836; x_wconf 90' lang='lat' dir='ltr'><strong>sed</strong></span> 
     </span>
    </p>

    <p class='ocr_par' dir='ltr' id='par_1_2' title="bbox 182 878 1426 3021">
     <span class='ocr_line' id='line_1_7' title="bbox 182 878 1375 970; baseline 0 -23"><span class='ocrx_word' id='word_1_39' title='bbox 182 880 187 947; x_wconf 77' lang='lat' dir='ltr'>T</span> <span class='ocrx_word' id='word_1_40' title='bbox 223 888 308 950; x_wconf 73' lang='lat' dir='ltr'><strong>atax</strong></span> <span class='ocrx_word' id='word_1_41' title='bbox 324 879 415 970; x_wconf 86' lang='lat' dir='ltr'><strong>ipsis</strong></span> <span class='ocrx_word' id='word_1_42' title='bbox 431 902 548 947; x_wconf 88' lang='lat' dir='ltr'><strong>rerum</strong></span> <span class='ocrx_word' id='word_1_43' title='bbox 563 879 705 949; x_wconf 88' lang='lat' dir='ltr'><strong>naturis</strong></span> <span class='ocrx_word' id='word_1_44' title='bbox 728 880 877 949; x_wconf 83' lang='lat' dir='ltr'><strong>deducta</strong></span> <span class='ocrx_word' id='word_1_45' title='bbox 902 880 1053 947; x_wconf 82' lang='lat' dir='ltr'>ostensio</span> <span class='ocrx_word' id='word_1_46' title='bbox 1077 878 1375 969; x_wconf 90' lang='lat' dir='ltr'><strong>impossibilitatis</strong></span> 
     </span>
     <span class='ocr_line' id='line_1_8' title="bbox 182 987 1374 1059; baseline -0.004 0"><span class='ocrx_word' id='word_1_47' title='bbox 182 1010 198 1059; x_wconf 76' lang='grc' dir='ltr'><strong>ι·</strong></span> <span class='ocrx_word' id='word_1_48' title='bbox 223 987 393 1057; x_wconf 77' lang='lat' dir='ltr'><strong>sudantem</strong></span> <span class='ocrx_word' id='word_1_49' title='bbox 416 987 725 1057; x_wconf 79' lang='lat' dir='ltr'><strong>contradictionem</strong></span> <span class='ocrx_word' id='word_1_50' title='bbox 753 988 1012 1057; x_wconf 89' lang='lat' dir='ltr'><strong>demonstrandi</strong></span> <span class='ocrx_word' id='word_1_51' title='bbox 1045 988 1136 1055; x_wconf 88' lang='lat' dir='ltr'><strong>inter</strong></span> <span class='ocrx_word' id='word_1_52' title='bbox 1164 987 1374 1056; x_wconf 79' lang='lat' dir='ltr'><strong>Trinitatem</strong></span> 
     </span>
     <span class='ocr_line' id='line_1_9' title="bbox 187 1090 1374 1187; baseline 0.002 -26"><span class='ocrx_word' id='word_1_53' title='bbox 187 1108 193 1115; x_wconf 83' lang='lat'>·</span> <span class='ocrx_word' id='word_1_54' title='bbox 224 1090 432 1187; x_wconf 71' lang='lat' dir='ltr'><strong>hypostaseon</strong></span> <span class='ocrx_word' id='word_1_55' title='bbox 449 1095 680 1164; x_wconf 89' lang='lat' dir='ltr'><strong>relativarum</strong></span> <span class='ocrx_word' id='word_1_56' title='bbox 692 1102 730 1165; x_wconf 91' lang='lat' dir='ltr'><strong>et</strong></span> <span class='ocrx_word' id='word_1_57' title='bbox 740 1097 912 1167; x_wconf 80' lang='lat' dir='ltr'><strong>unitatem</strong></span> <span class='ocrx_word' id='word_1_58' title='bbox 928 1095 1099 1165; x_wconf 87' lang='lat' dir='ltr'><strong>essentiae</strong></span> <span class='ocrx_word' id='word_1_59' title='bbox 1117 1118 1178 1164; x_wconf 91' lang='lat' dir='ltr'><strong>seu</strong></span> <span class='ocrx_word' id='word_1_60' title='bbox 1191 1095 1374 1184; x_wconf 87' lang='lat' dir='ltr'><strong>perfectio·</strong></span> 
     </span>
     <span class='ocr_line' id='line_1_10' title="bbox 182 1202 1373 1296; baseline -0.001 -23"><span class='ocrx_word' id='word_1_61' title='bbox 182 1238 205 1295; x_wconf 34' lang='lat' dir='ltr'><strong>f·</strong></span> <span class='ocrx_word' id='word_1_62' title='bbox 223 1202 260 1273; x_wconf 78' lang='lat' dir='ltr'><strong>ris</strong></span> <span class='ocrx_word' id='word_1_63' title='bbox 284 1203 477 1287; x_wconf 86' lang='lat' dir='ltr'><strong>absolutae,</strong></span> <span class='ocrx_word' id='word_1_64' title='bbox 503 1205 641 1296; x_wconf 91' lang='lat' dir='ltr'><strong>quando</strong></span> <span class='ocrx_word' id='word_1_65' title='bbox 664 1211 700 1274; x_wconf 90' lang='lat' dir='ltr'><strong>et</strong></span> <span class='ocrx_word' id='word_1_66' title='bbox 723 1204 953 1295; x_wconf 80' lang='lat' dir='ltr'><strong>hypostaseos</strong></span> <span class='ocrx_word' id='word_1_67' title='bbox 975 1211 1012 1273; x_wconf 87' lang='lat' dir='ltr'><strong>et</strong></span> <span class='ocrx_word' id='word_1_68' title='bbox 1034 1205 1204 1272; x_wconf 87' lang='lat' dir='ltr'><strong>essentiae</strong></span> <span class='ocrx_word' id='word_1_69' title='bbox 1232 1203 1373 1272; x_wconf 88' lang='lat' dir='ltr'><strong>divinae</strong></span> 
     </span>
     <span class='ocr_line' id='line_1_11' title="bbox 182 1311 1371 1409; baseline 0.003 -28"><span class='ocrx_word' id='word_1_70' title='bbox 182 1314 199 1409; x_wconf 68' lang='grc' dir='ltr'><em>ζ</em></span> <span class='ocrx_word' id='word_1_71' title='bbox 221 1311 338 1404; x_wconf 81' lang='lat' dir='ltr'><strong>propria</strong></span> <span class='ocrx_word' id='word_1_72' title='bbox 353 1311 548 1382; x_wconf 87' lang='lat' dir='ltr'><strong>intrinseca</strong></span> <span class='ocrx_word' id='word_1_73' title='bbox 565 1313 657 1382; x_wconf 90' lang='lat' dir='ltr'><strong>ratio</strong></span> <span class='ocrx_word' id='word_1_74' title='bbox 673 1313 905 1403; x_wconf 86' lang='lat' dir='ltr'><strong>supereminet</strong></span> <span class='ocrx_word' id='word_1_75' title='bbox 920 1312 1193 1401; x_wconf 74' lang='lat' dir='ltr'><strong>intelligentiam</strong></span> <span class='ocrx_word' id='word_1_76' title='bbox 1203 1318 1371 1385; x_wconf 66' lang='lat' dir='ltr'><strong>nostram,</strong></span> 
     </span>
     <span class='ocr_line' id='line_1_12' title="bbox 182 1418 1374 1510; baseline -0.004 -18"><span class='ocrx_word' id='word_1_77' title='bbox 182 1418 187 1493; x_wconf 70' lang='grc' dir='ltr'>ζ</span> <span class='ocrx_word' id='word_1_78' title='bbox 217 1438 263 1490; x_wconf 77' lang='lat' dir='ltr'><strong>aec</strong></span> <span class='ocrx_word' id='word_1_79' title='bbox 282 1427 326 1490; x_wconf 85' lang='lat' dir='ltr'><strong>ut</strong></span> <span class='ocrx_word' id='word_1_80' title='bbox 347 1420 387 1489; x_wconf 88' lang='lat' dir='ltr'><strong>in</strong></span> <span class='ocrx_word' id='word_1_81' title='bbox 411 1442 447 1488; x_wconf 87' lang='lat' dir='ltr'><strong>ss</strong></span> <span class='ocrx_word' id='word_1_82' title='bbox 470 1427 535 1504; x_wconf 84' lang='lat' dir='ltr'><strong>cst,</strong></span> <span class='ocrx_word' id='word_1_83' title='bbox 561 1442 582 1487; x_wconf 91' lang='lat' dir='ltr'><strong>a</strong></span> <span class='ocrx_word' id='word_1_84' title='bbox 605 1422 705 1488; x_wconf 90' lang='lat' dir='ltr'><strong>nobis</strong></span> <span class='ocrx_word' id='word_1_85' title='bbox 727 1420 884 1510; x_wconf 86' lang='lat' dir='ltr'><strong>intelligi</strong></span> <span class='ocrx_word' id='word_1_86' title='bbox 908 1427 1034 1510; x_wconf 91' lang='lat' dir='ltr'><strong>potest.</strong></span> <span class='ocrx_word' id='word_1_87' title='bbox 1054 1418 1093 1487; x_wconf 85' lang='lat' dir='ltr'><strong>Si</strong></span> <span class='ocrx_word' id='word_1_88' title='bbox 1116 1419 1208 1488; x_wconf 88' lang='lat' dir='ltr'><strong>enim</strong></span> <span class='ocrx_word' id='word_1_89' title='bbox 1231 1419 1374 1488; x_wconf 85' lang='lat' dir='ltr'><strong>evidens</strong></span> 
     </span>
     <span class='ocr_line' id='line_1_13' title="bbox 182 1526 1375 1618; baseline -0.003 -20"><span class='ocrx_word' id='word_1_90' title='bbox 182 1530 184 1535; x_wconf 70' lang='lat'><em>‘</em></span> <span class='ocrx_word' id='word_1_91' title='bbox 214 1534 290 1598; x_wconf 72' lang='lat' dir='ltr'><strong>ucat</strong></span> <span class='ocrx_word' id='word_1_92' title='bbox 309 1528 545 1598; x_wconf 77' lang='lat' dir='ltr'><strong>contradictio</strong></span> <span class='ocrx_word' id='word_1_93' title='bbox 561 1528 654 1598; x_wconf 86' lang='lat' dir='ltr'><strong>inter</strong></span> <span class='ocrx_word' id='word_1_94' title='bbox 672 1529 883 1598; x_wconf 83' lang='lat' dir='ltr'><strong>Trinitatem</strong></span> <span class='ocrx_word' id='word_1_95' title='bbox 899 1531 1136 1618; x_wconf 87' lang='lat' dir='ltr'><strong>hypostaseon</strong></span> <span class='ocrx_word' id='word_1_96' title='bbox 1152 1533 1187 1594; x_wconf 93' lang='lat' dir='ltr'><strong>et</strong></span> <span class='ocrx_word' id='word_1_97' title='bbox 1202 1526 1375 1596; x_wconf 84' lang='lat' dir='ltr'><strong>unitatem</strong></span> 
     </span>
     <span class='ocr_line' id='line_1_14' title="bbox 211 1635 1374 1730; baseline -0.001 -24"><span class='ocrx_word' id='word_1_98' title='bbox 211 1637 384 1722; x_wconf 71' lang='lat' dir='ltr'><strong>menuae,</strong></span> <span class='ocrx_word' id='word_1_99' title='bbox 411 1645 452 1707; x_wconf 87' lang='lat' dir='ltr'><strong>ut</strong></span> <span class='ocrx_word' id='word_1_100' title='bbox 474 1657 496 1703; x_wconf 88' lang='lat' dir='ltr'><strong>a</strong></span> <span class='ocrx_word' id='word_1_101' title='bbox 518 1644 553 1705; x_wconf 90' lang='lat' dir='ltr'><strong>te</strong></span> <span class='ocrx_word' id='word_1_102' title='bbox 577 1636 784 1726; x_wconf 85' lang='lat' dir='ltr'><strong>hypostases</strong></span> <span class='ocrx_word' id='word_1_103' title='bbox 808 1644 912 1730; x_wconf 90' lang='lat' dir='ltr'><strong>atque</strong></span> <span class='ocrx_word' id='word_1_104' title='bbox 936 1636 1088 1707; x_wconf 90' lang='lat' dir='ltr'><strong>essentia</strong></span> <span class='ocrx_word' id='word_1_105' title='bbox 1111 1635 1374 1726; x_wconf 87' lang='lat' dir='ltr'><strong>concipiuntur,</strong></span> 
     </span>
     <span class='ocr_line' id='line_1_15' title="bbox 208 1738 1374 1835; baseline -0.003 -21"><span class='ocrx_word' id='word_1_106' title='bbox 208 1738 264 1814; x_wconf 79' lang='lat' dir='ltr'><strong>hoc</strong></span> <span class='ocrx_word' id='word_1_107' title='bbox 284 1744 363 1835; x_wconf 88' lang='lat' dir='ltr'><strong>ipso</strong></span> <span class='ocrx_word' id='word_1_108' title='bbox 386 1766 455 1812; x_wconf 89' lang='lat' dir='ltr'><strong>non</strong></span> <span class='ocrx_word' id='word_1_109' title='bbox 477 1745 548 1813; x_wconf 90' lang='lat' dir='ltr'><strong>erit</strong></span> <span class='ocrx_word' id='word_1_110' title='bbox 573 1767 637 1813; x_wconf 89' lang='lat' dir='ltr'><strong>nec</strong></span> <span class='ocrx_word' id='word_1_111' title='bbox 659 1751 862 1834; x_wconf 87' lang='lat' dir='ltr'><strong>potestesse</strong></span> <span class='ocrx_word' id='word_1_112' title='bbox 879 1745 1035 1829; x_wconf 88' lang='lat' dir='ltr'><strong>evidens,</strong></span> <span class='ocrx_word' id='word_1_113' title='bbox 1054 1744 1156 1812; x_wconf 86' lang='lat' dir='ltr'><strong>illum</strong></span> <span class='ocrx_word' id='word_1_114' title='bbox 1172 1749 1374 1834; x_wconf 86' lang='lat' dir='ltr'><strong>conceptum</strong></span> 
     </span>
     <span class='ocr_line' id='line_1_16' title="bbox 204 1851 1374 1943; baseline -0.001 -21"><span class='ocrx_word' id='word_1_115' title='bbox 204 1870 273 1922; x_wconf 69' lang='lat' dir='ltr'><strong>osc</strong></span> <span class='ocrx_word' id='word_1_116' title='bbox 287 1852 481 1943; x_wconf 77' lang='lat' dir='ltr'><strong>genuinum</strong></span> <span class='ocrx_word' id='word_1_117' title='bbox 497 1853 584 1920; x_wconf 88' lang='lat' dir='ltr'><strong>etin</strong></span> <span class='ocrx_word' id='word_1_118' title='bbox 600 1853 814 1921; x_wconf 89' lang='lat' dir='ltr'><strong>revelatione</strong></span> <span class='ocrx_word' id='word_1_119' title='bbox 827 1853 1061 1943; x_wconf 82' lang='lat' dir='ltr'><strong>propositum3</strong></span> <span class='ocrx_word' id='word_1_120' title='bbox 1076 1853 1143 1920; x_wconf 92' lang='lat' dir='ltr'><strong>imo</strong></span> <span class='ocrx_word' id='word_1_121' title='bbox 1159 1851 1374 1921; x_wconf 80' lang='lat' dir='ltr'><strong>Christianis</strong></span> 
     </span>
     <span class='ocr_line' id='line_1_17' title="bbox 205 1960 1375 2032; baseline 0.002 -2"><span class='ocrx_word' id='word_1_122' title='bbox 205 1960 257 2030; x_wconf 79' lang='lat' dir='ltr'><strong>sin</strong></span> <span class='ocrx_word' id='word_1_123' title='bbox 271 1961 390 2030; x_wconf 85' lang='lat' dir='ltr'><strong>minus</strong></span> <span class='ocrx_word' id='word_1_124' title='bbox 404 1960 603 2031; x_wconf 87' lang='lat' dir='ltr'><strong>immediate</strong></span> <span class='ocrx_word' id='word_1_125' title='bbox 620 1968 713 2031; x_wconf 86' lang='lat' dir='ltr'><strong>certe</strong></span> <span class='ocrx_word' id='word_1_126' title='bbox 736 1963 885 2032; x_wconf 90' lang='lat' dir='ltr'><strong>mediate</strong></span> <span class='ocrx_word' id='word_1_127' title='bbox 903 1984 944 2030; x_wconf 87' lang='lat' dir='ltr'><strong>ex</strong></span> <span class='ocrx_word' id='word_1_128' title='bbox 963 1962 1113 2032; x_wconf 88' lang='lat' dir='ltr'><strong>veritate</strong></span> <span class='ocrx_word' id='word_1_129' title='bbox 1130 1961 1289 2032; x_wconf 87' lang='lat' dir='ltr'><strong>revelata</strong></span> <span class='ocrx_word' id='word_1_130' title='bbox 1305 1961 1375 2032; x_wconf 87' lang='lat' dir='ltr'><strong>erit</strong></span> 
     </span>
     <span class='ocr_line' id='line_1_18' title="bbox 205 2068 1375 2158; baseline 0.003 -22"><span class='ocrx_word' id='word_1_131' title='bbox 205 2068 354 2153; x_wconf 80' lang='lat' dir='ltr'><strong>evidens,</strong></span> <span class='ocrx_word' id='word_1_132' title='bbox 380 2068 486 2137; x_wconf 89' lang='lat' dir='ltr'><strong>talem</strong></span> <span class='ocrx_word' id='word_1_133' title='bbox 510 2075 711 2158; x_wconf 88' lang='lat' dir='ltr'><strong>conceptum</strong></span> <span class='ocrx_word' id='word_1_134' title='bbox 734 2075 834 2138; x_wconf 92' lang='lat' dir='ltr'><strong>tuum</strong></span> <span class='ocrx_word' id='word_1_135' title='bbox 859 2070 916 2140; x_wconf 93' lang='lat' dir='ltr'><strong>vel</strong></span> <span class='ocrx_word' id='word_1_136' title='bbox 940 2093 1047 2139; x_wconf 91' lang='lat' dir='ltr'><strong>unum</strong></span> <span class='ocrx_word' id='word_1_137' title='bbox 1071 2069 1128 2138; x_wconf 91' lang='lat' dir='ltr'><strong>vel</strong></span> <span class='ocrx_word' id='word_1_138' title='bbox 1150 2069 1300 2138; x_wconf 88' lang='lat' dir='ltr'><strong>alterum</strong></span> <span class='ocrx_word' id='word_1_139' title='bbox 1317 2068 1375 2149; x_wconf 86' lang='lat' dir='ltr'><strong>vel</strong></span> 
     </span>
     <span class='ocr_line' id='line_1_19' title="bbox 206 2177 1374 2270; baseline -0.001 -24"><span class='ocrx_word' id='word_1_140' title='bbox 206 2184 389 2270; x_wconf 87' lang='lat' dir='ltr'><strong>utrumque</strong></span> <span class='ocrx_word' id='word_1_141' title='bbox 412 2200 486 2246; x_wconf 86' lang='lat' dir='ltr'><strong>esse</strong></span> <span class='ocrx_word' id='word_1_142' title='bbox 509 2177 662 2245; x_wconf 87' lang='lat' dir='ltr'><strong>alienum</strong></span> <span class='ocrx_word' id='word_1_143' title='bbox 679 2199 701 2245; x_wconf 92' lang='lat' dir='ltr'><strong>a</strong></span> <span class='ocrx_word' id='word_1_144' title='bbox 726 2180 940 2248; x_wconf 85' lang='lat' dir='ltr'><strong>revelatione</strong></span> <span class='ocrx_word' id='word_1_145' title='bbox 956 2185 991 2260; x_wconf 90' lang='lat' dir='ltr'><strong>et</strong></span> <span class='ocrx_word' id='word_1_146' title='bbox 1006 2201 1080 2247; x_wconf 90' lang='lat' dir='ltr'><strong>esse</strong></span> <span class='ocrx_word' id='word_1_147' title='bbox 1105 2177 1245 2246; x_wconf 84' lang='lat' dir='ltr'><strong>falsum.</strong></span> <span class='ocrx_word' id='word_1_148' title='bbox 1260 2177 1374 2246; x_wconf 87' lang='lat' dir='ltr'><strong>Vicis-</strong></span> 
     </span>
     <span class='ocr_line' id='line_1_20' title="bbox 208 2285 1371 2376; baseline 0 -21"><span class='ocrx_word' id='word_1_149' title='bbox 208 2285 268 2354; x_wconf 83' lang='lat' dir='ltr'><strong>sim</strong></span> <span class='ocrx_word' id='word_1_150' title='bbox 289 2285 320 2355; x_wconf 88' lang='lat' dir='ltr'><strong>si</strong></span> <span class='ocrx_word' id='word_1_151' title='bbox 343 2292 529 2376; x_wconf 83' lang='lat' dir='ltr'><strong>conceptus</strong></span> <span class='ocrx_word' id='word_1_152' title='bbox 545 2293 599 2355; x_wconf 89' lang='lat' dir='ltr'><strong>eat</strong></span> <span class='ocrx_word' id='word_1_153' title='bbox 615 2287 789 2375; x_wconf 83' lang='lat' dir='ltr'><strong>genuinus</strong></span> <span class='ocrx_word' id='word_1_154' title='bbox 807 2294 847 2355; x_wconf 92' lang='lat' dir='ltr'><strong>ut</strong></span> <span class='ocrx_word' id='word_1_155' title='bbox 870 2287 907 2355; x_wconf 90' lang='lat' dir='ltr'><strong>in</strong></span> <span class='ocrx_word' id='word_1_156' title='bbox 930 2286 1144 2356; x_wconf 87' lang='lat' dir='ltr'><strong>revelatione</strong></span> <span class='ocrx_word' id='word_1_157' title='bbox 1160 2287 1371 2367; x_wconf 85' lang='lat' dir='ltr'><strong>continetur,</strong></span> 
     </span>
     <span class='ocr_line' id='line_1_21' title="bbox 210 2393 1374 2486; baseline 0 -24"><span class='ocrx_word' id='word_1_158' title='bbox 210 2393 325 2462; x_wconf 73' lang='lat' dir='ltr'><strong>saltem</strong></span> <span class='ocrx_word' id='word_1_159' title='bbox 333 2394 481 2462; x_wconf 85' lang='lat' dir='ltr'><strong>mediate</strong></span> <span class='ocrx_word' id='word_1_160' title='bbox 493 2416 535 2462; x_wconf 89' lang='lat' dir='ltr'><strong>ax</strong></span> <span class='ocrx_word' id='word_1_161' title='bbox 547 2395 615 2462; x_wconf 87' lang='lat' dir='ltr'><strong>fide</strong></span> <span class='ocrx_word' id='word_1_162' title='bbox 627 2394 811 2462; x_wconf 87' lang='lat' dir='ltr'><strong>infallibili</strong></span> <span class='ocrx_word' id='word_1_163' title='bbox 824 2395 967 2465; x_wconf 88' lang='lat' dir='ltr'><strong>evidens</strong></span> <span class='ocrx_word' id='word_1_164' title='bbox 980 2403 1044 2478; x_wconf 88' lang='lat' dir='ltr'><strong>est,</strong></span> <span class='ocrx_word' id='word_1_165' title='bbox 1054 2395 1291 2485; x_wconf 90' lang='lat' dir='ltr'><strong>probationem</strong></span> <span class='ocrx_word' id='word_1_166' title='bbox 1305 2415 1374 2486; x_wconf 87' lang='lat' dir='ltr'><strong>qua</strong></span> 
     </span>
     <span class='ocr_line' id='line_1_22' title="bbox 211 2501 1426 2593; baseline -0.001 -22"><span class='ocrx_word' id='word_1_167' title='bbox 211 2502 486 2593; x_wconf 82' lang='lat' dir='ltr'><strong>praetenderetur</strong></span> <span class='ocrx_word' id='word_1_168' title='bbox 510 2503 661 2571; x_wconf 88' lang='lat' dir='ltr'><strong>ostensio</strong></span> <span class='ocrx_word' id='word_1_169' title='bbox 685 2503 984 2587; x_wconf 84' lang='lat' dir='ltr'><strong>contradictionis,</strong></span> <span class='ocrx_word' id='word_1_170' title='bbox 1002 2502 1198 2572; x_wconf 90' lang='lat' dir='ltr'><strong>necessario</strong></span> <span class='ocrx_word' id='word_1_171' title='bbox 1218 2525 1291 2571; x_wconf 89' lang='lat' dir='ltr'><strong>esse</strong></span> <span class='ocrx_word' id='word_1_172' title='bbox 1309 2501 1374 2571; x_wconf 85' lang='lat' dir='ltr'><strong>fal·</strong></span> <span class='ocrx_word' id='word_1_173' title='bbox 1421 2521 1426 2532; x_wconf 89' lang='lat'><em>·</em></span> 
     </span>
     <span class='ocr_line' id='line_1_23' title="bbox 213 2604 1398 2705; baseline 0.001 -27"><span class='ocrx_word' id='word_1_174' title='bbox 213 2604 310 2678; x_wconf 74' lang='lat' dir='ltr'><strong>baem</strong></span> <span class='ocrx_word' id='word_1_175' title='bbox 325 2616 361 2678; x_wconf 88' lang='lat' dir='ltr'><strong>et</strong></span> <span class='ocrx_word' id='word_1_176' title='bbox 377 2609 455 2677; x_wconf 90' lang='lat' dir='ltr'><strong>ideo</strong></span> <span class='ocrx_word' id='word_1_177' title='bbox 470 2632 568 2705; x_wconf 77' lang='lat' dir='ltr'><strong>posse</strong></span> <span class='ocrx_word' id='word_1_178' title='bbox 588 2610 695 2678; x_wconf 90' lang='lat' dir='ltr'><strong>etiam</strong></span> <span class='ocrx_word' id='word_1_179' title='bbox 710 2610 841 2679; x_wconf 90' lang='lat' dir='ltr'><strong>lumine</strong></span> <span class='ocrx_word' id='word_1_180' title='bbox 856 2611 1006 2679; x_wconf 89' lang='lat' dir='ltr'><strong>rationis</strong></span> <span class='ocrx_word' id='word_1_181' title='bbox 1023 2609 1157 2680; x_wconf 88' lang='lat' dir='ltr'><strong>ostendi</strong></span> <span class='ocrx_word' id='word_1_182' title='bbox 1174 2609 1231 2678; x_wconf 89' lang='lat' dir='ltr'><strong>vel</strong></span> <span class='ocrx_word' id='word_1_183' title='bbox 1248 2610 1374 2678; x_wconf 82' lang='lat' dir='ltr'><strong>falsam</strong></span> <span class='ocrx_word' id='word_1_184' title='bbox 1394 2672 1398 2679; x_wconf 93' lang='lat'><em>.</em></span> 
     </span>
     <span class='ocr_line' id='line_1_24' title="bbox 216 2716 1374 2810; baseline 0 -25"><span class='ocrx_word' id='word_1_185' title='bbox 216 2716 265 2785; x_wconf 77' lang='lat' dir='ltr'><strong>vol</strong></span> <span class='ocrx_word' id='word_1_186' title='bbox 283 2740 350 2786; x_wconf 90' lang='lat' dir='ltr'><strong>non</strong></span> <span class='ocrx_word' id='word_1_187' title='bbox 373 2717 581 2801; x_wconf 87' lang='lat' dir='ltr'><strong>evidentem,</strong></span> <span class='ocrx_word' id='word_1_188' title='bbox 600 2717 733 2810; x_wconf 87' lang='lat' dir='ltr'><strong>hocque</strong></span> <span class='ocrx_word' id='word_1_189' title='bbox 750 2719 825 2808; x_wconf 87' lang='lat' dir='ltr'><strong>ipso</strong></span> <span class='ocrx_word' id='word_1_190' title='bbox 848 2742 992 2809; x_wconf 84' lang='lat' dir='ltr'><strong>prorsus</strong></span> <span class='ocrx_word' id='word_1_191' title='bbox 1007 2720 1145 2787; x_wconf 92' lang='lat' dir='ltr'><strong>inanem</strong></span> <span class='ocrx_word' id='word_1_192' title='bbox 1168 2719 1211 2786; x_wconf 90' lang='lat' dir='ltr'><strong>ad</strong></span> <span class='ocrx_word' id='word_1_193' title='bbox 1236 2741 1374 2808; x_wconf 88' lang='lat' dir='ltr'><strong>scopum</strong></span> 
     </span>
     <span class='ocr_line' id='line_1_25' title="bbox 219 2822 1371 2916; baseline 0.001 -24"><span class='ocrx_word' id='word_1_194' title='bbox 219 2822 256 2892; x_wconf 71' lang='lat' dir='ltr'><strong>td</strong></span> <span class='ocrx_word' id='word_1_195' title='bbox 268 2847 361 2916; x_wconf 88' lang='lat' dir='ltr'><strong>quem</strong></span> <span class='ocrx_word' id='word_1_196' title='bbox 377 2825 571 2893; x_wconf 84' lang='lat' dir='ltr'><strong>inducitur:</strong></span> <span class='ocrx_word' id='word_1_197' title='bbox 591 2849 700 2896; x_wconf 77' lang='lat' dir='ltr'><strong>acum</strong></span> <span class='ocrx_word' id='word_1_198' title='bbox 717 2825 803 2894; x_wconf 88' lang='lat' dir='ltr'><strong>fides</strong></span> <span class='ocrx_word' id='word_1_199' title='bbox 819 2826 1004 2895; x_wconf 89' lang='lat' dir='ltr'><strong>infallibili</strong></span> <span class='ocrx_word' id='word_1_200' title='bbox 1020 2826 1167 2895; x_wconf 80' lang='lat' dir='ltr'><strong>veritati</strong></span> <span class='ocrx_word' id='word_1_201' title='bbox 1183 2825 1371 2909; x_wconf 86' lang='lat' dir='ltr'><strong>innitatur,</strong></span> 
     </span>
     <span class='ocr_line' id='line_1_26' title="bbox 220 2926 1373 3021; baseline 0.002 -24"><span class='ocrx_word' id='word_1_202' title='bbox 220 2926 413 3021; x_wconf 83' lang='lat' dir='ltr'><strong>inpossibile</strong></span> <span class='ocrx_word' id='word_1_203' title='bbox 429 2938 546 3001; x_wconf 91' lang='lat' dir='ltr'><strong>autem</strong></span> <span class='ocrx_word' id='word_1_204' title='bbox 570 2933 620 3001; x_wconf 92' lang='lat' dir='ltr'><strong>sit</strong></span> <span class='ocrx_word' id='word_1_205' title='bbox 642 2933 684 3002; x_wconf 88' lang='lat' dir='ltr'><strong>ds</strong></span> <span class='ocrx_word' id='word_1_206' title='bbox 708 2956 790 3001; x_wconf 89' lang='lat' dir='ltr'><strong>vero</strong></span> <span class='ocrx_word' id='word_1_207' title='bbox 806 2932 1037 3002; x_wconf 89' lang='lat' dir='ltr'><strong>demonstrari</strong></span> <span class='ocrx_word' id='word_1_208' title='bbox 1060 2933 1286 3017; x_wconf 88' lang='lat' dir='ltr'><strong>contrarium,</strong></span> <span class='ocrx_word' id='word_1_209' title='bbox 1304 2955 1373 3000; x_wconf 87' lang='lat' dir='ltr'><strong>ma-</strong></span> 
     </span>
    </p>
   </div>
   <div class='ocr_carea' id='block_1_2' title="bbox 182 3035 1375 3447">
    <p class='ocr_par' dir='ltr' id='par_1_3' title="bbox 182 3035 1375 3447">
     <span class='ocr_line' id='line_1_27' title="bbox 184 3035 1373 3132; baseline -0.003 -19"><span class='ocrx_word' id='word_1_210' title='bbox 184 3106 191 3113; x_wconf 95' lang='lat'>.</span> <span class='ocrx_word' id='word_1_211' title='bbox 223 3035 369 3109; x_wconf 71' lang='lat' dir='ltr'><strong>ntorum</strong></span> <span class='ocrx_word' id='word_1_212' title='bbox 392 3047 447 3108; x_wconf 85' lang='lat' dir='ltr'><strong>est</strong></span> <span class='ocrx_word' id='word_1_213' title='bbox 468 3041 688 3130; x_wconf 87' lang='lat' dir='ltr'><strong>probationes</strong></span> <span class='ocrx_word' id='word_1_214' title='bbox 713 3063 799 3132; x_wconf 90' lang='lat' dir='ltr'><strong>quae</strong></span> <span class='ocrx_word' id='word_1_215' title='bbox 823 3048 945 3109; x_wconf 86' lang='lat' dir='ltr'><strong>contra</strong></span> <span class='ocrx_word' id='word_1_216' title='bbox 968 3041 1197 3126; x_wconf 92' lang='lat' dir='ltr'><strong>inducuntur,</strong></span> <span class='ocrx_word' id='word_1_217' title='bbox 1217 3063 1285 3109; x_wconf 91' lang='lat' dir='ltr'><strong>non</strong></span> <span class='ocrx_word' id='word_1_218' title='bbox 1300 3063 1373 3111; x_wconf 86' lang='lat' dir='ltr'><strong>esse</strong></span> 
     </span>
     <span class='ocr_line' id='line_1_28' title="bbox 182 3132 1372 3240; baseline -0.001 -23"><span class='ocrx_word' id='word_1_219' title='bbox 182 3132 187 3217; x_wconf 66' lang='lat' dir='ltr'><strong>i</strong></span> <span class='ocrx_word' id='word_1_220' title='bbox 224 3139 513 3216; x_wconf 73' lang='lat' dir='ltr'><strong>demonstrationes</strong></span> <span class='ocrx_word' id='word_1_221' title='bbox 525 3148 585 3216; x_wconf 89' lang='lat' dir='ltr'><strong>sed</strong></span> <span class='ocrx_word' id='word_1_222' title='bbox 598 3146 764 3215; x_wconf 90' lang='lat' dir='ltr'><strong>solubilia</strong></span> <span class='ocrx_word' id='word_1_223' title='bbox 775 3153 1010 3237; x_wconf 71' lang='lat' dir='ltr'><strong>argumenta»</strong></span> <span class='ocrx_word' id='word_1_224' title='bbox 1031 3147 1067 3217; x_wconf 87' lang='lat' dir='ltr'><strong>S.</strong></span> <span class='ocrx_word' id='word_1_225' title='bbox 1079 3149 1145 3216; x_wconf 79' lang='lat' dir='ltr'><strong>Th.</strong></span> <span class='ocrx_word' id='word_1_226' title='bbox 1159 3148 1191 3217; x_wconf 93' lang='lat'><strong>1.</strong></span> <span class='ocrx_word' id='word_1_227' title='bbox 1204 3174 1238 3240; x_wconf 93' lang='lat' dir='ltr'><strong>q.</strong></span> <span class='ocrx_word' id='word_1_228' title='bbox 1252 3147 1283 3216; x_wconf 92' lang='lat' dir='ltr'><strong>l.</strong></span> <span class='ocrx_word' id='word_1_229' title='bbox 1294 3171 1327 3216; x_wconf 92' lang='lat' dir='ltr'><strong>a.</strong></span> <span class='ocrx_word' id='word_1_230' title='bbox 1338 3149 1372 3217; x_wconf 87' lang='grc'><strong>8.</strong></span> 
     </span>
     <span class='ocr_line' id='line_1_29' title="bbox 274 3253 1374 3347; baseline 0.003 -25.691"><span class='ocrx_word' id='word_1_231' title='bbox 274 3253 467 3325; x_wconf 87' lang='lat' dir='ltr'><strong>Indirectae</strong></span> <span class='ocrx_word' id='word_1_232' title='bbox 483 3255 683 3324; x_wconf 89' lang='lat' dir='ltr'><strong>huiusmodi</strong></span> <span class='ocrx_word' id='word_1_233' title='bbox 704 3255 895 3324; x_wconf 89' lang='lat' dir='ltr'><strong>solutiones</strong></span> <span class='ocrx_word' id='word_1_234' title='bbox 913 3256 1002 3323; x_wconf 88' lang='lat' dir='ltr'><strong>satis</strong></span> <span class='ocrx_word' id='word_1_235' title='bbox 1018 3256 1157 3347; x_wconf 92' lang='lat' dir='ltr'><strong>quidem</strong></span> <span class='ocrx_word' id='word_1_236' title='bbox 1173 3256 1374 3341; x_wconf 89' lang='lat' dir='ltr'><strong>ostendunt,</strong></span> 
     </span>
     <span class='ocr_line' id='line_1_30' title="bbox 182 3354 1375 3447; baseline 0 -14"><span class='ocrx_word' id='word_1_237' title='bbox 182 3354 186 3443; x_wconf 71' lang='grc' dir='ltr'>ξ</span> <span class='ocrx_word' id='word_1_238' title='bbox 227 3357 410 3433; x_wconf 72' lang='lat' dir='ltr'><strong>rhenones</strong></span> <span class='ocrx_word' id='word_1_239' title='bbox 426 3386 494 3431; x_wconf 91' lang='lat' dir='ltr'><strong>non</strong></span> <span class='ocrx_word' id='word_1_240' title='bbox 510 3386 584 3432; x_wconf 88' lang='lat' dir='ltr'><strong>esse</strong></span> <span class='ocrx_word' id='word_1_241' title='bbox 600 3362 751 3447; x_wconf 88' lang='lat' dir='ltr'><strong>validas,</strong></span> <span class='ocrx_word' id='word_1_242' title='bbox 762 3386 830 3432; x_wconf 94' lang='lat' dir='ltr'><strong>non</strong></span> <span class='ocrx_word' id='word_1_243' title='bbox 847 3370 964 3432; x_wconf 90' lang='lat' dir='ltr'><strong>autem</strong></span> <span class='ocrx_word' id='word_1_244' title='bbox 982 3365 1170 3433; x_wconf 87' lang='lat' dir='ltr'><strong>ostendunt</strong></span> <span class='ocrx_word' id='word_1_245' title='bbox 1181 3386 1223 3432; x_wconf 90' lang='lat' dir='ltr'><strong>ex</strong></span> <span class='ocrx_word' id='word_1_246' title='bbox 1239 3366 1375 3433; x_wconf 88' lang='lat' dir='ltr'><strong>ratione</strong></span> 
     </span>
    </p>
   </div>
   <div class='ocr_carea' id='block_1_3' title="bbox 212 3463 1375 4210">
    <p class='ocr_par' dir='ltr' id='par_1_4' title="bbox 212 3463 1375 4210">
     <span class='ocr_line' id='line_1_31' title="bbox 228 3463 1375 3557; baseline 0.006 -24"><span class='ocrx_word' id='word_1_247' title='bbox 228 3463 407 3557; x_wconf 83' lang='lat' dir='ltr'><strong>intrinseca,</strong></span> <span class='ocrx_word' id='word_1_248' title='bbox 426 3495 489 3540; x_wconf 92' lang='lat' dir='ltr'><strong>cur</strong></span> <span class='ocrx_word' id='word_1_249' title='bbox 504 3470 644 3540; x_wconf 89' lang='lat' dir='ltr'><strong>validae</strong></span> <span class='ocrx_word' id='word_1_250' title='bbox 666 3494 734 3539; x_wconf 91' lang='lat' dir='ltr'><strong>non</strong></span> <span class='ocrx_word' id='word_1_251' title='bbox 758 3472 841 3539; x_wconf 90' lang='lat' dir='ltr'><strong>sint.</strong></span> <span class='ocrx_word' id='word_1_252' title='bbox 861 3471 1061 3541; x_wconf 87' lang='lat' dir='ltr'><strong>Occurrunt</strong></span> <span class='ocrx_word' id='word_1_253' title='bbox 1075 3479 1189 3540; x_wconf 90' lang='lat' dir='ltr'><strong>autem</strong></span> <span class='ocrx_word' id='word_1_254' title='bbox 1207 3471 1289 3539; x_wconf 90' lang='lat' dir='ltr'><strong>illae</strong></span> <span class='ocrx_word' id='word_1_255' title='bbox 1307 3473 1375 3540; x_wconf 85' lang='lat' dir='ltr'><strong>ire·</strong></span> 
     </span>
     <span class='ocr_line' id='line_1_32' title="bbox 227 3578 1374 3670; baseline 0 -24"><span class='ocrx_word' id='word_1_256' title='bbox 227 3587 349 3666; x_wconf 80' lang='lat' dir='ltr'><strong>quenter</strong></span> <span class='ocrx_word' id='word_1_257' title='bbox 371 3578 466 3668; x_wconf 86' lang='lat' dir='ltr'><strong>apud</strong></span> <span class='ocrx_word' id='word_1_258' title='bbox 489 3579 625 3662; x_wconf 89' lang='lat' dir='ltr'><strong>Patres,</strong></span> <span class='ocrx_word' id='word_1_259' title='bbox 650 3579 734 3670; x_wconf 92' lang='lat' dir='ltr'><strong>quia</strong></span> <span class='ocrx_word' id='word_1_260' title='bbox 757 3586 842 3648; x_wconf 90' lang='lat' dir='ltr'><strong>sunt</strong></span> <span class='ocrx_word' id='word_1_261' title='bbox 868 3579 1071 3668; x_wconf 89' lang='lat' dir='ltr'><strong>aptissimae</strong></span> <span class='ocrx_word' id='word_1_262' title='bbox 1095 3587 1170 3647; x_wconf 86' lang='lat' dir='ltr'><strong>tum</strong></span> <span class='ocrx_word' id='word_1_263' title='bbox 1194 3581 1374 3647; x_wconf 84' lang='lat' dir='ltr'><strong>inactum</strong></span> 
     </span>
     <span class='ocr_line' id='line_1_33' title="bbox 225 3681 1375 3776; baseline 0.001 -24"><span class='ocrx_word' id='word_1_264' title='bbox 225 3681 527 3776; x_wconf 82' lang='lat' dir='ltr'><strong>adpraeparandcs</strong></span> <span class='ocrx_word' id='word_1_265' title='bbox 550 3686 683 3754; x_wconf 87' lang='lat' dir='ltr'><strong>animos</strong></span> <span class='ocrx_word' id='word_1_266' title='bbox 705 3709 768 3776; x_wconf 93' lang='lat' dir='ltr'><strong>pro</strong></span> <span class='ocrx_word' id='word_1_267' title='bbox 792 3686 1025 3755; x_wconf 85' lang='lat' dir='ltr'><strong>solutionibus</strong></span> <span class='ocrx_word' id='word_1_268' title='bbox 1050 3685 1207 3770; x_wconf 89' lang='lat' dir='ltr'><strong>directis,</strong></span> <span class='ocrx_word' id='word_1_269' title='bbox 1233 3693 1269 3755; x_wconf 91' lang='lat' dir='ltr'><strong>et</strong></span> <span class='ocrx_word' id='word_1_270' title='bbox 1291 3686 1375 3776; x_wconf 89' lang='lat' dir='ltr'><strong>quia</strong></span> 
     </span>
     <span class='ocr_line' id='line_1_34' title="bbox 223 3785 1374 3887; baseline 0.005 -30"><span class='ocrx_word' id='word_1_271' title='bbox 223 3785 266 3860; x_wconf 85' lang='lat' dir='ltr'><strong>his</strong></span> <span class='ocrx_word' id='word_1_272' title='bbox 284 3794 534 3884; x_wconf 86' lang='lat' dir='ltr'><strong>posterioribus</strong></span> <span class='ocrx_word' id='word_1_273' title='bbox 557 3794 734 3884; x_wconf 89' lang='lat' dir='ltr'><strong>capiendis</strong></span> <span class='ocrx_word' id='word_1_274' title='bbox 757 3794 915 3887; x_wconf 89' lang='lat' dir='ltr'><strong>plerique</strong></span> <span class='ocrx_word' id='word_1_275' title='bbox 931 3818 998 3863; x_wconf 90' lang='lat' dir='ltr'><strong>non</strong></span> <span class='ocrx_word' id='word_1_276' title='bbox 1016 3800 1100 3864; x_wconf 88' lang='lat' dir='ltr'><strong>sunt</strong></span> <span class='ocrx_word' id='word_1_277' title='bbox 1116 3795 1242 3863; x_wconf 90' lang='lat' dir='ltr'><strong>idonei.</strong></span> <span class='ocrx_word' id='word_1_278' title='bbox 1272 3794 1374 3863; x_wconf 67' lang='lat' dir='ltr'><strong>«Ali-</strong></span> 
     </span>
     <span class='ocr_line' id='line_1_35' title="bbox 220 3902 1375 3994; baseline 0.003 -26"><span class='ocrx_word' id='word_1_279' title='bbox 220 3902 339 3991; x_wconf 86' lang='lat' dir='ltr'><strong>quando</strong></span> <span class='ocrx_word' id='word_1_280' title='bbox 362 3903 545 3971; x_wconf 84' lang='lat' dir='ltr'><strong>afferimus</strong></span> <span class='ocrx_word' id='word_1_281' title='bbox 568 3902 619 3971; x_wconf 88' lang='lat' dir='ltr'><strong>eis</strong></span> <span class='ocrx_word' id='word_1_282' title='bbox 642 3903 831 3987; x_wconf 88' lang='lat' dir='ltr'><strong>rationem,</strong></span> <span class='ocrx_word' id='word_1_283' title='bbox 858 3925 926 3971; x_wconf 90' lang='lat' dir='ltr'><strong>non</strong></span> <span class='ocrx_word' id='word_1_284' title='bbox 950 3925 1052 3994; x_wconf 88' lang='lat' dir='ltr'><strong>qnam</strong></span> <span class='ocrx_word' id='word_1_285' title='bbox 1083 3908 1210 3993; x_wconf 88' lang='lat' dir='ltr'><strong>petunt</strong></span> <span class='ocrx_word' id='word_1_286' title='bbox 1232 3925 1310 3971; x_wconf 87' lang='lat' dir='ltr'><strong>cum</strong></span> <span class='ocrx_word' id='word_1_287' title='bbox 1333 3903 1375 3971; x_wconf 87' lang='lat' dir='ltr'><strong>de</strong></span> 
     </span>
     <span class='ocr_line' id='line_1_36' title="bbox 215 4005 1374 4104; baseline 0.001 -26"><span class='ocrx_word' id='word_1_288' title='bbox 215 4005 276 4078; x_wconf 82' lang='lat' dir='ltr'><strong>Deo</strong></span> <span class='ocrx_word' id='word_1_289' title='bbox 297 4016 483 4104; x_wconf 87' lang='lat' dir='ltr'><strong>quaeruut,</strong></span> <span class='ocrx_word' id='word_1_290' title='bbox 502 4011 586 4103; x_wconf 91' lang='lat' dir='ltr'><strong>quia</strong></span> <span class='ocrx_word' id='word_1_291' title='bbox 600 4035 662 4080; x_wconf 90' lang='lat' dir='ltr'><strong>nac</strong></span> <span class='ocrx_word' id='word_1_292' title='bbox 678 4011 748 4101; x_wconf 89' lang='lat' dir='ltr'><strong>ipsi</strong></span> <span class='ocrx_word' id='word_1_293' title='bbox 762 4034 837 4079; x_wconf 88' lang='lat' dir='ltr'><strong>eam</strong></span> <span class='ocrx_word' id='word_1_294' title='bbox 861 4012 982 4081; x_wconf 88' lang='lat' dir='ltr'><strong>valent</strong></span> <span class='ocrx_word' id='word_1_295' title='bbox 997 4034 1132 4081; x_wconf 87' lang='lat' dir='ltr'><strong>sumere</strong></span> <span class='ocrx_word' id='word_1_296' title='bbox 1148 4034 1210 4080; x_wconf 89' lang='lat' dir='ltr'><strong>nee</strong></span> <span class='ocrx_word' id='word_1_297' title='bbox 1226 4034 1289 4079; x_wconf 92' lang='lat' dir='ltr'><strong>nos</strong></span> <span class='ocrx_word' id='word_1_298' title='bbox 1305 4012 1374 4080; x_wconf 84' lang='lat' dir='ltr'><strong>for·</strong></span> 
     </span>
     <span class='ocr_line' id='line_1_37' title="bbox 212 4117 1375 4210; baseline -0.002 -22"><span class='ocrx_word' id='word_1_299' title='bbox 212 4122 296 4188; x_wconf 83' lang='lat' dir='ltr'><strong>tasse</strong></span> <span class='ocrx_word' id='word_1_300' title='bbox 318 4119 377 4188; x_wconf 90' lang='lat' dir='ltr'><strong>vel</strong></span> <span class='ocrx_word' id='word_1_301' title='bbox 399 4117 655 4209; x_wconf 87' lang='lat' dir='ltr'><strong>apprehendere</strong></span> <span class='ocrx_word' id='word_1_302' title='bbox 679 4118 737 4187; x_wconf 89' lang='lat' dir='ltr'><strong>vel</strong></span> <span class='ocrx_word' id='word_1_303' title='bbox 760 4120 927 4208; x_wconf 89' lang='lat' dir='ltr'><strong>proferro,</strong></span> <span class='ocrx_word' id='word_1_304' title='bbox 944 4119 1003 4188; x_wconf 89' lang='lat' dir='ltr'><strong>scd</strong></span> <span class='ocrx_word' id='word_1_305' title='bbox 1028 4139 1097 4210; x_wconf 89' lang='lat' dir='ltr'><strong>qua</strong></span> <span class='ocrx_word' id='word_1_306' title='bbox 1120 4118 1375 4186; x_wconf 88' lang='lat' dir='ltr'><strong>demonstretur</strong></span> 
     </span>
    </p>
   </div>
   <div class='ocr_carea' id='block_1_4' title="bbox 204 4260 1375 4426">
    <p class='ocr_par' dir='ltr' id='par_1_5' title="bbox 204 4260 1375 4426">
     <span class='ocr_line' id='line_1_38' title="bbox 257 4260 1375 4342; baseline -0.003 -25"><span class='ocrx_word' id='word_1_307' title='bbox 257 4260 299 4338; x_wconf 88' lang='lat'><strong>(1)</strong></span> <span class='ocrx_word' id='word_1_308' title='bbox 311 4263 384 4317; x_wconf 79' lang='lat' dir='ltr'><strong>Vide</strong></span> <span class='ocrx_word' id='word_1_309' title='bbox 402 4263 580 4319; x_wconf 83' lang='lat' dir='ltr'><strong>Leibnitiurn</strong></span> <span class='ocrx_word' id='word_1_310' title='bbox 603 4265 634 4316; x_wconf 93' lang='lat' dir='ltr'><strong>ln</strong></span> <span class='ocrx_word' id='word_1_311' title='bbox 654 4264 865 4316; x_wconf 80' lang='lat' dir='ltr'><strong>Dissertations</strong></span> <span class='ocrx_word' id='word_1_312' title='bbox 888 4263 922 4316; x_wconf 85' lang='lat' dir='ltr'><strong>ds</strong></span> <span class='ocrx_word' id='word_1_313' title='bbox 942 4265 1142 4342; x_wconf 78' lang='lat' dir='ltr'><strong>conformitate</strong></span> <span class='ocrx_word' id='word_1_314' title='bbox 1159 4263 1226 4316; x_wconf 83' lang='lat' dir='ltr'><strong>fidel</strong></span> <span class='ocrx_word' id='word_1_315' title='bbox 1245 4278 1305 4315; x_wconf 90' lang='lat' dir='ltr'><strong>cum</strong></span> <span class='ocrx_word' id='word_1_316' title='bbox 1333 4279 1375 4316; x_wconf 84' lang='lat' dir='ltr'><strong>ra·</strong></span> 
     </span>
     <span class='ocr_line' id='line_1_39' title="bbox 204 4348 843 4426; baseline -0.003 -18"><span class='ocrx_word' id='word_1_317' title='bbox 204 4355 281 4408; x_wconf 80' lang='lat' dir='ltr'><strong>tione</strong></span> <span class='ocrx_word' id='word_1_318' title='bbox 298 4351 383 4426; x_wconf 78' lang='lat' dir='ltr'><strong>(opp.</strong></span> <span class='ocrx_word' id='word_1_319' title='bbox 395 4354 427 4407; x_wconf 77' lang='grc' dir='ltr'><strong>Τ.</strong></span> <span class='ocrx_word' id='word_1_320' title='bbox 440 4348 479 4423; x_wconf 88' lang='grc' dir='ltr'><strong>Ι.)</strong></span> <span class='ocrx_word' id='word_1_321' title='bbox 492 4369 521 4405; x_wconf 92' lang='grc' dir='ltr'><strong>ιι.</strong></span> <span class='ocrx_word' id='word_1_322' title='bbox 534 4353 577 4406; x_wconf 80' lang='grc'><strong>39.</strong></span> <span class='ocrx_word' id='word_1_323' title='bbox 592 4369 667 4421; x_wconf 83' lang='lat' dir='ltr'><strong>sqq.;</strong></span> <span class='ocrx_word' id='word_1_324' title='bbox 680 4368 710 4405; x_wconf 88' lang='grc' dir='ltr'><strong>ιι.</strong></span> <span class='ocrx_word' id='word_1_325' title='bbox 722 4354 766 4406; x_wconf 77' lang='grc'><strong>72.</strong></span> <span class='ocrx_word' id='word_1_326' title='bbox 779 4368 843 4420; x_wconf 87' lang='lat' dir='ltr'><strong>sqq.</strong></span> 
     </span>
    </p>
   </div>
   <div class='ocr_carea' id='block_1_5' title="bbox 0 0 1615 4950">
    <p class='ocr_par' dir='ltr' id='par_1_6' title="bbox 0 0 1615 4950">
     <span class='ocr_line' id='line_1_40' title="bbox 0 0 1615 4950; baseline 0 0"><span class='ocrx_word' id='word_1_327' title='bbox 0 0 1615 4950; x_wconf 95' lang='lat' dir='ltr'><strong> </strong></span> 
     </span>
    </p>
   </div>
  </div>
 </body>
</html>
