3172 4950
653 347 691 363 -
713 315 775 378 305
796 347 833 363 -

190 447 246 494 mn
263 422 542 513 incorporearum
558 425 595 490 et
611 418 960 506 incommutabilium,
978 425 1112 511 quanta
1127 421 1164 488 in
1181 421 1247 491 hac
1257 422 1335 492 vita

189 531 245 623 capi
263 553 331 599 non
353 531 397 597 ab
420 529 580 597 omnibns
603 534 734 619 potest,
761 551 881 597 verum
905 529 1010 596 etiam
1030 529 1074 598 ad
1099 528 1332 600 summitatem

188 638 494 730 contemplationis,
527 659 631 729 quam
662 636 752 705 dicit
781 636 971 727 Apostolus
1003 637 1093 706 facie
1119 638 1330 724 adfaciem,

188 748 240 817 eine
261 747 480 816 dubitatione
502 747 745 835 perveniemus
759 773 775 806 n
808 746 905 834 Aug.
923 744 969 812 ad
992 745 1152 814 Consent.
1177 746 1328 836 ep.120.

188 879 209 923 r.
227 855 302 923 2-4.

230 961 356 1032 Eadem
379 961 554 1052 principia
575 966 651 1029 tum
674 959 761 1028 alibi
777 982 878 1050 saepe
894 961 986 1051 apud
1002 960 1246 1050 Augustinum
1259 969 1333 1032 tum

188 1070 253 1162 apud
274 1070 399 1139 Patres
421 1068 514 1137 alios
533 1073 570 1138 et
591 1068 781 1138 theoretice
803 1070 1034 1138 enuntiantur
1057 1075 1094 1138 et
1117 1070 1272 1161 practice
1295 1070 1333 1140 in

188 1181 261 1248 nnn
283 1178 518 1247 deducuntur.
537 1177 645 1244 Immo
663 1199 744 1246 vero
761 1176 857 1246 hisce
872 1176 1057 1266 principiis
1080 1183 1156 1246 tota
1179 1179 1333 1266 genuina

188 1285 361 1376 theologia,
388 1291 562 1377 qnatenus
585 1283 805 1375 speculativa
828 1290 905 1368 est,
932 1284 1075 1378 eiusque
1098 1285 1266 1375 expolitio
1278 1286 1329 1353 in·

188 1393 301 1463 nititur.
317 1393 435 1475 Quare
459 1394 552 1462 sicut
575 1416 678 1482 penes
702 1395 839 1475 Patres,
855 1392 1066 1482 Gregorium
1083 1392 1170 1461 Naz.
1187 1399 1223 1462 et
1238 1393 1331 1484 Nys-

188 1521 250 1585 ion,
265 1500 451 1585 Basilium,
477 1499 653 1590 cyrillum
675 1499 967 1586 Alexandrinum,
986 1501 1230 1591 Augustinum
1246 1507 1328 1587 etc,

188 1605 345 1698 depones
374 1605 606 1690 Anselmum,
640 1607 865 1692 Victorinos,
899 1609 1043 1676 Petrum
1072 1609 1328 1693 Lombardum,

188 1712 421 1796 neandrum,
446 1712 654 1796 Albinium,
681 1713 859 1798 Thomarn,
877 1714 1160 1784 Beneventuram
1183 1721 1221 1784 et
1243 1723 1331 1785 cete·

188 1842 355 1891 insomnes
378 1821 566 1911 magistros
590 1820 727 1889 scholae
751 1827 825 1889 tum
842 1821 990 1889 aliorum
1015 1822 1216 1912 dogmatum
1239 1831 1330 1894 trac·

188 1930 250 1999 latio
269 1937 346 2000 tum
370 1931 576 1999 nominatim
599 1931 759 2000 doctrina
782 1931 823 1999 de
848 1931 1027 2000 Trinitate
1052 1932 1115 2019 (de
1139 1955 1208 2024 qua
1238 1956 1331 2002 nunc

188 2039 259 2107 nobis
279 2038 437 2130 agitur),
462 2061 530 2106 non
555 2039 696 2107 minima
719 2062 761 2108 en
786 2048 885 2130 parte
901 2048 954 2108 est
971 2039 1158 2132 inquisitio
1175 2040 1330 2111 intellec·

188 2148 224 2214 ies
242 2166 281 2217 cx
305 2147 387 2216 fide.
406 2146 465 2216 Sic
487 2146 676 2215 Ansolmus
699 2148 907 2236 mysterium
923 2148 1113 2217 Trinitatis
1130 2147 1331 2218 Christiano

188 2276 231 2323 mn
250 2255 385 2324 ratione
409 2254 623 2345 probandum
648 2277 721 2324 esse
744 2255 797 2323 ait
820 2256 879 2324 sed
903 2256 970 2324 fide
986 2255 1208 2339 credendum,
1226 2276 1247 2323 a
1263 2256 1330 2325 fide
1363 2284 1367 2293 ·

188 2383 244 2432 uro
264 2369 299 2432 et
323 2363 361 2430 in
385 2361 476 2447 fide,
502 2369 671 2454 quantum
694 2363 772 2432 fieri
794 2368 920 2452 potest,
940 2363 1187 2453 proficiendum
1211 2364 1255 2433 ad
1278 2364 1330 2431 in·

188 2469 349 2542 tellectum.
380 2471 548 2556 «Audio,
575 2472 658 2563 quia
680 2470 887 2540 Rosaelinus
910 2469 1068 2540 Clericus
1091 2471 1142 2558 (1)
1166 2469 1274 2554 dicit,
1293 2470 1331 2541 in

188 2571 231 2647 leo
253 2586 327 2649 tres
349 2599 514 2668 personas
537 2600 611 2646 esse
634 2584 706 2646 tres
729 2600 785 2646 res
809 2579 852 2645 ab
875 2577 1024 2645 invicem
1052 2583 1257 2667 separatas,
1284 2577 1330 2647 si·

188 2693 224 2756 ut
242 2692 327 2756 aunt
349 2692 424 2756 tres
447 2685 588 2775 angeli,
616 2685 669 2753 ita
700 2692 816 2754 tamen
847 2690 888 2753 ut
919 2707 990 2752 una
1021 2685 1070 2753 sit
1100 2684 1265 2754 voluntas
1295 2690 1331 2754 et

188 2798 350 2862 oenus...
368 2791 583 2883 Quicumque
608 2791 879 2882 blasphemiam,
906 2813 1008 2884 quam
1033 2813 1140 2880 supra
1163 2791 1331 2882 posuime

188 2900 295 2971 odisse
315 2910 341 2967 'a
362 2900 546 2968 Roscelino
569 2899 652 2984 dici,
670 2923 733 2990 pro
747 2901 899 2969 veritate
917 2899 1120 2984 asseruerit,
1136 2899 1211 2968 sive
1228 2899 1328 2968 homo

188 3003 230 3079 ire
252 3007 412 3099 angelus,
427 3006 612 3076 anathema
635 3015 731 3078 est...
758 3007 894 3075 omnino
917 3007 1008 3076 enim
1021 3006 1248 3075 Christianus
1260 3030 1329 3075 non

188 3124 223 3186 u.
240 3116 340 3200 Quod
366 3116 396 3183 ei
420 3115 619 3206 baptizatus
642 3122 678 3185 et
701 3116 794 3185 inter
818 3115 1038 3184 Christianos
1062 3121 1115 3185 est
1137 3115 1298 3185 nutritus
1318 3168 1326 3201 ,

188 3224 255 3294 ullo
277 3224 377 3292 modo
399 3223 593 3292 audiendus
616 3230 691 3311 est;
718 3247 781 3293 nec
804 3224 880 3292 ulla
903 3224 995 3292 ratio
1026 3229 1089 3292 aut
1120 3224 1176 3292 sui
1199 3224 1330 3293 erroris

188 3339 213 3401 a
231 3333 275 3400 ab
296 3331 361 3400 ilie
383 3331 555 3421 exigenda
577 3339 642 3401 aut
657 3337 797 3400 nostrae
814 3331 978 3401 veritatis
994 3330 1051 3399 illi
1067 3338 1121 3401 est
1137 3331 1329 3401 exhibenda

188 3440 255 3532 {uia
276 3439 413 3510 scilicet
435 3439 517 3507 fidei
540 3438 730 3530 propositio
753 3445 807 3508 est
829 3438 1080 3524 clarissima)...
1107 3438 1328 3528 Insipientis-
1403 3509 1405 3512 .

188 3545 280 3617 inum
303 3549 395 3618 enim
418 3561 454 3616 et
476 3547 688 3616 infrunitum
711 3552 775 3632 est,
794 3554 935 3637 propter
959 3568 1235 3637 unumquemque
1260 3568 1328 3613 non

188 3656 429 3747 stelligentem,
456 3655 547 3747 quod
570 3678 677 3746 supra
699 3656 833 3723 firmam
857 3662 990 3745 petram
1016 3655 1224 3724 solidissime
1248 3654 1327 3722 fun-

188 3768 275 3831 atum
297 3767 364 3847 est,
379 3762 416 3829 in
430 3761 632 3830 nutantium
657 3762 897 3853 quaestionum
922 3783 1046 3831 vocare
1070 3760 1324 3829 dubietatem...

188 3867 248 3935 lon
270 3869 492 3949 Christianus
510 3893 576 3958 per
592 3868 696 3957 fidem
721 3867 814 3936 dedet
839 3868 884 3935 od
909 3869 1116 3936 intellectum
1133 3870 1325 3958 proficere,

189 3998 226 4043 on
240 4002 304 4068 per
327 3978 538 4045 intellectum
570 3976 615 4043 od
639 3976 743 4067 fldem
767 3975 944 4059 accedere,
971 3992 1032 4042 aot
1066 3980 1097 4043 ai
1130 3977 1328 4066 inteltipere

188 4104 226 4149 on
245 4086 365 4166 calet,
390 4109 413 4150 a
429 4083 502 4174 fide
524 4084 682 4151 recedere.
707 4084 774 4154 Sed
799 4108 874 4153 eum
906 4085 951 4153 ad
982 4084 1200 4156 intellectum
1231 4083 1328 4153 valet

188 4192 376 4285 congere,
404 4192 622 4280 delectatur;
648 4216 725 4261 cum
750 4215 832 4262 vero
855 4193 997 4286 nequit,
1016 4192 1106 4285 quod
1124 4214 1246 4283 capere
1259 4214 1326 4259 non

214 4336 368 4411 (licentra
390 4343 465 4396 hunc
487 4342 638 4395 Ansolmus
661 4342 779 4408 scripsit
796 4342 901 4394 librum
922 4340 955 4392 de
974 4339 1045 4392 rrae
1065 4339 1221 4393 Trinitatis
1245 4342 1273 4390 et
1292 4336 1326 4389 da

188 4437 301 4487 ranst
311 4432 411 4487 Verbi.
