3180 4944
817 308 855 321 -
876 275 937 339 323
959 306 997 321 ..

780 446 934 517 CAPUT
957 446 1025 513 III.

419 598 461 639 DE
481 598 568 640 MODO
585 597 705 640 NOSTRO
724 596 930 639 coscmnsm
948 594 1133 638 strenuam!
1152 592 1195 636 88·
1209 590 1384 635 ‘ruminum

536 687 598 730 1²th
616 684 863 728 nls'rmcnmxnu
882 684 1037 728 insonum
1057 682 1097 725 Ac
1116 683 1282 725 nanuum·

721 866 726 875 ·
774 840 917 900 THESIS
939 839 1026 900 XXI.

433 965 480 1026 De
500 966 676 1027 irleats'tote
696 968 781 1025 reali
801 973 831 1026 et
852 965 1064 1023 distinetione
1085 964 1122 1023 in
1136 961 1193 1021 SS.
1208 962 1369 1021 Trinitate

547 1083 605 1141 per
625 1066 871 1125 distinctionem
893 1066 1035 1125 obsoleti
1052 1081 1090 1125 ae
1111 1064 1256 1124 relativi.

373 1224 463 1275 «Una
482 1236 589 1275 summa
609 1238 655 1274 res
675 1236 747 1289 quae
760 1223 835 1275 Deus
855 1225 909 1287 est,
925 1221 1010 1273 simul
1024 1220 1112 1274 habet
1127 1223 1188 1272 tum
1201 1219 1341 1271 rationem
1353 1217 1452 1277 attenti.
1560 1284 1575 1307 ⁵

319 1333 331 1359 n
347 1310 421 1379 quod
441 1316 561 1366 estune
580 1313 707 1366 essentia
726 1312 846 1379 divina,
867 1316 926 1365 tum
946 1312 1086 1364 rationem
1104 1309 1289 1363 relativorum
1307 1306 1341 1361 ad
1352 1306 1452 1370 innan

318 1422 331 1447 n
347 1400 398 1468 qui
415 1402 534 1454 realiter
552 1402 631 1453 inter
651 1417 680 1454 se
701 1402 940 1467 distinguuntur;
962 1401 1137 1454 intrinsecae
1157 1400 1233 1452 enim
1246 1398 1392 1452 relationes
1401 1394 1454 1449 llvl·
1548 1384 1588 1450 ΞΕ

317 1504 398 1542 »nas
417 1493 478 1542 tum
497 1505 593 1544 omues
612 1496 673 1543 tum
692 1491 823 1555 singulae
843 1506 878 1543 ex
899 1489 1029 1542 doctrina
1046 1488 1113 1541 fidei
1132 1490 1202 1541 sunt
1220 1487 1339 1541 realiter
1354 1488 1408 1553 lpse
1422 1484 1453 1537 in-
1542 1490 1568 1525 ·:

317 1580 428 1633 „linita
448 1581 573 1633 essentia
592 1581 654 1634 Dei.
670 1581 865 1633 Nihilominus
884 1581 948 1647 ipsa
967 1580 1101 1647 mysterii
1119 1580 1251 1633 revelata
1272 1578 1453 1644 verimpnta
1550 1582 1588 1627 ’.ι’

317 1692 329 1717 n
346 1671 408 1736 lat,
429 1674 462 1724 ut
481 1672 606 1724 essentia
624 1676 652 1723 et
667 1671 770 1724 relatio
782 1671 891 1739 divina,
908 1669 1139 1737 quemadmodum
1154 1686 1170 1723 a
1183 1669 1268 1722 nobis
1282 1664 1456 1733 inaedaequstt
1567 1683 1584 1723 ι

317 1760 436 1812 aeolum
456 1760 565 1826 concipi
585 1764 726 1827 possunt,
752 1760 862 1814 ratione
882 1775 942 1813 oum
963 1758 1150 1813 fundamento
1168 1758 1199 1811 in
1220 1774 1249 1812 re
1269 1773 1301 1812 ac
1319 1752 1460 1811 urentur
1561 1782 1586 1795 »-

317 1868 329 1887 „
345 1846 500 1902 dlstinotae
519 1849 754 1913 intelligantur

379 2007 436 2075 Ad
461 2008 704 2098 explicandum
728 2014 929 2099 concept-uns
945 2007 1193 2076 distinctarum
1208 1998 1484 2097 personarum'ffl
1578 1991 1590 2078 i

313 2136 384 2185 una
400 2116 552 2183 essentia
568 2117 717 2207 primum
735 2116 1001 2185 fundamentum
1014 2116 1104 2184 unde
1122 2098 1499 2206 progredimurmobi*

312 2230 367 2292 est
381 2223 539 2292 definitio
551 2222 698 2293 Consilii
711 2225 831 2293 Later.
846 2223 910 2292 IV.
921 2222 1004 2313 Cap.
1021 2224 1243 2291 Domnamoe.
1263 2251 1280 2286 s
1293 2222 1370 2291 Una
1381 2218 1512 2313 (μηθ’

313 2331 393 2401 dam
415 2354 548 2400 summa
571 2356 627 2402 res
650 2340 715 2417 est,
742 2331 1101 2422 incomprehensibilis
1128 2330 1268 2424 quidem
1297 2336 1334 2399 et
1362 2322 1528 2399 inellr'

313 2437 407 2524 bilis,
427 2462 514 2531 quae
531 2440 704 2510 veraciter
719 2447 773 2509 est
789 2441 894 2508 Pater
909 2445 946 2508 et
960 2439 1077 2508 Filius
1093 2446 1130 2508 et
1147 2439 1304 2529 Spiritus
1321 2418 1558 2563 Sanetuff‘*⁴

310 2554 384 2617 tres
407 2546 513 2616 simul
536 2540 766 2639 personasse
790 2546 1001 2636 singillatim
1025 2546 1201 2639 quaelibet
1224 2545 1429 2633 earumdem
1443 2524 1569 2671 βα

310 2654 388 2725 ideo
410 2655 448 2725 in
470 2657 543 2725 Deo
567 2657 778 2725 solummodo
802 2655 961 2725 Trinitas
984 2661 1049 2740 est,
1067 2680 1136 2724 non
1152 2654 1384 2747 quaternitas,
1401 2652 1511 2745 quir
1531 2660 1551 2681 ⁴

311 2763 487 2854 quaelibet
510 2765 618 2832 trium
641 2786 867 2854 personarum
890 2768 945 2831 est
967 2762 1122 2847 illesas,
1144 2762 1312 2833 videlieet
1326 2763 1466 2832 substan
1479 2737 1576 2817 »ῤ’

308 2872 373 2957 tia,
393 2872 555 2956 essentia,
575 2896 636 2940 seu
653 2878 780 2941 natura
797 2871 931 2957 divina,
957 2894 1044 2963 quae
1067 2871 1142 2939 sola
1164 2878 1220 2942 est
1241 2844 1583 2940 universos-W

310 2981 564 3071 principium...
576 2980 624 3048 Et
641 2981 705 3049 illa
721 3005 776 3049 res
797 3004 865 3048 non
882 2986 936 3048 est
952 3002 1134 3068 generans,
1150 3004 1260 3072 neque
1276 2981 1410 3070 genite,
1423 2954 1587 3083 nevff

309 3087 508 3176 procedens,
536 3088 594 3156 sed
618 3095 671 3156 est
693 3089 798 3157 Pater
822 3088 884 3180 qui
908 3094 1066 3175 generat,
1092 3094 1128 3156 et
1149 3087 1268 3155 Filius
1290 3089 1354 3180 qui
1369 3069 1589 3179 gigniaefl'

309 3200 383 3280 tur,
409 3202 444 3265 et
468 3195 624 3285 Spiritus
649 3197 800 3265 Sanetus
817 3196 877 3287 qui
900 3196 1075 3287 procedit;
1096 3202 1137 3266 ut
1151 3195 1400 3267 distinctiones
1414 3197 1508 3267 sint*
1519 3183 1576 3243 θ

309 3302 346 3370 in
369 3305 524 3393 personis
548 3309 584 3372 et
607 3305 724 3373 unitas
747 3305 785 3372 in
808 3310 980 3373 naturae.

376 3411 571 3481 Secundum
601 3415 691 3482 hanc
718 3414 838 3505 itaque
869 3414 1104 3483 definitionem
1127 3418 1162 3500 c)
1186 3413 1311 3485 diviua
1334 3402 1588 3485 essentiaJ

307 3519 385 3609 ipsa
408 3520 553 3589 realiter
576 3526 630 3589 est
652 3522 756 3589 Pater
780 3527 816 3589 et
836 3520 954 3589 Filius
976 3526 1013 3589 et
1036 3520 1192 3611 Spiritus
1216 3520 1389 3607 Sanctus,
1414 3527 1499 3591 eree
1517 3510 1586 3567 θ’

308 3626 413 3696 simul
436 3626 601 3718 personae
624 3635 660 3697 et
683 3628 858 3720 quaelibet
872 3628 1080 3713 earumdem,
1100 3652 1161 3698 sen
1183 3628 1307 3699 divina
1333 3629 1522 3699 essentis
1541 3622 1583 3675 0⁸

307 3734 547 3805 identificatur
571 3761 648 3806 oum
671 3737 788 3806 tribus
812 3738 904 3807 iuter
928 3760 963 3806 se
987 3737 1165 3806 distinctis
1180 3737 1342 3827 personis
1357 3745 1395 3807 et
1407 3735 1581 3808 οιιῐί311

307 3864 425 3910 earum
450 3844 615 3933 singulis.
643 3847 676 3931 t)
701 3832 884 3927 Quatenus
907 3869 948 3914 ea
971 3868 1102 3914 summa
1125 3868 1182 3915 res
1208 3845 1410 3915 formaliter
1430 3826 1579 3948 οειέ.ι

306 3951 459 4019 essentia
482 3975 542 4020 seu
565 3959 695 4021 natura
718 3954 859 4037 divina,
886 3961 940 4023 est
962 3954 1098 4023 omnino
1126 3976 1197 4022 una
1219 3977 1288 4022 non
1312 3944 1526 4043 multipli
1554 3956 1577 4001 ¹·

307 4059 450 4144 nabilis,
477 4063 637 4152 quamvis
661 4064 778 4132 eadem
809 4063 1047 4133 identifioetur
1079 4087 1157 4132 oum
1187 4062 1306 4131 tribua
1329 4062 1424 4130 inter
1445 4060 1576 4127 69

307 4165 508 4254 distinctis,
543 4192 602 4237 seu
634 4176 696 4258 (ut
720 4170 790 4239 diei
819 4170 932 4256 solet)
965 4172 1015 4239 sit
1046 4169 1236 4239 communis
1258 4169 1376 4238 tribus
1399 4174 1575 4257 per‘J‘

307 4274 400 4341 sonis
424 4274 517 4344 inter
541 4298 577 4343 ss
600 4276 793 4346 distinctis.
819 4277 915 4366 Ergo
939 4278 1003 4346 hoo
1027 4279 1102 4366 ipso
1135 4275 1219 4368 quia
1242 4296 1314 4343 una
1336 4280 1392 4342 est
1412 4277 1574 4340 ofin

306 4380 614 4473 multiplicabilis,
650 4385 715 4453 snb
749 4383 815 4454 hac
853 4384 994 4453 formali
1028 4383 1164 4453 ratione
1202 4390 1353 4453 naturae
1386 4389 1574 4449 eom*
