3172 4950
692 357 732 374 -
753 325 813 390 191·
833 356 878 373 -

219 432 462 507 ethemiariani
485 434 544 506 usi
568 440 671 520 aunt,
701 440 743 504 ut
765 431 840 503 sino
857 431 1046 502 manifesta
1061 426 1276 500 eonfessione
1289 448 1372 499 suae

213 542 387 635 inpietatis
408 540 593 612 adferrem
614 539 770 635 aliquam
786 538 1064 622 exeusationem,
1084 559 1147 606 our
1162 534 1372 607 extermina·

210 658 268 722 tam
282 649 418 722 vellent
433 649 525 721 hano
539 657 708 720 tesseram
725 649 807 720 fidei
824 647 1030 719 oatholiose.
1044 646 1119 718 Hos
1135 647 1252 718 eodem
1268 667 1372 715 sensu

207 756 415 829 Athanasius
438 758 497 847 (ds
519 756 654 848 Synod.
668 781 704 828 ιι.
721 757 796 844 45.)
812 764 849 827 et
863 753 1021 825 Basilius
1039 760 1107 846 (ep.
1121 754 1177 825 52.
1193 777 1228 827 n.
1244 753 1296 840 2.)
1319 752 1371 823 in-

205 873 439 958 terpretantur
461 865 718 936 damnationem
742 865 839 936 voois
862 864 1025 952 ipsoram,
1044 885 1146 957 quem
1162 859 1372 933 Samiariani

204 972 369 1047 etdeinde
387 974 495 1044 etism
509 971 639 1042 Ariani
655 972 865 1043 obiioiebaut
882 974 1013 1043 fastam
1029 971 1067 1040 in
1082 976 1270 1041 memorato
1285 967 1371 1038 Con·

205 1080 278 1153 silio
298 1080 523 1152 Antiocheno
546 1087 670 1151 eontra
692 1080 841 1150 Paulum
872 1079 1147 1150 samosatenum.
1182 1075 1372 1168 Supposita

207 1189 331 1261 seilioet
346 1189 504 1261 veritate
520 1188 690 1260 historiae
706 1211 728 1258 s
745 1187 973 1259 semiarianis
991 1188 1142 1279 primum
1157 1185 1196 1254 in
1219 1184 1370 1256 medium

207 1296 398 1391 poduotae,
427 1297 542 1384 aiunt,
567 1319 636 1367 uon
658 1297 765 1367 aliter
782 1295 907 1368 Patres
929 1295 1167 1368 Antiochenos
1183 1291 1372 1391 oenseudos

208 1426 271 1479 etas
289 1428 439 1500 negasse
460 1406 594 1478 Filium
618 1407 768 1495 ὁμοουσιον
784 1406 898 1494 Patri,
916 1404 988 1475 nisi
1011 1403 1103 1497 quod
1119 1398 1300 1494 generatio
1317 1399 1368 1470 di·

212 1513 281 1585 u'na
300 1538 372 1585 non
395 1515 445 1585 sit
466 1538 529 1607 per
551 1515 758 1587 divisionem
781 1522 845 1586 aut
868 1513 1195 1606 multiplioationem
1210 1510 1370 1581 substan·

213 1622 279 1694 tite.
291 1623 336 1694 θ’.
350 1624 557 1695 Potuissent
582 1624 764 1711 haeretiei,
789 1625 851 1718 qui
873 1623 1060 1695 essentiam
1089 1619 1307 1711 singularem
1336 1623 1372 1686 st

215 1752 377 1822 mnam
397 1731 498 1802 nullo
521 1731 619 1803 modo
642 1732 922 1823 distinguebant,
940 1731 979 1800 in
994 1729 1060 1799 hoo
1082 1727 1252 1798 vocabulo
1268 1727 1371 1792 ὀυσιαν

217 1858 330 1909 muare
344 1861 410 1931 pro
426 1860 590 1931 persona,
607 1846 714 1933 atque
728 1838 782 1909 ita
797 1844 895 1927 (sane
911 1844 1035 1908 eontra
1050 1833 1371 1905 manifestissimam

217 1943 488 2036 ignitioationem
509 1946 674 2034 nominis)
689 1945 917 2037 interpretari
937 1944 1073 2015 Filium
1089 1942 1235 2030 ὁμοουσιον
1256 1941 1369 2029 Patri,

218 2055 285 2124 osi
296 2053 416 2124 Filius
437 2076 517 2125 oum
539 2055 645 2125 Patre
668 2077 738 2125 uns
759 2075 906 2146 persona
929 2053 1117 2140 diceretur,
1136 2073 1240 2145 quam
1259 2049 1370 2142 signi·

218 2158 391 2234 tentionem
401 2160 626 2255 Epiphanius
650 2166 833 2253 (Auoorat.
848 2185 883 2231 n.
900 2162 940 2250 ὃς
960 2161 1104 2232 Haeres.
1124 2160 1179 2230 76.
1193 2182 1230 2229 ιι.
1241 2158 1293 2245 7.)
1308 2180 1371 2249 pu·

221 2270 296 2340 tavit
314 2270 459 2341 subesse
485 2293 585 2363 posse
608 2271 752 2343 vocibus
775 2294 927 2345 evomeres
944 2278 1181 2342 οιταυτοουσιος
1204 2267 1268 2355 (1).
1295 2265 1370 2335 Iam

219 2372 409 2447 haniarimi
432 2376 513 2464 illi,
538 2377 600 2470 qui
623 2399 665 2448 ex
688 2400 755 2448 sua
784 2378 926 2470 Synodo
956 2377 1150 2469 Anoyrsua
1182 2396 1272 2444 anno
1303 2371 1370 2441 858

219 2485 389 2556 arihmm
411 2485 457 2556 ad
478 2482 668 2579 Episoopoa
692 2485 814 2557 Sirmii
837 2492 1068 2578 oongregatos
1090 2483 1196 2576 primi
1219 2479 1371 2552 mentio-

217 2610 274 2662 nem
294 2593 423 2665 fecisse
444 2595 671 2686 reperiuntur
692 2596 877 2666 damnatas
901 2582 1188 2680 voeis‘esoovroe,
1220 2594 1371 2659 narrant
1389 2642 1409 2677 ·.

218 2700 304 2792 (apud
326 2700 510 2771 Hilarium
531 2702 575 2774 de
598 2703 732 2793 Synod.
746 2726 781 2773 n.
796 2703 883 2791 81.),
901 2703 966 2772 hoo
981 2698 1169 2794 posteriori
1185 2719 1288 2767 sensu
1310 2717 1370 2766 vo·

216 2806 358 2878 ahulum
379 2830 404 2878 a
426 2808 653 2881 Samosateno
675 2817 884 2903 usurpatum
900 2816 938 2881 et
952 2810 1031 2880 ideo
1046 2831 1068 2878 a
1082 2805 1250 2876 Patribus
1264 2802 1370 2874 reieo·

176 2954 178 2999 ξ
215 2912 272 2983 tan
289 2915 416 3003 tuisse,
434 2917 545 3010 aquia
565 2939 628 3009 per
642 2916 734 2987 hano
755 2916 862 2987 unius
883 2916 1054 2987 essentiae
1076 2911 1370 3005 nunoupationem

176 3008 180 3133 ἱ
214 3018 393 3094 solitarium
415 3031 522 3118 atque
543 3025 686 3094 unioum
709 3028 828 3113 (unam
844 3029 1040 3116 personam)
1056 3022 1124 3094 sibi
1139 3044 1213 3093 esse
1224 3019 1371 3092 Patrem

176 3138 195 3163 ¹·
214 3128 385 3202 'eth’ilium
400 3131 627 3224 praudioabat
642 3159 673 3202 r.
691 3131 822 3223 Igitur,
841 3133 872 3203 si
888 3132 1040 3202 historia
1054 3127 1288 3213 damnationis
1302 3149 1371 3196 non

215 3243 255 3307 at
269 3238 443 3323 sandeta,
467 3239 560 3311 illud
576 3239 699 3312 saltem
717 3249 866 3328 constat,
885 3249 1007 3313 eontra
1023 3240 1286 3312 Samosatenum
1301 3257 1371 3305 non

176 3338 179 3447 ξ
215 3340 495 3442 &appellatione
517 3347 666 3436 ὶμωυσισς
688 3349 726 3419 in
748 3371 814 3420 sua
840 3351 982 3443 propria
1004 3346 1284 3441 significatione,
1309 3344 1370 3433 aed

176 3470 178 3475 ·
215 3449 364 3527 banau
386 3454 523 3528 detorto
546 3457 643 3528 voois
665 3480 855 3528 sermonem
878 3458 1011 3543 fuisso,
1037 3456 1200 3548 huncque
1214 3459 1370 3523 tautum·

176 3586 181 3659 ι
216 3561 294 3634 eodo
315 3588 457 3636 musam
479 3566 725 3658 prosoriptum.
742 3565 833 3636 Nam
856 3566 894 3648 in
917 3588 1022 3636 sensu
1045 3563 1197 3655 genuino
1221 3561 1369 3633 voeabu-

176 3664 181 3675 ’
217 3662 272 3747 hu
290 3674 361 3744 iam
384 3673 490 3767 paulo
512 3683 595 3745 ante
617 3676 683 3747 hoo
704 3675 898 3746 Consilium
920 3673 1178 3746 Antioohenum
1200 3671 1370 3760 aDiony·

218 3774 256 3845 rio
271 3778 425 3850 somno
447 3780 616 3852 Pontihos
638 3783 743 3853 stab
764 3781 1027 3852 aoousatoribus
1051 3778 1266 3871 cognominis
1287 3774 1370 3847 Ale·

218 3887 362 3958 mdrini
384 3897 423 3959 et
443 3889 488 3958 ab
510 3890 585 3982 ipso
606 3889 849 3961 Alexandrino
865 3891 1003 3983 quinat
1018 3890 1062 3960 ab
1077 3888 1184 3958 huius
1200 3887 1371 3977 magistro

176 4048 178 4057 .
219 3986 347 4086 ffigsne
368 4004 579 4088 usurpatum
602 4006 702 4084 erat,
727 4021 769 4068 eo
795 3997 901 4089 paulo
923 4009 1003 4090 post
1025 4020 1149 4067 versus
1172 3995 1275 4067 flnem
1298 3992 1369 4064 111.

219 4103 329 4175 aeoli
349 4113 528 4199 umquam
551 4106 621 4175 iam
644 4113 747 4177 ratus
768 4113 805 4177 et
831 4107 1021 4178 eommunis
1044 4106 1215 4175 terminus
1238 4102 1370 4173 theolo·

212 4205 300 4295 'dous
320 4211 511 4285 admissum
533 4221 571 4284 et
591 4213 772 4284 defensum
788 4235 810 4283 a
827 4215 865 4284 S.
876 4210 1060 4306 Pamphilo
1075 4221 1233 4304 martyre
1249 4208 1369 4301 (Apol.

266 4350 309 4433 (1)
323 4356 505 4414 Athanasius
520 4357 554 4413 tn
572 4358 679 4430 Expoa.
690 4357 757 4415 Adai
767 4372 796 4414 n.
808 4360 835 4414 8.
846 4358 892 4432 (Τ.
904 4360 928 4415 1.
940 4376 968 4428 p.
985 4355 1049 4430 100)
1061 4359 1113 4428 att,
1128 4357 1309 4414 Sabelltauos
1324 4351 1368 4431 dl·¹

214 4439 277 4503 Ab
289 4446 401 4504 'iliu
414 4460 479 4503 a!
495 4447 582 4505 Petra
600 4468 755 4523 perseeutor
775 4452 807 4506 et
824 4462 882 4504 uon
901 4448 1054 4521 e'poeoms.
1154 4482 1157 4487 -
1215 4490 1220 4501 .
1278 4484 1280 4489 .
