3172 4950
733 360 770 374 ..
796 330 833 389 13
853 361 891 374 -

223 438 345 528 primis
368 438 563 529 quaeritur,
589 437 672 528 quid
690 436 828 527 proprie
851 436 1028 526 significet
1051 433 1141 503 illud
1163 433 1339 523 baptizari
1362 462 1364 469 ·

222 548 365 612 tremine.
391 545 513 613 Potest
534 550 571 613 ct
592 545 693 613 debet
717 543 868 634 spectari
892 544 929 610 in
953 541 1123 632 baptismo
1147 539 1275 630 duplex
1300 540 1364 610 ord

222 654 285 721 Dei
308 652 353 721 ad
377 652 532 722 homines
554 659 590 721 et
614 651 789 720 hominum
814 651 858 720 ud
882 652 1003 719 Deum.
1030 650 1146 718 Priori
1175 649 1213 716 in
1244 648 1365 718 consid

222 761 357 829 ratione
380 762 475 828 Deus
498 758 717 848 intelligitur
750 782 810 849 per
834 759 1044 848 baptismum
1074 780 1136 825 nos
1165 777 1364 845 regenerare

222 867 386 935 mundare
409 887 430 932 a
453 865 628 955 peccatis,
654 874 690 934 et
707 886 771 932 sua
787 864 906 953 gratie
922 863 1155 932 sanctificare:
1176 862 1323 930 «salvos
1337 886 1364 930 n

220 975 306 1044 lecit
327 998 389 1063 per
411 973 592 1042 lavacrum
616 973 892 1061 regenerationis
922 979 958 1040 et
979 970 1217 1040 renovationis
1239 970 1364 1059 spiriu

220 1080 354 1164 Sancti,
380 1103 480 1170 quem
502 1078 629 1147 effudit
652 1080 689 1146 in
719 1102 781 1146 nos
813 1079 949 1146 abunde
979 1101 1041 1168 per
1071 1078 1187 1145 Iesum
1216 1077 1364 1146 Christu

221 1187 440 1257 Salvatorem
464 1193 640 1270 nostrum,
668 1193 709 1254 ut
742 1185 930 1253 iustificati
962 1183 1082 1273 gratia
1111 1183 1224 1272 ipsius
1253 1182 1364 1252 hered·

221 1296 331 1365 simus
355 1295 541 1364 seeundum
565 1317 659 1384 spem
683 1293 778 1363 vitae
801 1300 963 1362 aeternae
977 1319 993 1353 n
1011 1291 1086 1360 Tit.
1100 1290 1169 1358 III.
1184 1292 1217 1357 ὃ.
1232 1290 1308 1358 Hoc
1324 1291 1364 1380 ip

222 1426 282 1493 per
304 1403 514 1494 baptismum
537 1423 777 1471 consecramur
799 1407 835 1471 et
858 1402 1069 1470 devovemur
1089 1400 1161 1467 Deo
1176 1398 1276 1489 eique
1300 1398 1364 1467 add

221 1513 334 1581 cimur
357 1518 398 1580 ut
421 1511 554 1579 obiecto
578 1510 683 1595 fidei,
702 1510 798 1599 spei,
817 1508 1006 1577 charitatis
1020 1514 1056 1575 et
1072 1505 1265 1596 generatim
1281 1505 1364 1575 divi

221 1617 340 1687 cultus
363 1616 667 1707 supernaturalis,
693 1616 755 1707 qui
777 1621 832 1685 est
847 1617 930 1684 ordo
946 1613 1096 1682 hominis
1111 1613 1156 1682 ad
1172 1613 1305 1681 Deum:
1326 1635 1364 1679 au

221 1724 319 1793 illam
343 1725 566 1811 (Ecclesiam)
591 1724 829 1793 sanctificaret
857 1725 1029 1794 mundans
1057 1723 1200 1792 lavacro
1223 1742 1337 1811 equae
1359 1720 1364 1787 1'

223 1833 326 1899 verbo
350 1831 469 1915 vitae,
494 1839 536 1899 ut
558 1829 739 1899 exhiberet
763 1832 834 1917 ipse
856 1832 925 1897 eibi
951 1827 1055 1916 (aures
1074 1827 1180 1919 ἐαυτῳ)
1206 1831 1364 1920 gloriosa

220 1937 411 2007 Ecclesiam
424 1964 440 1997 n
456 1944 523 2007 eto.
537 1937 629 2029 Eph.
644 1938 688 2008 V.
703 1938 820 2024 2627,
839 1968 855 2002 a
870 1939 1064 2029 consepulti
1080 1941 1170 2007 enim
1182 1962 1302 2008 sumus
1318 1961 1363 2006 ou

221 2044 283 2113 illo
306 2066 366 2133 per
381 2044 589 2134 baptismum
614 2045 651 2111 in
674 2051 817 2113 mortem
847 2051 945 2114 ete...
972 2047 1024 2115 ita
1054 2053 1091 2115 et
1114 2070 1176 2115 vos
1197 2047 1364 2116 existima·

222 2174 283 2219 vos
298 2158 452 2219 mortuos
468 2150 606 2241 quidem
621 2174 695 2221 esse
712 2161 853 2242 peceato
868 2157 1016 2221 viventes
1031 2170 1142 2221 autem
1158 2154 1227 2221 Deo
1244 2155 1282 2222 in
1294 2154 1364 2224 Chr

220 2268 275 2327 sto
297 2260 378 2327 Iesu
400 2259 547 2327 Domino
571 2266 720 2329 nostroe
746 2262 845 2329 Rom.
860 2261 1021 2350 vua-13,
1050 2292 1067 2325 a
1080 2285 1197 2331 omnes
1219 2262 1311 2330 enim
1327 2263 1364 2331 fil

220 2368 285 2435 Dei
307 2368 392 2436 estis
415 2367 620 2457 perfidem,
646 2390 734 2460 quae
757 2376 811 2437 est
834 2369 871 2436 in
893 2369 1035 2438 Christo
1057 2371 1161 2456 Iesu,
1187 2371 1364 2462 quicumqu

219 2476 310 2545 enim
334 2476 372 2543 in
397 2474 538 2543 Christo
557 2469 610 2563 (ἐι-ς
627 2473 762 2567 gereres)
784 2479 953 2568 baptizati
968 2479 1066 2563 estis,
1084 2478 1263 2547 Christum
1279 2479 1364 2548 indu

219 2584 327 2651 stis...
346 2604 461 2649 omnes
484 2604 547 2650 vos
573 2605 679 2651 unum
702 2583 789 2651 estis
812 2584 850 2651 in
873 2582 1014 2654 Christo
1037 2584 1130 2654 Iesu.
1149 2583 1189 2653 Si
1204 2590 1323 2653 autem
1338 2612 1364 2652 v·

220 2690 366 2770 Christi,
391 2710 515 2778 ergo...
536 2690 723 2759 secuudum
746 2690 1006 2780 promissionem
1030 2692 1172 2761 heredes
1189 2716 1228 2777 η
1257 2721 1274 2755 ιι
1287 2715 1363 2762 unu

219 2798 364 2889 quisque
388 2806 544 2865 vestrum
568 2797 669 2867 dicit:
691 2821 749 2886 epo
775 2796 911 2890 quidem
933 2823 1006 2865 sum
1029 2801 1158 2882 Pauli,
1191 2823 1249 2889 ego
1281 2814 1364 2866 aute

220 2905 389 2993 Apelle...
408 2904 578 2995 nrcmquid
604 2903 737 2973 Paulus
754 2908 935 2995 crucifixus
951 2922 999 2974 eet
1009 2930 1076 2996 pro
1093 2908 1186 2974 vodis
1202 2920 1263 2971 aeut
1279 2909 1318 2971 in
1336 2933 1364 2972 n.

222 3015 308 3077 mine
325 3012 434 3079 Pauli
459 3007 514 3097 (ἐις
532 3035 564 3074 re
582 3007 673 3096 besua
691 3008 828 3099 ssavum)
850 3016 1020 3103 baptizoti
1036 3016 1172 3082 satiei...
1187 3035 1230 3082 ns
1246 3014 1327 3106 quis
1343 3014 1364 3083 d

220 3126 288 3203 eat,
307 3119 397 3210 quod
416 3120 451 3186 in
476 3120 612 3188 nomine
636 3144 709 3191 meo
735 3114 788 3209 (ἐις
803 3144 835 3185 τε
854 3117 921 3207 ἔμεν
939 3117 1039 3208 crepa)
1067 3121 1238 3211 baptizati
1260 3122 1361 3192 estis.

219 3225 313 3309 Quid
336 3226 450 3314 igitur
474 3234 529 3295 eet
552 3228 692 3317 Apollo,
719 3229 802 3321 quid
827 3253 909 3299 vero
932 3229 1088 3298 Paulus?
1110 3228 1267 3297 llinistri
1290 3230 1364 3300 eius

219 3333 276 3403 oui
300 3331 541 3402 credidistis...
559 3334 666 3405 Nemo
682 3336 801 3428 itaque
816 3337 989 3426 glorietur
1003 3338 1039 3404 in
1057 3335 1263 3425 hominibus3
1278 3340 1364 3407 omn*

217 3440 309 3510 enim
333 3447 451 3509 vestra
474 3449 582 3527 suut,
609 3444 686 3512 sive
709 3445 841 3513 Paulus
864 3446 940 3514 sive
954 3444 1124 3535 Apollo...
1143 3445 1258 3513 omnia
1273 3452 1364 3516 vestr

219 3554 313 3633 sunt,
331 3564 514 3615 vosautem
530 3550 676 3633 Christi,
695 3552 853 3621 Christus
868 3568 978 3620 aretem
994 3553 1062 3620 Dei
1071 3580 1086 3615 n
1106 3554 1138 3621 l.
1150 3552 1315 3622 Cor.1.12
1324 3578 1365 3648 sq

222 3658 287 3726 lII.
306 3658 348 3725 21
366 3681 417 3749 sq.
432 3658 486 3725 Ex
510 3658 567 3727 his
589 3667 687 3750 patet
716 3669 787 3729 tum
819 3662 1005 3731 secundum
1032 3662 1182 3753 priorem
1211 3683 1315 3754 quam
1343 3688 1364 3732 s

219 3765 368 3836 eundum
391 3768 614 3854 posteriorem
638 3768 958 3855 considerationem,
982 3792 1051 3839 non
1073 3793 1172 3862 posse
1188 3793 1364 3863 quemque:

219 3872 294 3940 siue
310 3870 512 3940 idololatria
535 3872 707 3962 baptismo
730 3873 866 3944 Christi
889 3878 1084 3945 consecrari
1106 3876 1177 3945 nisi
1201 3880 1237 3943 in
1259 3882 1364 3944 nomio

218 3984 282 4047 aut
305 3982 344 4045 in
366 4004 484 4046 nomen
506 3980 594 4065 eius,
621 3982 682 4073 qui
705 4005 810 4052 verus
833 3991 888 4052 est
902 3984 1009 4052 Deus.
1023 3984 1144 4077 Neque
1158 3984 1250 4053 enim
1266 3991 1364 4054 sanet

219 4086 364 4155 ficemur
385 4086 456 4155 uisi
478 4108 500 4153 e
522 4087 617 4173 Deo,
643 4112 752 4182 neque
775 4092 986 4160 devovemur
1007 4098 1045 4161 et
1069 4093 1308 4163 consecramur
1324 4094 1364 4163 ni

218 4192 301 4261 Deo.
318 4190 379 4261 Ex
399 4193 477 4284 ipsa
499 4194 615 4286 igitur
630 4199 765 4267 ratione
790 4200 1060 4270 consecrationis
1075 4202 1112 4270 in
1129 4201 1299 4293 baptismo
1315 4224 1364 4272 eor

218 4298 386 4386 cluditur,
411 4300 551 4370 Patrem
575 4309 612 4372 et
633 4303 766 4373 Filium
789 4311 825 4375 et
847 4305 1020 4397 Spiritum
1045 4308 1212 4380 Sanctum
1236 4314 1309 4378 tres
1332 4308 1364 4379 di

218 4408 385 4494 stinotos,
410 4410 617 4500 inquorum
640 4413 776 4482 nomine
798 4416 922 4483 autin
946 4440 1092 4508 quorum
1122 4440 1245 4488 nomen
1275 4440 1364 4489 omn<
