3172 4950
213 441 315 533 lupis
330 441 484 533 opuscul.
498 464 533 534 p.
550 442 648 529 145).
675 440 733 511 Ad
750 338 856 535 (ditem
880 440 992 512 locum
1015 440 1212 512 Cassiodori
1236 443 1360 513 merito

212 548 350 619 iiaffeius
370 550 529 621 adnotet:
558 550 758 620 «discimus
786 551 885 619 modo
907 574 950 620 ex
974 555 1116 621 auctore
1138 556 1269 635 nostro,
1283 551 1359 620 Ro·
1435 604 1439 609 .
1468 590 1475 601 ·

212 678 309 726 nanos
328 680 461 751 quoquc
483 656 638 727 melioris
665 664 767 728 notae
790 679 830 727 ac
854 657 1065 727 vetustiores
1095 656 1204 727 libros
1226 657 1278 726 ita
1300 657 1359 726 lo-

212 772 317 857 quutus
330 766 450 853 iuissc;
477 790 555 837 cum
575 767 781 836 anim-tanto
797 766 914 835 studio
929 764 1107 835 monachis
1122 766 1196 835 suis
1212 764 1249 834 in
1264 766 1356 836 Inst.
1378 850 1382 857 ἱ

212 874 270 943 dir.
281 873 355 944 leot.
372 874 563 966 praecepit,
582 880 622 943 ut
645 874 958 964 praestantissimis
970 877 1007 943 et
1019 873 1138 963 graeci
1162 873 1267 943 stiam
1283 881 1359 944 tex·

212 987 259 1052 tus
275 980 450 1052 collatione
473 981 637 1073 purgatis
660 981 836 1052 codicibus
867 988 1070 1067 uterentur,
1097 987 1203 1073 utque
1227 980 1263 1050 in
1286 1003 1357 1049 sm·

213 1089 305 1181 tignis
324 1090 411 1160 locis
432 1084 661 1160 duorum'vel
684 1090 790 1160 trium
814 1091 1007 1182 priscorum
1033 1089 1358 1183 emendatorumque

213 1196 341 1268 codicum
361 1198 556 1268 auctoritas
571 1197 820 1291 inquireretur,
839 1191 953 1291 ipsum
968 1200 1005 1267 in
1023 1197 1145 1290 primis
1158 1198 1247 1268 idem
1259 1221 1357 1289 prae·

212 1305 320 1376 stitisse
341 1309 420 1401 quis
444 1309 646 1399 ambigatis
673 1307 763 1378 Vide
785 1308 837 1377 ibi
871 1306 1019 1400 reliqua.
1045 1308 1123 1375 Huc
1154 1307 1259 1376 etiam
1283 1330 1358 1397 per·
1465 1260 1472 1270 ·
1553 1258 1556 1265 Ι

212 1413 282 1483 tinet
299 1415 403 1486 codex
425 1416 594 1488 Curensis
608 1440 629 1485 a
644 1418 747 1488 Card.
761 1416 834 1486 Mai
856 1415 1058 1486 adtributus
1082 1415 1164 1485 VII.
1181 1413 1239 1485 vol
1254 1407 1357 1485 VIII.
1450 1406 1456 1417 ’

213 1520 335 1605 seculo,
351 1527 388 1592 ct
402 1524 608 1593 Ambrosius
622 1524 821 1594 Ansbsrtus
837 1522 947 1592 medio
963 1544 1053 1591 saec.
1071 1521 1174 1606 vm.
1193 1521 1231 1590 in
1246 1522 1356 1612 Apoo.

213 1625 233 1695 l.
245 1626 269 1697 1.
289 1629 402 1716 (Bibl.
420 1630 514 1700 Itur.
531 1631 572 1702 Τ.
592 1632 696 1701 XIII.
715 1656 749 1723 p.
767 1632 835 1702 415
848 1637 873 1718 ),
899 1630 936 1699 in
960 1652 1026 1721 quo
1061 1635 1209 1722 utroque
1240 1652 1356 1699 monu-

214 1742 302 1806 nouto
322 1738 452 1808 comma
473 1744 632 1809 nostrum
655 1745 785 1809 exstat.
873 1794 876 1799 .
897 1820 907 1837 ¹

149 1864 152 1869 ·
263 1842 297 1912 In
316 1844 474 1917 Ecclesia
496 1846 615 1941 itaque
638 1846 828 1919 occidentis
851 1847 945 1917 sicut
960 1845 1041 1916 inde
1056 1867 1078 1913 e
1093 1864 1182 1916 saec:
1197 1845 1252 1914 IX
1269 1868 1355 1915 com-

215 1972 321 2021 nmem
343 1952 455 2023 fuisse
477 1959 616 2024 constat
638 1961 674 2024 et
696 1953 872 2045 publicum
895 1976 996 2024 usum
1034 1952 1140 2023 huius
1162 1952 1355 2023 testimonii
1434 2004 1437 2009 -

215 2061 358 2150 tanquam
396 2059 581 2130 canonicae
616 2060 842 2151 Scripturas,
880 2061 931 2130 ita
962 2061 1036 2152 eius
1059 2060 1355 2131 derivationemu

215 2164 309 2252 prinis
328 2167 411 2237 fidei
431 2168 646 2259 temporibus
670 2174 706 2238 et
728 2167 910 2238 lectionem
933 2168 971 2238 in
995 2173 1110 2239 vetere
1142 2168 1255 2239 latina
1277 2192 1353 2239 ver·

215 2268 285 2343 donc
304 2275 464 2367 positivis
486 2275 701 2346 documentis
724 2300 907 2368 possumus
930 2277 1109 2347 ostendere
1133 2277 1196 2365 (1),
1221 2284 1262 2348 nt
1278 2301 1354 2348 ver·

183 2633 185 2637 .
214 2576 308 2633 susus
327 2594 383 2634 uon
403 2579 540 2635 habuisse
554 2578 664 2634 codices
677 2596 808 2647 graecos,
831 2581 885 2634 ille
898 2595 998 2646 msguo
1016 2581 1170 2649 supercilio
1190 2582 1352 2651 respoudlt‚

215 2682 278 2721 unou
296 2674 409 2738 putasse
431 2686 461 2723 se
484 2686 650 2738 quemquam
673 2666 834 2736 'theologias
859 2672 980 2725 tironem
1000 2673 1151 2740 ignorare,
1172 2674 1272 2725 Patres
1292 2673 1354 2726 lati-

214 2769 251 2807 nos
258 2764 362 2826 excepto
370 2759 546 2825 Hieronymo
559 2774 658 2825 graece
671 2759 831 2813 nescientes
846 2760 889 2813 uti
903 2775 957 2813 non
972 2761 1099 2826 potuisse
1118 2759 1261 2813 codicibus
1276 2775 1354 2825 gras·

213 2844 261 2897 ds·
273 2848 320 2901 lc.
331 2853 401 2903 sect.
412 2850 440 2902 3.
451 2850 564 2915 Ergone
584 2849 665 2903 homo
681 2851 799 2904 criticus
819 2850 982 2916 ignorarit,
1003 2852 1103 2902 Patres
1123 2849 1231 2903 latinos
1251 2851 1354 2917 pleros·

213 2947 266 2999 (με,
286 2941 331 3005 qni
359 2941 452 2992 testes
474 2954 525 3007 pro
551 2939 602 2992 hoc
621 2942 755 2993 commate
777 2940 923 3006 citantur,
946 2940 1051 3007 optimc
1073 2941 1208 2994 calluisse
1226 2941 1354 3007 lingum

213 3036 327 3093 Μ,
342 3028 574 3096 Tertullianum,
598 3030 792 3097 prriauum,
813 3029 963 3098 vigilium,
981 3030 1185 3097 dirigentium,
1207 3030 1354 3085 Cassiodo·
1449 3028 1452 3033 ’

212 3116 457 3173 naulochum
466 3120 619 3186 Hilarium,
636 3119 815 3173 Ambrosium
823 3122 876 3173 etc.
891 3121 941 3187 qni
952 3120 1060 3174 dixerit
1071 3136 1169 3185 graece
1184 3121 1351 3189 resolvisse,

212 3214 283 3258 arun
295 3208 382 3262 libros
397 3209 590 3276 cumscriptio
613 3210 731 3263 Petrum
752 3224 915 3275 graccorum
934 3211 1078 3278 origenis,
1091 3210 1195 3264 Basilii
1208 3214 1263 3264 etc.
1276 3227 1353 3265 num-

214 3298 467 3366 luucompsrarlt.

261 3382 298 3455 (1)
305 3387 434 3453 Quantae
450 3387 633 3441 auctoritatls
647 3389 768 3455 antiqua
779 3374 875 3442 versio'
888 3390 982 3442 latina
995 3388 1095 3443 haberi
1109 3366 1256 3444 dabrath
1269 3390 1355 3444 stabi·

213 3465 307 3527 liendsn
313 3475 465 3541 genuinum
476 3476 625 3545 lectionem
636 3476 723 3529 etlam
736 3479 874 3543 spectatis
885 3479 955 3530 solis
967 3477 1130 3531 rationibus
1140 3479 1259 3546 criticis,
1269 3479 1354 3533 intol-

213 3556 250 3624 liti
263 3568 351 3630 potest
377 3579 411 3617 ex
435 3566 556 3618 solemni
585 3567 794 3632 protestatione
816 3567 1024 3621 Tischendortli
1046 3567 1170 3621 hominis
1191 3570 1354 3622 Protestau·

212 3644 246 3713 iil,
263 3653 305 3719 qui
323 3654 354 3706 ln
374 3652 485 3707 studiis
505 3654 616 3708 criticis
636 3656 794 3720 consenuit,
809 3655 905 3722 iisqne
919 3655 990 3709 solis
1010 3658 1101 3709 totum
1115 3655 1208 3710 delert
1228 3657 1355 3724 seposita
1452 3646 1455 3651 ’

212 3740 266 3793 nul
276 3744 442 3798 enctorItats
456 3759 546 3798 sacra.
563 3764 576 3792 a
588 3744 802 3812 Antiquissima
815 3749 912 3798 textus
924 3745 997 3798 socri
1009 3745 1141 3813 historia,
1157 3747 1209 3812 alt,
1220 3750 1250 3799 et
1261 3747 1354 3814 ipsum

212 3827 309 3886 osum
328 3833 501 3887 restituendi
514 3833 748 3903 antiquissimam
768 3835 829 3888 cius
852 3836 1021 3902 scripturam
1043 3837 1163 3889 anullis
1179 3836 1353 3891 testimoniis

212 3918 277 3983 ¹⁵82!
291 3922 403 3989 pendet,
425 3938 509 3990 qnam
528 3924 709 3977 creterrimo
727 3924 819 3977 latino
839 3925 1007 3991 iuterprete;
1029 3926 1079 3991 qul
1100 3940 1161 3977 curn
1181 3925 1212 3978 lu
1231 3924 1352 3978 medium
1456 3978 1462 3987 ,

211 4000 253 4059 itit
269 4014 406 4067 saeculum
426 4014 466 4066 11.
487 4011 616 4079 incidat,
647 4013 792 4067 codlclbus
814 4014 875 4067 cius
904 4014 952 4067 ΙΨ
973 4016 1002 4068 et
1022 4015 1064 4068 qr,
1078 4016 1184 4069 saeculi
1211 4015 1245 4069 ab
1265 4016 1353 4069 iuter-

211 4101 269 4159 ints
283 4102 400 4171 Ireneel,
424 4104 615 4171 TertullIano,
636 4104 779 4173 cyprum
799 4105 887 4159 toties
906 4107 1105 4172 comprobatis,
1122 4105 1353 4173 quotiescumque

211 4196 298 4246 limos
314 4176 403 4247 test'es
422 4209 525 4261 sosque
545 4194 763 4263 antanissimos
783 4186 939 4261 coufirmat,
951 4210 1007 4248 non
1027 4195 1143 4249 dubium
1164 4200 1217 4262 est,
1228 4198 1297 4264 quin
1312 4213 1354 4251 se·
1427 4266 1431 4271 Ι
1456 4194 1460 4200 ’

210 4276 272 4331 eruli
287 4284 389 4337 saculi
409 4284 495 4337 lectio
512 4284 633 4336 invente
655 4284 713 4348 sit,
736 4283 850 4337 etiarnsi
869 4283 1019 4339 discedent
1038 4285 1170 4353 plerique
1190 4286 1236 4338 rel
1258 4300 1354 4339 ornnes

211 4364 291 4435 lidori
306 4374 404 4427 testes.
416 4374 476 4428 Hoc
494 4378 559 4442 post
581 4375 691 4428 somnis
711 4389 814 4440 eornm,
831 4376 881 4442 qui
901 4376 1116 4429 consensionem
1139 4376 1353 4442 antiquissimo·

210 4463 255 4509 Μ
269 4473 423 4526 macomus
441 4462 567 4519 codicum
586 4478 648 4520 cum
668 4462 771 4518 lsttnis
792 4468 951 4534 suspectam
974 4464 1181 4532 reddiderunt,
1202 4479 1282 4531 neno
1302 4464 1354 4520 hac
