3172 4950
648 298 687 315 ..
709 267 769 328 483
790 298 829 315 ..

188 372 532 465 crtutArchiepisoopi
546 371 803 462 Mitylenensid,
822 395 914 442 unus
926 373 1132 443 Latinorum
1142 373 1324 461 (Constan-

188 480 304 573 tinopoli
327 480 413 552 olim
439 480 644 550 advectusa
666 478 770 549 Card.
792 480 962 566 Cosano),
989 505 1081 550 nnus
1103 481 1325 572 imperatoris

188 588 380 673 bonorum,
407 586 556 657 ultimus
575 587 814 657 Patriarchae.
834 590 877 656 ln
894 588 1047 681 quinque
1064 590 1240 679 prioribus
1258 589 1326 659 lec·

188 695 219 765 tio
235 695 391 765 exstabat
411 694 553 783 integra
567 744 588 778 ,,
601 686 642 762 ut
664 715 738 762 eam
761 693 993 763 defendebant
1007 693 1192 791 Catholici,
1213 695 1251 762 in
1268 695 1324 763 ul·

188 803 246 871 lino
264 802 376 871 solum
399 807 435 870 et
457 800 595 892 quidem
617 800 793 871 recentius
816 801 947 892 scripto
970 808 1047 870 erat
1068 801 1173 870 lectio
1196 801 1322 888 altera,

188 930 249 1003 puae
267 908 510 1001 praeplacebat
528 908 646 977 Marco
668 908 831 998 Ephesio.
859 908 949 977 Tum
971 930 1074 993 vero,
1100 908 1220 998 pergit
1243 910 1326 978 Bes·

188 1017 287 1102 adon,
309 1022 482 1107 «peracta
505 1022 727 1085 sacrosancta
750 1016 883 1105 synodo
905 1022 984 1105 post
998 1016 1151 1085 reditum
1167 1022 1328 1085 nostrum

188 1121 495 1214 Constantinopolim
510 1145 588 1191 cum
600 1145 778 1192 sacrorum
790 1122 933 1192 illorum
949 1123 1236 1192 monasteriorum
1253 1125 1327 1193 fere

188 1251 277 1300 onnes
302 1230 437 1300 codices
467 1231 665 1298 examinare
693 1230 920 1315 statuissem,
947 1251 1179 1322 quoscumque
1210 1252 1327 1299 recen·

188 1334 270 1406 tiores
288 1343 422 1428 etpost
441 1357 602 1426 magnam
626 1334 725 1403 illam
748 1337 1022 1406 controversiam
1053 1341 1154 1425 (post
1177 1335 1329 1405 schisma

189 1444 416 1530 ominatum)
441 1443 591 1534 scriptos
620 1443 757 1534 reperi,
784 1442 822 1510 hi
850 1465 965 1512 omnes
991 1442 1164 1512 habebant
1193 1449 1328 1511 senten·

190 1548 254 1617 tion
274 1548 486 1634 intercisam
513 1549 574 1640 qui
598 1570 681 1619 vero
696 1570 818 1618 manus
835 1548 1046 1641 antiquioris
1061 1556 1177 1618 essent
1200 1555 1236 1616 et
1254 1571 1328 1617 mn·

191 1659 238 1724 uo
254 1662 368 1746 pugna
395 1655 633 1740 vetustiores,
656 1655 695 1723 hi
719 1678 857 1741 omues,
886 1677 954 1723 non
978 1655 1160 1746 pauciores
1188 1679 1329 1747 corrup·

192 1759 243 1846 tis,
263 1763 338 1830 sani
363 1766 398 1830 et
428 1761 560 1851 integri
587 1768 772 1831 manent.»
797 1762 842 1831 In
864 1764 1071 1831 monasterio
1094 1763 1227 1831 Christi
1253 1763 1329 1832 Sal·

193 1867 298 1935 satoris
319 1866 451 1956 reperit
469 1866 633 1957 «aliquid
656 1866 823 1955 lacrymis
838 1874 875 1936 et
889 1867 1117 1937 admiratione
1129 1868 1285 1958 dignum.
1307 1894 1324 1932 n

193 1968 334 2044 bodies
349 1974 585 2044 vetustissimo
600 1973 719 2042 uhcmo
734 1974 849 2043 animo
865 1975 1003 2067 quidem
1018 1976 1132 2044 audax
1150 1977 1209 2044 sed
1223 1999 1327 2044 manu

195 2077 282 2153 adhuc
300 2082 466 2152 audacior
483 2082 651 2150 adversus
668 2083 896 2150 membranam
912 2085 1005 2152 ferro
1021 2092 1124 2153 utens
1141 2086 1328 2155 veritatem
1463 2152 1468 2159 .

196 2187 346 2259 abraserat
368 2191 432 2276 (1),
457 2188 573 2257 minus
600 2195 715 2258 tamen
747 2212 803 2259 res
836 2189 894 2258 illi
923 2191 1109 2280 processit3
1135 2215 1213 2259 cum
1239 2192 1331 2259 enim

196 2288 268 2364 locus
284 2318 416 2365 vacuus
444 2294 503 2379 sit,
521 2295 684 2386 ipsaeque
712 2295 869 2384 syllabae
899 2296 1062 2366 dimidiae
1086 2296 1200 2365 adhuc
1226 2319 1329 2387 appa-

196 2409 293 2486 reant,
315 2410 353 2471 et
374 2401 555 2470 audaciam
577 2400 677 2468 illius
690 2412 857 2490 arguunt
878 2408 914 2470 et
937 2400 1121 2469 veritatem
1145 2405 1255 2491 ipsam
1279 2402 1332 2469 ni·

196 2498 358 2578 liloninus
381 2509 474 2577 clare
498 2507 708 2597 exprimunt.
725 2535 742 2570 n
768 2508 810 2577 In
833 2508 948 2576 codice
971 2507 1081 2575 altero
1111 2506 1208 2577 locus
1231 2518 1330 2576 atra·

196 2624 286 2683 mento
306 2616 515 2684 obliteratus
538 2621 626 2701 erat,
652 2616 711 2684 sed
740 2617 956 2706 postmodum
983 2617 1154 2685 Demetrii
1183 2615 1334 2707 Cydonii

196 2733 278 2792 mnu
295 2723 497 2792 restitutus.

244 2828 338 2899 Alter
348 2831 447 2899 locus
462 2828 625 2919 Gregorii
640 2829 794 2917 Nysseni
809 2830 853 2897 ab
865 2829 1021 2897 omnibus
1030 2829 1224 2920 apologetis
1236 2852 1335 2919 grae·

192 2923 233 2995 oie
252 2935 380 3004 adferri
406 2934 533 3004 solitus
553 2941 608 3022 (ex
631 2956 732 3003 serm.
747 2933 817 3003 111.
838 2934 876 3004 in
900 2943 988 3002 orat.
1008 2934 1185 3020 dominic.)
1213 2937 1244 3003 is
1267 2946 1332 3020 est,

191 3050 274 3118 quem
295 3041 461 3131 descripsi
486 3056 592 3130 supra
615 3064 649 3131 p.
662 3041 741 3109 447.
757 3038 884 3109 Graeci
907 3039 1072 3110 catholici
1094 3041 1239 3127 Becaus,
1254 3043 1336 3111 Bes·

188 3143 441 3218 adsuescite
462 3147 609 3237 legunt:
639 3170 751 3216 ocum
778 3168 953 3217 commune
979 3148 1028 3216 sit
1050 3148 1143 3216 Filio
1167 3157 1203 3217 et
1226 3150 1336 3240 Spiri-

188 3241 230 3311 lll
252 3254 378 3324 Sancto
406 3278 474 3323 non
501 3278 575 3324 esse
605 3256 824 3344 ingenitum,
854 3278 897 3323 ne
926 3277 994 3347 qua
1025 3257 1181 3324 confusio
1211 3257 1249 3323 in
1273 3255 1339 3325 hac

187 3364 212 3410 ’θ
237 3365 432 3453 cogitetur,
455 3386 597 3432 rursum
623 3369 759 3452 oportet
787 3362 967 3432 ostendere
991 3364 1207 3431 inconfusam
1238 3364 1338 3431 diffe-

188 3468 322 3536 *neam
352 3470 391 3538 in
418 3490 536 3537 eorum
558 3467 860 3559 proprietatibus,
887 3474 929 3537 ut
951 3475 1028 3536 tum
1059 3490 1235 3536 commune
1269 3492 1340 3536 ser·

188 3574 280 3644 '0tur
302 3575 409 3668 (quod
431 3598 500 3644 non
523 3583 606 3644 suut
620 3567 797 3664 ἀγεννητως)
812 3580 888 3642 tum
911 3572 1089 3663 proprium
1105 3594 1172 3639 non
1197 3574 1340 3641 confun-

188 3680 281 3751 atur
304 3683 411 3776 (quod
432 3682 538 3752 aliter
561 3681 678 3749 Filius
701 3680 806 3749 aliter
830 3679 984 3770 Spiritus
1014 3679 1164 3747 Sanetus
1186 3680 1343 3768 procedit

188 3785 211 3837 ¹
244 3788 440 3879 principio).
467 3789 556 3859 Nam
579 3787 786 3877 unigenitus
808 3786 924 3856 Filius
944 3809 984 3853 ecc
1000 3787 1107 3853 Patre
1128 3805 1150 3852 a
1173 3785 1210 3854 S.
1226 3785 1343 3875 Scrip-

188 3893 262 3960 bra
289 3880 517 3979 nominatur,
542 3898 579 3962 et
600 3892 640 3961 in
662 3893 727 3961 hoc
749 3892 909 3961 doctrina
932 3892 1013 3959 fidei
1036 3890 1133 3959 sistit
1159 3891 1236 3960 eius
1266 3913 1344 3981 pro·

188 3990 385 4088 ¹‘iststem3
411 4001 568 4091 Spiritus
584 4000 735 4070 Sanctus
751 4022 834 4070 vero
856 4005 893 4068 et
910 4022 953 4065 ea
974 4001 1082 4067 Patre
1098 3999 1230 4101 dicitur
1255 4015 1286 4065 et
1303 4021 1346 4064 ea

236 4158 278 4234 (1)
293 4162 414 4231 Aliquid
436 4162 530 4218 simila
548 4180 565 4219 s
583 4164 699 4219 Graecis
713 4161 882 4231 quibusdam
895 4165 1037 4216 tentatum
1056 4163 1146 4217 fuisse
1165 4162 1196 4216 in
1218 4161 1346 4216 concilio

190 4230 358 4318 losannae,
371 4253 509 4321 Iosephus
529 4253 724 4307 listheneusfs
742 4253 897 4320 exprobrat
912 4249 1245 4324 annuntiaremus
1264 4251 1344 4306 Alla·

188 4315 253 4394 lum
273 4340 307 4395 ds
325 4338 472 4415 consensu
488 4358 517 4410 p.
525 4339 602 4415 892).

1223 4444 1244 4487 1
