3172 4950
626 354 664 370 -
685 323 747 384 213
767 354 805 370 —

176 425 231 494 tin
255 425 549 496 sanctificatione.
574 427 645 496 cIn
670 429 873 518 angelorum
894 429 1067 498 creatione
1086 430 1203 518 cogita
1220 429 1306 497 mihi

176 560 267 602 utam
282 560 373 627 quoe
387 538 461 603 eine
471 537 651 625 principio
669 552 716 603 cet
729 540 944 628 principium
964 539 1030 613 (την
1050 562 1308 630 πρεκαταρκτικην

175 642 413 728 tter),Patrem;
425 641 643 710 conditricem
658 640 723 733 (car
734 640 959 739 depaupyaar)
969 648 998 714 F
1001 648 1114 731 ilium3
1128 648 1308 736 perfectri-

178 774 205 817 m
216 747 282 833 (tta
295 749 497 833 τελειωτικην)
514 751 698 842 Spiritum3
714 761 755 821 ut
767 756 942 821 voluntate
954 755 1089 846 quidem
1103 756 1222 823 Patris
1235 755 1309 821 sint

176 855 426 955 lministratorii
451 860 620 951 Spiritus,
647 865 844 953 operatione
870 860 1027 955 (ἐνεργειᾳ)
1047 886 1129 930 vero
1152 864 1239 931 Filii
1263 864 1307 946 ad

176 966 354 1035 sistentiam
380 970 640 1059 perducantur,
678 971 834 1039 adventu
864 980 980 1039 autem
1017 971 1174 1059 Spiritus
1207 972 1308 1059 perfi-

176 1074 283 1156 *ontan
307 1098 411 1165 porro
436 1077 603 1166 perfectio
626 1078 830 1167 angelorum
853 1078 1086 1147 sanctificatio
1099 1086 1152 1146 est
1166 1106 1182 1138 n
1196 1077 1306 1147 aaa·

176 1178 244 1277 lde
259 1180 399 1272 Spiritu
423 1181 551 1253 Sancto
575 1210 604 1254 c.
620 1185 676 1252 16.
693 1185 835 1268 Eadem,
862 1193 904 1255 ut
926 1193 1035 1275 patet,
1061 1193 1115 1253 est
1138 1187 1231 1253 ratio
1247 1208 1305 1275 ap·

176 1290 382 1380 ropriationis
404 1292 442 1360 in
465 1293 639 1361 creatione
663 1293 823 1362 hominis:
853 1294 1035 1381 «primum
1060 1294 1209 1360 omnium
1236 1316 1306 1361 cre·

176 1398 280 1467 endum
304 1408 377 1484 est,
404 1423 510 1470 unum
546 1424 620 1470 esse
642 1402 777 1485 Deum,
804 1402 864 1495 qui
892 1409 1019 1469 cuncta
1042 1423 1084 1468 ex
1109 1400 1220 1468 nihilo
1245 1425 1306 1491 per

176 1500 283 1574 'erbum
307 1530 409 1575 suum
433 1509 519 1576 fecit
542 1518 578 1576 et
599 1532 660 1599 per
684 1508 855 1598 Spiritum
880 1508 1048 1576 Sanctum
1080 1509 1304 1577 animavit.»

176 1614 290 1684 imbros.
306 1615 344 1683 iu
362 1616 509 1706 symbol.
522 1641 551 1686 c.
565 1617 597 1683 6.
611 1617 660 1703 (1)
675 1620 736 1704 (cf.
747 1619 870 1686 Petav.
889 1617 1002 1687 LVII.
1020 1641 1050 1687 c.
1062 1619 1161 1687 14.n.
1173 1618 1303 1704 21-23).

176 1719 255 1792 lecolo
278 1747 367 1816 quas
392 1724 544 1792 diximus
568 1748 676 1815 supra
698 1750 733 1815 p.
754 1726 915 1818 lilsqq.

205 1830 295 1901 Hanc
319 1831 636 1922 appropriationem
660 1832 849 1922 insigniter
873 1857 1071 1931 expressam
1096 1858 1235 1904 cernere
1252 1841 1308 1904 est

176 1939 409 2030 usercophago
431 1939 544 2008 Musei
567 1941 816 2009 Lateranensis
845 1950 957 2012 eruto·
975 1966 1016 2011 ex
1045 1953 1172 2033 crypta
1203 1967 1307 2033 penes

176 2047 353 2145 epulchpum
377 2047 499 2117 Sancti
523 2048 626 2117 Pauli
649 2050 812 2138 Apostoli
830 2051 989 2139 gentium
1009 2051 1045 2117 in
1064 2052 1122 2118 via
1139 2053 1303 2121 Ostiensi.

176 2149 321 2245 ltulptura
344 2163 491 2247 putatur
525 2180 599 2226 esse
634 2158 765 2226 saeculi
788 2158 847 2226 IV¹
872 2160 955 2243 sed,
982 2160 1082 2228 utin
1106 2159 1307 2228 huiusmodi

177 2265 292 2349 peribus
314 2288 417 2356 saepe
452 2267 642 2351 usuvenit,
679 2266 909 2355 probabiliter
941 2268 1104 2336 derivata
1127 2269 1171 2335 ab
1195 2292 1306 2336 exeru-

176 2364 434 2442 lerivetustiori.
453 2374 566 2457 Hanc,
585 2375 626 2442 de
643 2397 712 2465 qua
726 2398 785 2442 nos
801 2375 951 2464 agimus,
972 2399 1048 2444 cum
1067 2377 1213 2466 reliquis
1232 2399 1306 2446 cae·

176 2481 258 2550 ituris
280 2485 318 2550 iu
342 2484 458 2551 eodem
483 2493 701 2551 monumento
724 2485 871 2566 affictis,
897 2485 1127 2553 illustrarunt
1157 2485 1307 2554 eruditis

176 2586 212 2655 lis
229 2592 486 2659 commentariis
510 2590 579 2659 viri
605 2591 810 2673 doctissimi,
836 2592 985 2683 primum
1010 2593 1054 2660 cl.
1074 2594 1113 2661 P.
1128 2593 1196 2661 Ios.
1213 2593 1305 2661 llar-

176 2694 206 2779 ii,
227 2706 301 2767 tum
326 2698 371 2767 cl.
390 2699 420 2767 I.
439 2699 481 2768 B.
509 2699 559 2768 De
583 2700 703 2782 Rossi,
730 2700 877 2790 denique
909 2700 953 2769 cl.
980 2703 1019 2769 P.
1034 2701 1192 2791 Raphael
1218 2701 1311 2792 Gar·-

176 2805 241 2890 uei,
265 2807 323 2876 cui
355 2805 597 2896 Archaeologo
620 2807 922 2895 praestantissimo
949 2818 1099 2899 ectypon
1127 2810 1165 2878 in
1189 2831 1306 2899 accep·

176 2916 316 2984 treiero
341 2915 405 3003 (2).

205 3116 244 3190 (1)
261 3120 427 3174 'l'ractnum
438 3121 514 3174 hunc
525 3122 555 3172 in
567 3122 727 3185 symbolum
741 3120 803 3174 eive
817 3120 850 3174 de
863 3122 1009 3175 'trinitate
1022 3124 1145 3189 Operum
1162 3122 1306 3177 Ambrosii

176 3205 255 3263 iteres
273 3211 401 3264 lentini
419 3212 502 3263 velut
521 3211 759 3277 supposititium,
782 3212 850 3263 licet
870 3213 1018 3264 fateantur
1030 3215 1190 3280 antiquum,
1207 3215 1236 3265 in
1250 3214 1306 3280 Ap·

176 3298 275 3353 adicem
297 3302 469 3354 reiecerunt.
482 3300 719 3365 RecentinsAug.
731 3301 816 3352 Hahn
836 3302 866 3353 in
883 3301 1063 3356 Bibliotheca
1081 3303 1208 3370 Symbol.
1218 3320 1246 3371 p.
1260 3303 1305 3357 16.

176 3400 217 3441 ,ιι
232 3390 337 3444 iterum
356 3390 518 3443 vindicavit
537 3390 697 3443 Ambrosio.

204 3475 244 3551 (2)
261 3481 400 3544 Quamvis
418 3481 511 3548 quoad
533 3483 573 3535 rei
594 3488 680 3548 caput
698 3484 784 3548 plena
810 3487 887 3535 esset
906 3484 1055 3535 consensio
1078 3484 1157 3536 inter
1171 3483 1305 3538 eruditis·

176 3582 221 3622 m
237 3571 465 3637 Archaeologos,
488 3572 546 3624 init
568 3576 661 3625 tamen
689 3572 723 3624 de
744 3573 937 3639 applicatione
957 3572 1037 3626 etde
1061 3575 1305 3641 appropriationis

176 3656 217 3713 let
231 3662 333 3715 ultima
352 3662 447 3729 specie
465 3677 521 3714 non
544 3677 635 3730 parva
649 3662 815 3728 opinionum
837 3662 1004 3716 diversitas.
1020 3665 1138 3730 ineptus
1158 3680 1257 3729 essem,
1279 3663 1305 3716 si

176 3750 336 3804 aeonibus
356 3750 528 3818 discipliuae
549 3752 777 3817 archaeologicae
798 3755 923 3819 propriis
943 3755 1046 3806 vellem
1068 3769 1119 3818 ego
1138 3756 1219 3807 homo
1239 3770 1300 3820 pro-

176 3851 220 3893 m
235 3858 322 3896 meam
345 3843 530 3908 interponere
557 3843 742 3895 sententiam.
766 3843 962 3895 Nlhilominns
983 3848 1125 3911 quatenus
1150 3843 1183 3897 de
1206 3860 1305 3910 appro-

176 3928 285 3986 lationis
294 3932 409 3998 legibus
424 3947 458 3984 ex
479 3932 643 4000 Scripturas
662 3939 692 3987 et
705 3935 821 3985 Petrum
836 3932 966 3986 doctrina
979 3935 1009 3986 in
1029 3934 1175 3999 theologia
1195 3936 1300 4001 agitur,

176 4025 296 4078 meunt
318 4024 481 4091 sequentia.
507 4025 543 4077 1⁰.
565 4025 619 4078 Ubi
639 4041 695 4077 non
714 4024 832 4078 diversa
854 4040 939 4091 opera
961 4024 1087 4077 inercie
1114 4027 1245 4092 personis
1266 4030 1306 4079 at·

176 4108 299 4167 huntur
317 4132 342 4168 e.
354 4131 385 4180 g·
396 4115 513 4180 creatio,
528 4116 683 4183 reparatio,
705 4116 944 4169 sanctificationis
961 4115 1146 4180 charismata,
1159 4116 1306 4168 sedunum

176 4212 205 4257 ut
221 4206 406 4272 e.3.creatio
430 4207 554 4260 hominis
574 4208 727 4261 secundum
749 4208 877 4261 rationes
899 4213 928 4260 ot
952 4208 1034 4259 velut
1055 4212 1152 4273 partes
1175 4207 1306 4258 diversas

176 4294 317 4351 uultntm
340 4296 373 4350 in
397 4302 457 4350 tras
478 4314 625 4364 personas,
650 4303 815 4353 constanter
841 4313 927 4364 penes
947 4299 1048 4350 Patres
1067 4297 1222 4361 consilium
1236 4301 1305 4348 tam·

176 4394 214 4439 Ιι
230 4396 326 4443 nante
344 4393 510 4455 conceptum
537 4390 742 4457 appropriatur
771 4390 872 4455 Patri,
896 4388 1025 4454 operatio
1045 4387 1142 4453 uuio,
1167 4387 1305 4455 perfectio

176 4470 253 4531 isltul
269 4476 376 4532 Sancto
394 4476 458 4549 (seu
471 4478 496 4530 sl
515 4477 549 4530 de
568 4478 682 4532 homine
705 4478 823 4545 agitur,
849 4478 959 4532 effectio
979 4477 1115 4543 imaginis
1134 4468 1306 4546 (naturalis)
