3172 4950
700 108 739 126 ..
760 78 820 138 484
839 107 878 124 ..

205 190 302 263 Filio
326 209 393 256 esse
414 184 606 253 testimonio
629 182 853 269 confirmatur
877 173 952 269 (και
980 175 1015 247 ἐκ
1040 203 1096 248 τευ
1121 204 1234 275 πατρος
1256 183 1337 275 laroc

206 321 258 364 και
282 296 397 361 ἕκτου
423 291 484 356 ‘irco
508 291 580 356 εἰναι
604 286 900 381 προσμαρτυρειται).
920 289 1063 359 Etenim
1085 289 1120 359 si
1142 292 1231 384 quis,
1243 290 1336 386 inquit,

208 403 381 495 Spiritum
407 397 542 468 Christi
565 395 784 480 nonhabet,
810 396 961 467 hicnon
984 404 1040 467 est
1061 397 1151 467 eius.
1171 399 1278 488 Igitur
1288 400 1338 492 Spi
1387 386 1389 437 ἶ

207 512 301 583 ritus
324 509 406 578 dum
429 530 471 576 ex
495 505 567 574 Deo
590 511 667 588 est,
693 503 801 572 etiam
819 502 956 575 Christi
979 504 1138 595 Spiritus
1160 513 1237 594 est,
1256 513 1286 577 at
1300 508 1339 577 li·
1386 510 1389 583 Ξ

207 618 281 687 lius
296 616 356 709 qui
372 638 414 684 ex
428 614 501 683 Deo
517 618 583 696 est,
597 634 666 680 non
682 611 752 679 ism
774 618 904 682 estant
918 613 1052 682 dicitur
1064 612 1225 704 Spiritus
1240 614 1338 704 Sensi,

208 747 319 817 neque
341 723 426 792 haec
449 721 647 791 consecutio
669 719 821 789 relativa
837 727 961 789 mutua
977 728 1062 789 est»
1088 727 1157 790 ete.
1184 722 1341 814 apudbee

210 856 288 902 cum
311 832 404 900 inter
426 850 542 919 opusc.
561 848 639 895 aur.
665 850 700 917 p.
728 826 805 895 141.
830 825 874 894 In
896 827 1028 895 nostris
1051 827 1264 897 editionibus
1280 829 1340 921 Opp.

209 936 364 1027 Nysseni
387 934 444 1023 (Τ.
459 934 489 1002 Ι.
507 957 542 1024 p.
558 932 701 1001 ssssd.
716 932 829 1001 Paris.
851 931 953 1019 1615)
976 939 1076 1002 totus
1099 933 1199 1004 locus
1220 936 1340 1022 excidit;

210 1067 303 1114 nuno
325 1044 492 1111 babemus
514 1040 677 1110 lacunam
700 1039 898 1129 suppletam
920 1062 942 1106 a
964 1038 1067 1108 Card.
1102 1041 1177 1110 ldai
1201 1041 1273 1130 (SS.
1288 1041 1343 1112 Vl.

212 1151 255 1221 Τ.
272 1151 357 1221 VH.
372 1176 406 1241 p.
422 1151 473 1236 6.)
485 1172 553 1216 ιιοιι
570 1170 612 1217 ex
624 1146 731 1215 Codd.
748 1145 834 1236 Opp.
848 1147 1016 1236 Nysseni,
1043 1157 1194 1239 quorum
1217 1149 1264 1218 ibi
1281 1173 1345 1219 neu·

212 1258 343 1328 tionem
363 1256 480 1326 iniicit
494 1255 603 1324 Elius
634 1253 769 1338 editor,
803 1253 863 1322 sed
892 1275 935 1322 ex
970 1283 987 1318 a
1005 1254 1202 1325 Selectione
1229 1257 1345 1326 tostino

211 1365 347 1437 nicrum
372 1363 436 1433 SS.
453 1363 521 1433 PP.
540 1362 583 1432 de
605 1361 850 1431 Inoarnatione
879 1360 998 1431 Verbi.
1016 1389 1033 1424 n
1059 1362 1116 1430 Ibi
1138 1369 1255 1432 autem
1273 1363 1347 1434 lectio

213 1481 268 1543 est
289 1471 380 1541 alia:
405 1464 490 1534 τοδε
521 1469 604 1560 ipsso
631 1491 751 1553 ωνευμα
783 1492 837 1531 και
865 1464 898 1534 ἐκ
931 1492 984 1533 reo
1008 1491 1127 1562 σατρος
1158 1470 1293 1560 λεγεται,
1314 1493 1345 1534 ιιι

212 1601 264 1645 reo
287 1576 348 1643 ὑιω
376 1575 448 1645 iuras
487 1598 785 1670 ωροσμαρτυρειιαι,
813 1597 917 1667 quam
940 1576 1126 1648 lectionem
1149 1580 1255 1648 etiem
1276 1579 1345 1648 Pes

213 1686 296 1756 vius
318 1687 579 1777 praeferendam
602 1704 677 1753 esse
699 1684 839 1751 censuit
855 1682 1345 1774 (l.VH.c.3.n.13.).Atrero

214 1792 341 1863 Graeci
364 1793 540 1877 catholici,
562 1799 604 1861 ιιι
625 1790 711 1875 dixi,
731 1790 875 1877 Beccus,
890 1790 1044 1878 Calecas,
1062 1793 1260 1880 Bessarion,
1272 1793 1345 1863 (irae

214 1901 265 1970 cis
288 1901 443 1970 scribens
464 1901 702 1988 Hieronymus
716 1898 876 1967 Donatus
903 1905 970 1968 etc.
999 1922 1068 1968 non
1095 1901 1196 1971 modo
1222 1906 1344 1972 consun-

213 2012 270 2078 ter
292 2009 419 2098 legunt
441 2003 473 2072 ἐκ
498 2031 549 2075 του
571 2008 645 2087 heo,
676 2005 736 2075 sed
767 2004 954 2076 Bessarion
978 2012 1118 2098 (opusc.
1133 2030 1213 2079 aur.
1229 2034 1260 2100 p.
1272 2008 1344 2092 stt.)

214 2116 320 2187 etism
345 2121 521 2201 testetur,
550 2114 759 2207 particulam
790 2116 824 2184 ἐκ
848 2117 886 2185 in
906 2115 1164 2186 vetustioribus
1186 2116 1287 2186 Codd.
1309 2136 1344 2185 er·

215 2228 309 2293 stare
336 2228 372 2291 et
392 2223 503 2291 solum
524 2224 561 2291 in
587 2225 841 2295 recentioribus
865 2224 993 2293 deesse.
1013 2221 1164 2313 Insuper
1189 2229 1297 2293 exstet
1314 2222 1345 2290 in·
1387 2258 1389 2309 t

215 2334 446 2399 strumentum
462 2352 575 2400 coram
591 2331 799 2402 Patriarcha
815 2333 925 2401 Becco
939 2328 1089 2421 aliisque
1104 2352 1229 2401 novem
1240 2331 1345 2423 Epirc-
1387 2344 1389 2351 '

215 2434 294 2526 pis,
312 2442 348 2504 et
370 2436 593 2506 adstantibus
616 2437 831 2528 principibus
847 2433 1047 2505 authentice
1070 2436 1284 2522 censeam,
1304 2453 1346 2528 quo
1386 2452 1389 2537 j

215 2542 487 2611 Referendarius
512 2543 689 2613 Ecclesiae
708 2540 1112 2633 Constantinopolitanae
1130 2542 1247 2613 fassus
1259 2549 1347 2629 ests

216 2671 258 2719 ex
282 2648 364 2719 Cod.
384 2651 503 2740 magni
520 2652 692 2721 oeconomi
719 2651 897 2743 Xiphilini
927 2648 1139 2741 particulam
1172 2645 1205 2715 ἐκ
1233 2673 1279 2716 τω
1311 2649 1348 2713 to

217 2756 312 2825 ferro
325 2758 510 2826 abrasisse.
520 2758 554 2827 N
555 2781 597 2825 on
614 2759 850 2828 consideravit
864 2758 938 2843 ille,
949 2762 990 2826 ιιι
1003 2755 1054 2823 ibi
1067 2755 1244 2842 subditur,
1257 2756 1349 2827 ratim

217 2863 306 2932 alios
329 2863 437 2933 libros
463 2864 508 2933 ad
532 2864 596 2933 hoc
618 2864 733 2954 ipsum
756 2864 971 2934 examinatos
991 2861 1115 2945 fuisse,
1142 2869 1180 2931 et
1194 2863 1273 2932 illos
1294 2882 1350 2955 quo

218 2992 284 3062 que
314 2971 440 3039 habere
463 2971 599 3061 plenam
625 2971 806 3041 lectionem
833 2971 1027 3062 particulae
1053 2976 1086 3039 ἐκ
1112 2973 1351 3064 corruptionem·

218 3099 284 3168 que
315 3079 513 3168 effugisse»
544 3079 663 3170 (apud
692 3080 867 3149 Allatium
896 3081 938 3151 de
965 3081 1127 3154 Consens.
1152 3074 1349 3153 1.111.c.1.

218 3206 253 3274 p.
269 3182 347 3250 893.
359 3189 464 3276 sqq.).

284 3289 415 3359 Verum
438 3292 574 3360 utrovis
591 3291 689 3361 modo
713 3291 781 3360 duo
796 3292 881 3362 haec
905 3292 1106 3363 testimonia
1126 3295 1298 3386 leguntur,
1318 3287 1352 3359 ni·

218 3397 409 3467 hilominus
438 3402 514 3466 tum
536 3420 578 3467 ex
606 3398 653 3468 iis
673 3399 761 3490 ipsis
787 3406 934 3491 apparet
951 3407 1025 3469 tum
1049 3424 1091 3472 ex
1111 3401 1200 3472 locis
1223 3398 1354 3470 nliisBs

219 3505 294 3574 silii
316 3511 353 3576 et
383 3506 546 3596 Gregorii
580 3505 762 3576 evidenter
784 3506 1044 3578 demonstratur
1063 3511 1238 3579 sententia
1252 3526 1354 3586 eorum,

219 3610 393 3701 Spiritum
415 3612 582 3684 Sanctum
606 3614 670 3682 hoc
693 3614 769 3704 ipso
791 3614 948 3706 intelligi
970 3617 1212 3707 procedentem
1233 3639 1273 3686 ex
1286 3610 1356 3683 Filio

219 3717 315 3787 sicut
335 3741 378 3789 ex
400 3720 517 3806 Patre,
543 3720 634 3812 quod
651 3721 771 3792 ordine
786 3729 892 3816 atque
916 3722 1000 3792 adeo
1016 3723 1153 3814 origine
1170 3724 1295 3793 tertius
1309 3723 1357 3801 est,

219 3831 256 3893 et
278 3825 368 3916 quod
390 3826 541 3896 relative
563 3826 600 3895 h.
615 3849 645 3898 e.
666 3829 802 3899 ratione
833 3829 982 3919 originis
1012 3836 1066 3898 est
1095 3830 1253 3922 Spiritus
1279 3824 1357 3898 Filii.

219 3930 311 4000 Hinc
333 3932 439 4001 etiam
462 3933 500 4000 in
522 3933 624 4004 Cone.
642 3935 846 4005 Florentino
870 3958 954 4005 sess.
979 3937 1061 4005 XX.
1082 3943 1119 4007 et
1140 3938 1241 4008 XXI.
1257 3930 1356 4026 (Harl.

220 4038 263 4110 Τ.
281 4038 346 4110 ΙΧ.
363 4065 397 4132 p.
417 4040 495 4109 226.
508 4047 599 4134 sqq.)
623 4043 852 4136 quantumvis
873 4043 912 4112 in
934 4044 1043 4114 citato
1064 4045 1265 4116 testimonio
1283 4039 1359 4113 Bsi-

219 4146 261 4215 lii
283 4148 430 4220 Ioannes
453 4149 638 4241 theologus
671 4150 876 4221 Latinorum
900 4152 1070 4224 adversus
1092 4153 1249 4224 llsrcum
1269 4149 1360 4243 Ephe·
