3172 4950
642 359 682 379 -
704 329 764 400 187
783 362 823 380 ·-

188 435 271 503 eet
291 429 525 504 immensitati
547 444 735 526 repugnat.
761 435 988 508 concedimus
1011 435 1129 523 facile,
1155 459 1198 508 ex
1221 437 1318 511 iacto

195 559 240 609 ex
261 541 497 633 congruentia
519 543 751 634 apparitionis
773 542 862 614 Filii
885 567 947 638 per
969 544 1161 616 subiectam
1183 553 1320 618 oreatu-

188 668 216 716 n
235 666 309 716 uon
330 653 427 718 recta
450 648 610 720 concludi
633 651 677 721 ab
700 650 776 720 illis
799 650 954 723 vetustis
975 651 1194 740 doctoribus,
1214 676 1320 746 appa·

188 749 305 825 ionem
328 754 461 843 Patris,
480 755 511 825 ei
529 778 598 847 qna
618 758 722 843 foret,
748 757 818 827 iam
841 760 1000 830 futuram
1023 782 1098 832 asse
1128 762 1318 834 secundnm

188 861 300 933 vinam
334 863 447 957 ipsam
481 876 665 953 naturam,
691 872 728 937 et
749 867 828 938 ideo
849 891 924 939 asse
947 868 1219 961 impossibilem3
1257 869 1317 942 sad

188 978 237 1042 rte
255 979 444 1065 propterea
463 973 615 1045 nondum
631 974 815 1046 inducitur
830 976 964 1046 abillis
979 978 1159 1049 veteribus
1175 978 1320 1051 distino-

188 1100 255 1151 sac
276 1079 470 1153 diversitas
492 1088 640 1155 naturae
662 1084 783 1155 Patris
805 1107 847 1156 ao
868 1084 969 1156 Filii.

208 1187 263 1258 Ex
284 1188 393 1261 dictis
411 1191 640 1284 intelligitur,
656 1195 822 1286 quomodo
839 1193 1000 1265 Instinus
1017 1194 1118 1266 velut
1129 1196 1319 1268 absurdum

188 1294 289 1384 iiciat,
317 1299 409 1392 quod
431 1299 538 1370 Peter
562 1300 623 1394 qni
646 1301 773 1371 mundo
796 1301 963 1374 universo
987 1303 1229 1394 comprehendi
1251 1327 1320 1375 non

188 1413 264 1493 test,
277 1411 487 1501 apperuerit
508 1409 546 1479 in
565 1410 695 1502 exigua
713 1418 830 1482 terrae
844 1418 957 1504 parte3
972 1418 1008 1482 et
1020 1412 1187 1505 quomodo
1203 1434 1319 1484 couse-

188 1534 336 1587 cnsassa
352 1516 496 1601 dixerit,
507 1524 549 1586 ut
560 1518 655 1589 Deus
668 1518 990 1589 videretnrcoelum
1002 1518 1186 1613 reliquisse
1198 1519 1320 1592 etloco

188 1624 282 1709 ovea,
293 1625 327 1695 si
339 1627 629 1716 putareturDeus
641 1627 747 1699 Pater
759 1628 880 1712 fuisse,
896 1628 957 1723 q'ni
969 1629 1136 1698 Dominae
1147 1649 1320 1720 apparens

193 1738 284 1804 tarra
296 1734 393 1826 pluit
404 1757 509 1829 super
518 1736 697 1807 Sodomam
710 1735 826 1828 ignem
840 1737 1013 1804 aDomiao
1027 1736 1067 1804 dc
1079 1738 1181 1807 coslo.
1192 1736 1251 1809 Ita
1258 1759 1318 1831 pa·

188 1840 460 1935 &intelligitur
482 1843 696 1915 Tertulliani
720 1846 995 1936 argumentatio:
1019 1845 1201 1916 «Ceterum
1217 1846 1319 1939 quale

188 1950 205 2033 t,
215 1949 653 2042 utDeusomnipoteneille
662 1951 973 2022 invisibilis...ille
985 1952 1123 2046 quinon
1133 1952 1318 2025 habitatin

188 2057 398 2128 inductis...
414 2057 472 2129 cni
495 2058 626 2130 coelum
642 2059 793 2130 thronus
810 2070 846 2130 et
860 2066 957 2131 tarra
972 2061 1174 2146 scabellum,
1189 2059 1227 2131 in
1250 2081 1319 2156 qno

188 2165 252 2235 lais
266 2164 367 2237 locus
381 2190 449 2236 uon
469 2166 593 2258 ipsein
605 2167 691 2252 ioco,
711 2168 771 2262 qni
789 2167 1038 2238 universitatis
1053 2176 1209 2239 extrema
1224 2168 1320 2239 linea

188 2294 204 2358 :,
220 2272 286 2346 ille
300 2274 498 2347 altissimus
520 2275 559 2346 in
581 2276 746 2368 paradiso
769 2276 814 2346 ad
838 2299 1018 2370 vesperam
1041 2275 1320 2348 deambulaverit

188 2401 312 2452 wreus
333 2383 461 2469 Adam,
487 2390 524 2455 et
545 2406 661 2455 arcam
685 2392 765 2477 post
786 2383 972 2455 introitum
993 2384 1068 2456 Nos
1083 2385 1265 2470 clauserit,
1282 2391 1320 2456 at

188 2488 234 2560 ad
255 2489 436 2560 Abraham
459 2492 524 2561 sub
547 2514 676 2585 quercu
698 2492 934 2585 refrigerarit,
952 2499 991 2563 at
1004 2491 1149 2584 Moysen
1174 2493 1217 2563 de
1231 2492 1318 2562 rubo

188 2597 282 2668 denti
297 2598 447 2686 vocarit,
464 2607 502 2671 et
513 2596 552 2670 in
570 2600 712 2671 fornace
734 2599 926 2692 Babylonii
942 2601 1038 2692 regis
1052 2610 1201 2693 qnartm
1214 2619 1318 2693 appa·

188 2704 266 2791 erit,
291 2726 499 2801 quamquam
521 2706 619 2778 iilius
634 2705 786 2777 hominia
801 2712 856 2776 est
871 2706 1001 2789 dictus,
1020 2707 1058 2777 ni
1075 2705 1161 2777 haec
1178 2705 1318 2786 inima-

188 2834 223 2884 ne
244 2822 282 2884 ct
303 2815 443 2908 speculo
465 2821 502 2886 at
523 2816 722 2907 aenigmate
746 2814 916 2887 fuissent?
940 2813 1085 2885 Scilicet
1099 2819 1136 2884 et
1150 2813 1236 2884 hacc
1251 2833 1316 2885 uec

197 2919 290 2993 Filio
303 2922 367 2993 Dei
380 2923 551 2994 credenda
567 2922 730 3010 fuissent,
748 2923 778 2994 si
794 2923 928 3014 scripta
940 2945 1008 2992 non
1025 2928 1153 3008 assant,
1169 2924 1319 2993 fortasse

188 3046 212 3094 a
229 3025 403 3097 credenda
425 3027 468 3095 da
488 3025 593 3097 Patre
615 3026 702 3097 licet
723 3025 889 3118 scriptas
916 3025 1069 3096 Tertull.
1084 3034 1196 3096 contr.
1210 3024 1316 3095 Prax.

190 3130 242 3202 id.
271 3132 367 3204 Haec
390 3133 529 3205 scilicet
550 3156 618 3203 nou
642 3134 752 3204 solam
773 3157 842 3204 non
865 3140 950 3203 sunt
972 3133 1105 3225 scripta
1131 3133 1173 3204 da
1197 3132 1315 3217 Patre,

188 3238 259 3312 lde
272 3263 313 3312 eo
327 3265 388 3310 aec
405 3256 545 3333 possent
566 3266 634 3310 esea
656 3245 788 3333 scripto
810 3241 991 3333 supposito
1019 3240 1204 3333 principio,
1226 3238 1318 3333 qaod

188 3370 289 3420 reone
319 3348 431 3420 solnm
467 3355 639 3444 qnatenus
670 3351 776 3417 misso
804 3354 919 3441 potest
949 3347 1095 3419 induere
1118 3346 1318 3439 personales

188 3456 365 3528 altitudines
380 3457 426 3528 ed
441 3465 554 3542 extra
573 3464 610 3528 et
630 3458 721 3550 quod
737 3457 774 3526 in
791 3478 1022 3549 personatos
1037 3457 1144 3524 missa
1160 3451 1319 3544 intelligi

188 3561 280 3637 ὡυτοὶ
293 3564 381 3636 haec
397 3564 675 3657 circumscriptio
697 3572 734 3636 at
756 3564 814 3635 hic
838 3573 952 3637 motus
974 3564 1012 3636 iu
1035 3563 1110 3634 looo
1127 3561 1317 3634 secuudum

188 3675 303 3743 liuram
326 3673 439 3767 ipsam
462 3672 632 3743 divinam.
1191 3695 1196 3704 ·

209 3780 253 3851 4⁰.
275 3781 335 3852 Ad
357 3781 423 3853 hoo
446 3789 554 3873 capnt
575 3781 802 3868 locutionum,
828 3804 917 3876 qnae
939 3783 983 3853 ed
1006 3778 1139 3852 Filium
1161 3778 1317 3849 referan-
1420 3808 1423 3812 ⁷

188 3904 219 3971 tr,
234 3899 405 3982 quatenus
421 3894 603 3982 spectatur
625 3889 743 3960 factus
758 3889 870 3975 homo,
888 3888 1067 3980 pertinent
1081 3886 1157 3973 illa,
1175 3893 1319 3978 propter

188 4010 230 4065 tae
248 3996 443 4089 Dionysius
476 3996 741 4068 Alexandrinus
770 3996 864 4089 apud
894 3996 1096 4068 Pontificem
1120 3995 1316 4066 &manum

188 4103 375 4190 gnominem
397 4110 583 4174 accusatus
606 4110 682 4190 est,
720 4104 811 4197 quod
842 4102 979 4174 scilicet
1001 4103 1046 4174 ed
1070 4099 1318 4173 ostendendam

188 4207 400 4282 stinatianam
422 4211 540 4289 Patris
562 4216 599 4281 et
620 4211 708 4283 Filii
731 4211 901 4281 adversus
925 4209 1143 4280 sabellianos
1171 4206 1315 4289 dixerit,

188 4341 250 4412 pus
264 4312 401 4408 (παημα)
419 4327 455 4393 et
475 4343 549 4392 rem
571 4322 703 4392 factem
725 4343 799 4392 esse
814 4319 947 4389 Filium
962 4318 1040 4403 Dei,
1057 4320 1318 4411 nequeuntem

188 4427 321 4522 aptium
354 4429 415 4500 sed
448 4428 603 4503 alienum
624 4451 701 4502 esse
722 4430 767 4499 ab
789 4425 944 4500 essentia
973 4426 1117 4511 Patris,
1150 4424 1243 4496 sicut
1263 4424 1319 4491 est
