3172 4950
652 372 689 387 -
710 340 770 402 205
793 372 830 387 -
953 344 958 353 ·

188 448 221 516 si
246 446 343 539 quod
366 445 501 517 viderit
522 446 661 517 Patrem
685 446 899 517 facientem»
924 446 976 516 Io.
1002 445 1047 516 V.
1062 446 1118 516 17.
1133 444 1188 518 19.
1204 447 1260 517 21.
1274 446 1330 518 Ex

188 576 221 625 ta
243 553 403 624 aetionis
425 553 563 624 unitate
584 554 708 623 Iudaei
730 554 800 645 ipsi
826 553 1074 643 intelligebant
1106 555 1217 624 asseri
1239 555 1329 624 filia·

188 684 285 731 snem
307 662 377 731 Dei
400 661 577 752 propriam
599 668 636 731 et
657 662 905 753 aequalitatem
929 685 1007 731 oum
1027 661 1120 730 Deo:
1149 661 1265 753 aquia
1294 669 1331 732 et

188 776 297 840 utrem
323 792 426 839 suum
454 767 582 862 (πατερα
610 764 693 857 ἔδων)
721 771 860 840 dicebat
881 771 1004 855 Deum,
1030 770 1209 862 aequalem
1236 766 1327 861 (ἶσον)

188 930 190 935 ·
210 878 352 948 iaciens
373 877 477 946 Deon
502 877 550 946 ib.
562 902 598 947 v.
613 877 669 946 18.
684 877 813 947 Eodem
828 877 993 968 pertinet,
1013 877 1103 968 quod
1119 876 1156 946 in
1173 877 1329 971 Seriptu·

188 1010 206 1056 a
229 986 392 1078 operatio
414 984 537 1055 divina
559 984 658 1054 modo
681 984 855 1054 tribuitur
878 983 941 1052 uni
962 984 1034 1053 Deo
1065 984 1223 1057 absolute
1256 1007 1329 1076 spe·

188 1101 250 1164 ato
272 1099 417 1185 praeter
441 1115 540 1184 quem
564 1092 656 1162 alius
680 1114 748 1161 non
773 1099 849 1179 est,
875 1093 974 1162 modo
989 1092 1147 1183 personis
1162 1090 1326 1182 singulis,

188 1201 258 1271 odo
288 1199 449 1291 personis
476 1198 711 1267 coniunctim:
741 1197 850 1289 «Ego
886 1222 962 1268 sum
995 1198 1164 1268 Dominus
1195 1198 1331 1268 faoiens

188 1309 294 1394 unia,
320 1307 510 1376 extendens
534 1306 645 1376 eoelos
668 1307 786 1392 solus,
812 1307 996 1377 stabiliens
1010 1314 1141 1377 terram
1161 1306 1330 1376 otnullus

188 1440 289 1488 reaum
305 1443 323 1478 n
341 1416 391 1484 Ie.
405 1415 535 1485 XLIV.
553 1415 609 1485 24.
636 1443 652 1479 a
669 1413 842 1485 Confiteor
856 1415 922 1484 tibi
939 1415 1057 1500 Pater,
1075 1415 1220 1485 Domine
1244 1416 1331 1486 eoeli

188 1532 197 1594 t
216 1532 332 1594 terrae
347 1551 364 1586 n
390 1521 519 1592 Matth.
533 1522 599 1591 XI.
615 1523 671 1592 25.
700 1552 717 1587 a
733 1523 791 1593 Ad
821 1522 953 1591 Filium
977 1523 1045 1611 (de
1067 1522 1187 1610 Filio)
1210 1529 1328 1592 autem

188 1630 271 1701 ieit:
296 1637 340 1699 tu
363 1630 402 1699 in
432 1630 604 1722 principio
632 1631 776 1718 Domine
811 1638 941 1701 terram
969 1630 1144 1716 fundasti,
1170 1635 1206 1698 et
1227 1651 1332 1720 opera

188 1761 323 1808 uanum
346 1744 487 1807 tuarum
513 1743 598 1806 eunt
620 1737 738 1807 eoelin
763 1738 851 1808 Heb.
867 1739 943 1808 Ι.8.
962 1737 1017 1806 10.
1039 1735 1215 1806 1111111111
1239 1736 1327 1827 Spi-

188 1845 268 1915 itum
289 1852 404 1931 tuum,
427 1852 463 1915 et
486 1847 696 1915 creabuntur
714 1874 731 1910 n
757 1847 815 1916 Pe.
837 1846 933 1916 0111.
960 1845 1016 1915 30.
1045 1845 1232 1936 «Spiritus
1254 1845 1330 1913 Do-

188 1954 245 2025 rini
268 1953 424 2046 replevit
446 1954 561 2023 orbem
584 1960 770 2039 terrarum,
801 1958 837 2024 et
853 1954 918 2023 hoo
935 1953 1025 2046 quod
1040 1953 1199 2024 eontinet
1214 1951 1330 2023 omnia

188 2085 290 2150 rampo
316 2087 417 2155 κυριου
443 2086 476 2127 το
502 2081 629 2150 συνεχον
654 2085 692 2127 τα
717 2058 843 2149 uarro),
869 2062 1051 2131 seientiam
1066 2061 1172 2132 habet
1188 2060 1326 2132 vocis.»

188 2171 244 2263 top.
256 2171 288 2240 1.
302 2173 337 2240 7.
366 2171 427 2258 (of.
442 2170 602 2240 Ambros.
618 2171 660 2240 de
673 2171 811 2261 Spiritu
834 2170 963 2240 Sanoto
984 2169 1075 2238 1.Π.
1090 2192 1120 2238 1.
1136 2169 1184 2256 5.;
1198 2167 1327 2259 Cyrill.

188 2277 265 2349 ilex.
279 2277 422 2368 Dialog.
437 2277 521 2347 VII.
535 2301 570 2368 p.
586 2277 652 2346 649
665 2283 701 2346 et
715 2277 829 2365 alibi).
854 2276 976 2346 uDeue
1005 2299 1067 2367 per
1089 2274 1222 2344 Filium
1246 2276 1331 2345 feoit

188 2390 205 2456 t
221 2386 387 2456 saeeulan
412 2386 501 2454 Heb.
516 2385 547 2452 I.
561 2385 595 2454 2.
624 2414 640 2450 a
653 2385 762 2456 Nobis
778 2407 869 2454 unus
884 2390 939 2453 ost
952 2384 1047 2453 Deus
1062 2384 1178 2468 Pater,
1196 2405 1240 2452 ex
1262 2404 1330 2475 quo

188 2494 316 2564 mnia...
334 2501 371 2564 et
386 2516 478 2563 unus
493 2493 662 2562 Dominus
676 2492 776 2562 Iesus
791 2492 967 2577 Christus,
984 2514 1046 2583 per
1062 2512 1161 2582 quem
1178 2489 1294 2560 omnia
1310 2517 1327 2552 n

188 2603 285 2674 ..Corn
300 2604 404 2675 VIII.
419 2606 452 2672 6.
469 2610 536 2673 eto.
562 2603 605 2671 Iu
628 2602 828 2672 huiusmodi
854 2601 1112 2687 locutionibus,
1138 2598 1199 2669 ubi
1222 2600 1328 2668 Pater

188 2732 228 2800 rer
246 2712 379 2782 Filium
402 2712 439 2780 in
461 2711 600 2802 Spiritu
616 2710 745 2780 Saneto
761 2731 879 2779 ereare
894 2716 930 2780 et
945 2708 1082 2800 operari
1097 2707 1240 2794 dieitur,
1255 2712 1329 2777 tum

188 2817 284 2889 olatio
307 2820 456 2910 originis
478 2841 701 2912 personarum
724 2817 903 2888 indicatur
925 2823 1001 2886 tum
1023 2814 1201 2908 praeclare
1224 2837 1327 2885 anun·

188 2927 274 2998 atur
296 2928 419 2999 unitae
441 2927 676 3019 operationis,
703 2927 793 3021 quod
817 2925 954 2997 scilieet
976 2925 1070 2995 siout
1100 2945 1170 2993 uua
1200 2931 1330 2994 natura

188 3040 220 3104 ts
237 3036 353 3107 eadem
376 3036 534 3127 potentia
557 3042 593 3105 ot
616 3035 772 3127 operatio
796 3055 817 3102 a
842 3036 947 3104 Patre
959 3034 997 3104 iu
1009 3032 1154 3119 Filium,
1180 3033 1329 3101 etaPa·

188 3163 221 3212 ra
237 3167 298 3235 per
319 3143 454 3213 Filium
478 3148 526 3231 (a
549 3144 656 3212 Patre
683 3141 867 3234 Filioque)
890 3141 927 3209 in
959 3140 1133 3232 Spiritum
1147 3140 1330 3210 'Senatum

188 3251 444 3321 ommunieatur.
460 3251 543 3320 Ideo
565 3256 639 3320 tem
662 3250 700 3319 in
718 3249 914 3340 Soripturie
930 3271 1032 3342 quam
1049 3247 1331 3346 frequentispim0

188 3359 252 3448 pud
274 3361 423 3446 Patres,
458 3359 594 3452 qnando
625 3359 730 3428 simul
761 3380 839 3428 oum
870 3356 1100 3440 relationibus
1129 3353 1331 3425 intrinsecis

188 3486 385 3553 areanorum
407 3467 631 3558 exprimenda
653 3473 708 3536 est
729 3465 856 3535 relatio
872 3465 916 3534 ad
933 3485 1047 3556 opera,
1065 3463 1182 3533 Filius
1205 3460 1330 3552 etSpi·

188 3570 253 3644 1111
275 3575 429 3644 Sanetus
452 3574 619 3643 dicuntur
643 3573 760 3644 virtus
783 3571 913 3658 Patris,
930 3579 967 3642 et
981 3572 1087 3642 Pater
1110 3569 1242 3641 dieitur
1255 3590 1330 3659 ope·

188 3679 235 3750 ari
255 3705 316 3774 per
338 3682 473 3750 Filium
495 3686 532 3749 et
555 3679 727 3770 Spiritum
752 3678 920 3748 Sanctum
942 3684 1119 3771 tamquam
1146 3699 1209 3768 por
1232 3694 1330 3744 suam

188 3784 351 3876 11111111,
376 3813 438 3881 per
461 3811 562 3858 suum
585 3788 778 3871 brachium,
796 3810 858 3877 per
874 3809 956 3856 suas
972 3807 1107 3874 manus;
1126 3783 1231 3854 simul
1247 3804 1331 3853 vero

188 3903 331 3984 prutenus
354 3899 473 3970 virtus
495 3904 531 3967 et
554 3898 708 3989 operatio
731 3903 786 3966 eet
808 3917 889 3981 una,
915 3897 980 3967 hoa
1003 3896 1093 3966 idem
1117 3916 1192 3964 esse
1214 3890 1329 3964 deela-

188 4008 282 4092 rttur,
305 4028 346 4077 ao
369 4006 402 4076 si
424 4006 564 4076 dicatur
587 4006 692 4075 Pater
716 4004 854 4095 operari
880 4003 1184 4096 persemetipsum
1209 4006 1332 4092 (supra

188 4111 283 4195 1114.
299 4115 377 4204 172;
405 4114 486 4186 vide
502 4116 625 4184 Petav.
644 4114 685 4185 de
700 4115 772 4183 Deo
784 4114 810 4182 l.
825 4113 870 4184 V.
887 4137 917 4184 o.
931 4113 965 4182 8.
978 4112 1087 4200 etit).

232 4220 387 4294 Ceterum
408 4245 513 4315 penes
541 4224 666 4293 Patres
699 4221 983 4316 frequentissima
1005 4227 1061 4290 est
1083 4217 1331 4291 demonstratio

188 4324 461 4399 praemonitae
484 4352 526 4399 ex
549 4329 689 4400 unitate
711 4328 935 4421 operationis,
961 4326 1018 4399 vel
1042 4325 1200 4398 vicissim
1223 4322 1330 4392 huius

188 4446 217 4497 ³¹
233 4433 300 4508 illa.
329 4437 480 4522 «Pater,
504 4436 632 4523 Filius,
658 4436 818 4528 Spiritus
841 4436 995 4507 Sanetus
1016 4439 1090 4504 tree
1113 4431 1341 4521 11111511--
