3172 4950
692 374 729 390 -
751 342 812 404 555
833 376 871 391 ..

203 453 327 522 cedens
350 452 395 518 ab
417 450 490 518 alia
514 450 571 520 vel
595 450 637 518 fit
659 448 814 519 visibilis
837 449 874 516 in
890 456 1019 520 natura
1035 449 1170 519 visibili
1188 448 1255 517 sibi
1280 452 1375 520 facta

201 559 365 649 propria,
391 558 449 628 vel
473 557 610 649 quando
635 580 712 626 cum
736 556 941 626 habitudine
963 556 1084 648 aliqua
1106 556 1150 624 ad
1167 565 1373 646 supernatu-

200 666 311 736 ralem
336 663 627 734 inhabitationem
651 670 687 732 et
710 663 1021 733 sanctificationem
1045 662 1245 753 specialiter
1276 687 1374 755 prae·

202 797 282 844 sens
307 774 493 843 exhibetur
515 793 578 861 per
602 777 740 841 ostenta
763 771 884 863 aliqua
908 771 1078 861 producta
1101 771 1145 839 ad
1168 770 1276 840 talem
1299 794 1374 862 per·
1418 765 1423 771 ⁴

200 902 322 950 sonam
345 879 549 949 distinctam
565 879 844 967 significandam.
862 879 962 947 Unde
977 877 1096 945 missio
1112 876 1266 947 visibilis
1281 886 1375 949 recte

199 987 442 1076 distinguitur
465 1007 505 1055 ea
528 1007 616 1076 quae
640 986 712 1055 dici
734 991 850 1075 potest
878 986 1145 1067 substantialis,
1180 985 1376 1056 cuiusmodi

199 1093 277 1164 sola
300 1100 378 1163 erat
400 1094 509 1163 Verbi
531 1094 742 1165 incarnatio:
761 1093 848 1162 aubi
872 1095 972 1164 veuit
994 1095 1176 1188 plenitudo
1192 1095 1372 1185 temporis,

200 1201 302 1270 misit
313 1202 408 1270 Deus
415 1201 547 1270 Filium
561 1225 663 1272 suum
678 1201 809 1270 factum
822 1223 864 1269 ex
877 1201 1050 1271 muliere»
1070 1202 1150 1270 Gal.
1161 1203 1226 1271 IV.
1237 1203 1271 1271 4.
1291 1208 1374 1288 etc.;
1463 1212 1475 1238 ⁸

200 1309 322 1377 altera
344 1308 468 1378 deinde
484 1315 600 1400 potest
615 1308 787 1400 appellari
803 1309 922 1378 missio
939 1312 976 1374 ia
992 1311 1153 1399 symbolis
1168 1310 1225 1380 vel
1242 1333 1376 1398 reprae-

199 1418 401 1499 sentativa,
427 1417 620 1486 cuiusmodi
642 1424 722 1485 erat
751 1416 893 1484 Christo
925 1417 1104 1509 baptizato
1137 1446 1153 1481 a
1168 1416 1378 1486 descendens

200 1524 364 1614 Spiritus
388 1525 538 1594 Sanctus
562 1525 663 1617 quasi
687 1524 891 1609 columban
918 1532 954 1593 et
984 1547 1089 1614 super
1121 1525 1309 1614 Apostolos
1339 1523 1376 1591 in

203 1662 221 1695 a
241 1630 376 1720 linguis
399 1638 576 1723 tamquam
592 1633 717 1721 ignisa
737 1638 803 1700 etc.
822 1632 872 1699 De
889 1631 1052 1700 missione
1070 1631 1135 1701 hao
1152 1631 1287 1700 visibili
1300 1653 1376 1721 per·

201 1760 371 1808 sonarum
395 1739 595 1810 divinarum
619 1739 742 1808 multis
765 1737 910 1807 disserit
938 1739 1166 1828 Augustinus
1197 1738 1298 1806 Trin.
1324 1738 1375 1805 ΙΙ.

205 1877 223 1910 a
238 1846 280 1915 Si
303 1868 387 1935 ergo
410 1847 537 1915 missus
560 1847 692 1915 dieitur
717 1845 875 1932 (Filius),
893 1845 1116 1936 inquantum
1141 1846 1307 1935 apparuit
1326 1847 1377 1914 fo·

201 1954 256 2022 ris
279 1954 317 2020 in
341 1962 504 2023 creatura
527 1953 712 2044 corporali,
728 1952 789 2044 qui
804 1953 901 2021 intus
917 1953 955 2020 in
972 1958 1102 2022 natura
1125 1952 1280 2043 spiritali
1298 1976 1376 2023 ocu-

202 2059 253 2126 lis
278 2059 477 2130 mortalium
502 2082 636 2149 semper
660 2059 819 2127 occultus
842 2063 909 2142 est,
925 2058 994 2125 iam
1017 2058 1232 2150 inpromptu
1254 2060 1377 2129 estin-

202 2163 369 2254 telligere
392 2166 498 2235 etiam
521 2169 562 2236 de
587 2167 723 2257 Spiritu
748 2166 887 2250 Sancto,
915 2190 977 2235 cur
1000 2167 1127 2235 missus
1144 2173 1180 2237 et
1194 2167 1269 2256 ipse
1286 2167 1378 2237 dica·

203 2277 280 2340 tur.
294 2272 406 2342 Facta
427 2280 480 2342 est
503 2275 593 2343 enim
617 2275 785 2365 quaedam
809 2279 991 2342 creaturae
1006 2273 1137 2362 speeies
1153 2296 1195 2341 ex
1213 2279 1376 2363 tempore,

204 2381 244 2448 in
270 2401 338 2471 qua
361 2381 553 2450 visibiliter
577 2380 818 2450 ostenderetur
842 2379 998 2470 Spiritus
1022 2380 1183 2464 Sanctus,
1210 2380 1285 2448 eive
1302 2402 1378 2448 cum

203 2490 241 2557 in
268 2489 382 2577 ipsum
405 2490 590 2557 Dominum
615 2488 787 2578 corporali
811 2488 924 2576 specie
943 2486 1044 2555 velut
1059 2488 1217 2555 columba
1240 2488 1377 2556 descen-

204 2597 285 2680 dit,
312 2597 386 2666 sive
410 2597 567 2665 cumdio
594 2596 860 2664 Pentecostes...
888 2595 985 2664 visae
1015 2600 1100 2663 sunt
1130 2595 1205 2663 illis
1236 2595 1395 2684 linguae

204 2702 345 2771 divisae
368 2709 544 2795 tamquam
568 2702 706 2791 ignis...
721 2703 816 2771 Haec
839 2701 993 2792 operatio
1009 2700 1202 2771 visibiliter
1217 2724 1380 2792 expressa

204 2815 243 2879 et
267 2809 377 2878 oculis
400 2810 518 2878 oblata
542 2810 748 2878 mortalibus
772 2809 892 2877 missio
909 2809 1065 2898 Spiritus
1081 2809 1203 2878 Sancti
1219 2809 1381 2879 dictaest
1485 2831 1488 2836 ·

206 2916 407 3004 (visibilis),
432 2940 501 2984 non
525 2922 566 2985 ut
589 2923 775 3007 appareret
797 2915 872 2984 eius
902 2915 980 3003 ipsa
1002 2915 1219 3000 substantia,
1246 2938 1315 3007 qua
1344 2922 1381 2985 et

205 3025 284 3113 ipse
307 3023 502 3092 invisibilis
525 3030 562 3093 et
584 3022 878 3095 iucommutabilis
902 3028 957 3092 est
971 3023 1064 3092 sicut
1078 3023 1183 3091 Pater
1199 3029 1236 3091 et
1249 3021 1378 3106 Filias,

205 3131 268 3200 sed
292 3136 333 3199 ut
355 3131 588 3200 exterioribus
611 3131 700 3201 visis
723 3130 899 3199 hominum
923 3130 1027 3198 eorda
1057 3132 1224 3199 commota
1254 3152 1276 3197 a
1297 3137 1381 3199 tem-

205 3237 323 3329 porali
346 3239 627 3308 manifestatione
651 3238 825 3308 venientis
855 3239 900 3306 ad
931 3239 1102 3307 occultam
1135 3237 1380 3308 aeternitatem

205 3371 342 3438 semper
364 3347 558 3439 praesentis
576 3353 903 3417 converterentur...
922 3347 1175 3436 Apparuerunt
1190 3347 1272 3434 ista,
1291 3349 1384 3418 siout

206 3461 401 3545 opportune
424 3476 591 3545 apparere
614 3455 830 3539 debuerunt,
851 3459 1012 3523 creatura
1035 3455 1210 3524 serviente
1234 3456 1383 3525 creatori

207 3563 312 3630 etad
336 3568 460 3632 nutum
484 3562 559 3630 eius
582 3561 913 3639 incommutabiliter
936 3562 971 3628 in
997 3562 1379 3653 seipsopermanentis,

207 3667 254 3735 ad
277 3691 353 3736 eum
378 3668 646 3758 significandum
669 3674 706 3737 et
728 3668 1045 3752 demonstrandum,
1072 3667 1165 3735 sicut
1188 3667 1383 3756 significari

207 3778 246 3842 et
269 3774 500 3843 demonstrari
532 3772 741 3844 mortalibus
771 3776 975 3866 oportebat,
1003 3780 1140 3843 mutata
1170 3781 1275 3866 atque
1306 3797 1384 3843 eon-

208 3889 344 3952 versun
369 3884 466 3972 Aug.
481 3883 507 3951 l.
523 3907 552 3953 e.
566 3907 601 3951 n.
618 3883 672 3952 10.
691 3883 745 3951 11.
762 3883 843 3951 vide
866 3881 916 3950 ibi
939 3881 1087 3973 reliqua.
1106 3882 1160 3950 cf.
1176 3881 1303 3951 thesim
1315 3882 1379 3951 VI.

278 3990 448 4072 Quoniam
473 3991 591 4060 missio
616 3990 771 4061 visibilis
793 3993 1085 4081 repraesentativa
1109 3990 1264 4059 ordinem
1280 3989 1385 4060 hahet

208 4098 254 4165 ad
279 4097 476 4167 missionem
498 4098 710 4168 invisibilem
733 4121 794 4188 per
817 4097 1140 4183 sanctificationem,
1167 4097 1244 4166 ideo
1260 4098 1385 4167 docent

207 4204 321 4297 aliqui
352 4206 509 4295 theologi
540 4207 601 4294 (cf.
628 4205 758 4275 Suarez
782 4206 808 4274 l.
834 4206 919 4274 XII.
942 4230 972 4276 c.
990 4207 1024 4274 4.
1046 4230 1082 4274 n.
1108 4206 1141 4272 ὅ.
1167 4227 1258 4297 sqq.;
1292 4205 1384 4274 Ruiz

208 4314 301 4405 disp.
328 4314 405 4382 109.
432 4320 516 4383 sect.
544 4315 577 4382 8.
602 4337 638 4383 n.
665 4313 698 4381 9.
716 4317 834 4405 sqq),
867 4313 1065 4383 missionem
1097 4312 1273 4384 visibilem
1308 4335 1383 4382 esse

209 4422 529 4492 manifestationem
545 4421 721 4490 missionis
737 4421 930 4491 invisibilis
961 4421 1167 4512 praesentis,
1185 4427 1226 4490 ut
1246 4420 1384 4514 quando
