3172 4950
707 323 745 337 ..
767 291 828 352 232
848 322 887 336 -

214 399 343 470 tionem
366 398 471 466 habet
495 402 672 488 tamqnam
694 395 942 485 perfectionem
965 395 1034 464 sibi
1056 394 1209 464 debitam
1224 400 1360 482 etsnan,

215 506 289 575 eine
312 527 381 598 qna
404 506 497 573 foret
519 505 741 572 defectuosus
765 501 930 589 (melinsz
956 502 1031 572 sine
1060 525 1132 596 qna
1155 504 1292 573 omnino
1312 526 1363 573 ιιι

213 621 324 697 esset,
350 611 433 704 qnia
455 610 630 700 perfectus
653 632 721 678 non
738 613 888 694 esset)...
913 607 1003 679 Nam
1025 616 1063 679 et
1084 611 1189 679 arbor
1206 609 1363 702 perficitor

212 720 334 789 fructu
358 719 426 788 sibi
449 719 549 787 unito
572 725 609 787 et
631 718 668 787 in
689 717 770 809 ipsa
797 724 978 805 manente;
1011 717 1217 788 intellectus
1248 724 1363 787 creatus

214 828 397 918 perficitur
420 829 526 898 verbe
551 825 676 896 mentis
699 828 869 917 producto
892 850 954 917 per
976 825 1250 896 intellectionem
1265 832 1300 895 et
1312 847 1361 894 ne

213 943 316 1004 nente
338 935 375 1003 in
399 936 473 1026 ipso
497 934 691 1004 intellectu.
706 934 803 1024 Ergo
818 957 840 1002 a
855 934 997 1004 fortiori
1012 935 1117 1003 Pater
1133 932 1361 1025 perficiturfi·

212 1041 280 1126 lio,
307 1043 432 1134 quippe
456 1042 516 1134 qui
541 1044 680 1112 fructus
702 1048 756 1111 est
779 1041 941 1111 vitaliter
975 1042 1168 1133 productus
1190 1049 1228 1111 et
1250 1039 1361 1134 quiddi·

212 1150 326 1218 tative
348 1151 531 1241 postulans
554 1152 720 1241 coniungi
744 1174 821 1220 cnm
845 1171 910 1219 sua
932 1150 1050 1219 radice
1072 1150 1362 1241 seuprincipic,et

213 1264 268 1325 est
289 1257 442 1326 Verbum
465 1259 673 1349 productum
696 1281 758 1349 per
782 1257 952 1327 actionem
968 1257 1214 1328 immanentem
1230 1256 1360 1327 intellec

212 1371 271 1434 tus
293 1367 443 1455 paterni.
469 1367 565 1456 Ergo
589 1367 694 1436 Pater
721 1367 766 1434 ad
795 1366 851 1435 sui
877 1366 1125 1457 perfectionem
1149 1365 1361 1459 quidditative

211 1475 368 1566 postulat
379 1476 476 1544 intra
492 1500 528 1545 se
545 1475 657 1566 ipsum
673 1482 709 1544 et
724 1475 760 1542 in
779 1498 814 1544 se
838 1474 1015 1544 continere
1031 1476 1279 1566 perfectionem
1292 1473 1359 1542 filia·

211 1581 337 1666 tionis,
362 1605 431 1652 non
453 1590 630 1676 tamqnam
647 1584 912 1654 constitutivam
942 1606 1025 1652 suae
1040 1605 1207 1674 personae
1224 1583 1282 1653 sed
1295 1588 1359 1651 nn
1391 1572 1393 1577 ¹

211 1711 314 1782 qnam
339 1690 444 1760 decus
467 1699 504 1761 et
526 1700 764 1762 ornamentum
787 1714 870 1761 suae
893 1714 1060 1783 personae
1073 1720 1090 1754 n
1112 1690 1278 1779 (meliust
1293 1697 1359 1760 tau·

213 1819 315 1889 quam
338 1799 524 1869 terminum
548 1821 632 1867 suae
655 1799 906 1868 intellectionis
928 1800 1153 1890 producentis
1184 1821 1245 1870 sen
1273 1797 1358 1868 notio

209 1905 317 1991 nalis)
329 1907 420 1975 Ruiz
437 1908 526 1998 disp.
542 1908 597 1975 30.
613 1915 697 1978 sect.
712 1910 744 1976 6.
756 1932 792 1976 ιι.
808 1907 864 1977 13.
880 1909 934 1976 14.
1391 1922 1393 1926 ’

279 2013 446 2083 Vicissim
470 2015 647 2101 Verbum,
673 2015 836 2106 splendor
859 2015 993 2105 gloriae
1016 2020 1053 2084 et
1066 2017 1224 2107 perfecta
1246 2037 1357 2106 expres

74 2197 80 2205 ,
213 2121 265 2191 sio
289 2121 506 2191 substantiae
523 2130 688 2212 paternae
704 2133 742 2192 et
756 2124 872 2213 imago
889 2124 1213 2210 consubstantialis,
1227 2124 1297 2193 sine
1309 2120 1358 2190 ini·

210 2230 262 2300 tio
284 2236 320 2298 et
342 2230 417 2300 siue
440 2230 508 2299 fine
528 2230 720 2301 intrinseca
742 2230 949 2301 necessitate
972 2234 1160 2322 procedens
1192 2241 1229 2302 et
1250 2250 1357 2320 semper

210 2345 417 2429 generatum
440 2347 482 2408 nt
504 2340 675 2410 terminus
698 2340 948 2409 intellectionis
971 2347 1153 2430 paternae,
1168 2339 1206 2408 in
1224 2339 1358 2429 hacips

211 2467 275 2514 sua
297 2447 509 2536 perfectione
533 2446 775 2538 complectitur
788 2454 823 2515 et
835 2447 903 2515 sibi
915 2448 1158 2517 immanentem
1171 2447 1276 2516 habet
1288 2466 1357 2514 nen·

208 2557 279 2622 tem
302 2553 472 2624 dicentem
496 2579 558 2625 seu
581 2557 721 2625 Patrem
743 2556 952 2647 principium
978 2557 1057 2642 sui,
1090 2579 1153 2626 nec
1184 2561 1277 2625 esset
1301 2553 1358 2622 sinc

209 2661 436 2733 immanentia
460 2666 515 2733 sui
539 2665 705 2755 principii
729 2664 881 2733 Verbum
904 2667 1109 2755 perfectum.

274 2771 378 2839 Patet
401 2793 507 2855 vero,
533 2771 650 2840 eodem
672 2771 771 2838 modo
795 2771 837 2839 de
860 2773 1068 2861 perfectione
1100 2772 1295 2841 voluntatis
1313 2787 1360 2838 sen

210 2876 408 2947 dilectionis
431 2879 468 2945 in
491 2878 597 2948 Patre
620 2885 657 2947 et
679 2878 802 2964 Filio,
829 2879 929 2949 cuius
960 2880 1178 2949 necessarius
1211 2878 1360 2949 terminus

210 2984 401 3076 productus
435 2991 488 3053 est
510 3007 605 3054 amor
629 2988 823 3055 subsistens
848 2987 1004 3076 Spiritus
1028 2987 1205 3072 Sanctus,
1231 2985 1360 3056 sentien-

210 3092 292 3161 dum
315 3101 352 3162 et
374 3093 583 3185 loquendum
608 3118 695 3164 esse.
721 3094 873 3164 Dilectio
897 3095 962 3163 illa
984 3100 1049 3182 (ut
1080 3096 1194 3165 estin
1218 3094 1363 3165 Patreet

208 3197 328 3284 Filio)
351 3223 393 3269 ex
417 3202 494 3291 ipsa
518 3202 707 3271 intrinseca
730 3202 926 3272 necessaria
941 3202 1155 3292 perfectione
1179 3225 1245 3271 sua
1267 3198 1363 3290 expri-

208 3307 273 3376 mit
296 3329 443 3377 amorem
467 3309 713 3379 subsistentem
737 3317 778 3379 nt
801 3333 902 3379 suum
924 3310 1112 3380 terminum
1136 3311 1363 3380 intrinsecum.

208 3415 301 3485 Hinc
319 3416 383 3484 SS.
398 3416 565 3485 Doctores
581 3417 672 3486 sicut
688 3417 810 3487 dicunt
826 3419 967 3488 Patrem
983 3421 1059 3488 sine
1074 3420 1191 3489 Verbo
1207 3421 1284 3488 fore
1304 3417 1365 3486 sinc

209 3523 394 3614 sapientia,
414 3524 529 3593 eodem
554 3549 658 3594 sensu
674 3526 776 3595 aiunt
792 3527 866 3595 sine
890 3526 1027 3618 Spiritu
1045 3527 1173 3596 Sancto
1189 3528 1300 3596 Deum
1310 3546 1367 3593 non

208 3632 282 3702 fore
306 3640 487 3720 sanctum;
514 3635 565 3703 sic
588 3634 781 3724 Gregorius
804 3636 892 3702 Naz.
915 3657 965 3703 or.
992 3635 1048 3703 31.
1075 3635 1136 3721 (al.
1156 3635 1231 3722 37.)
1255 3659 1291 3704 n.
1315 3635 1365 3700 4.:

211 3738 342 3821 eQuae
366 3742 516 3826 Deitas,
543 3742 574 3809 si
597 3743 833 3832 imperfecta?
863 3743 1026 3811 Perfecta
1059 3750 1177 3812 antem
1213 3739 1369 3836 quomodo

206 3847 299 3930 erit,
325 3847 382 3917 cni
405 3849 448 3916 ad
473 3849 719 3938 perfectionem
743 3850 878 3942 aliquid
902 3849 1011 3918 desit?
1026 3851 1133 3918 Deest
1148 3849 1255 3934 enim,
1270 3850 1370 3918 sinon

207 3951 334 4022 babeat
364 3959 607 4025 sanctitatem..
623 3957 722 4026 Hanc
746 3964 861 4025 autem
886 3958 1052 4050 quomodo
1079 3957 1227 4040 babeat,
1255 3958 1287 4026 si
1312 3975 1371 4024 nou

207 4059 312 4129 habet
340 4060 512 4152 Spiritum
546 4063 772 4132 Sanctnmfn
803 4064 982 4133 Sanctitas
1013 4063 1148 4134 scilicet
1180 4061 1371 4134 dilectionis

208 4167 297 4253 (vid.
325 4170 444 4239 Tract.
473 4171 515 4240 de
539 4173 642 4259 Deo),
669 4179 709 4241 nt
738 4179 793 4242 est
816 4174 854 4241 in
876 4174 981 4242 Patre
1004 4179 1041 4242 et
1069 4173 1163 4242 Filio
1192 4173 1372 4243 terminum

207 4276 436 4347 intrinsecum
459 4281 665 4370 productum
689 4281 797 4350 babet
817 4281 990 4372 Spiritum
1007 4282 1176 4351 Sanctum
1193 4281 1258 4368 (1),
1276 4287 1313 4351 et
1326 4277 1371 4348 di·

277 4403 320 4481 (1)
340 4405 449 4463 astent
465 4407 497 4462 tn
516 4407 627 4466 divinis
646 4408 746 4467 modus
764 4409 828 4480 ille,
850 4425 906 4480 qno
925 4412 1001 4468 Dens
1020 4414 1066 4467 est
1083 4411 1115 4465 in
1133 4411 1193 4468 Deo
1206 4415 1242 4467 nt
1253 4409 1373 4468 moue
