3172 4950
876 316 914 329 -
936 286 976 346 48
997 317 1035 331 ..

372 404 462 495 utputa
485 393 657 467 cutbolica
679 412 700 459 a
723 389 934 481 particulari
958 391 1076 483 aliquo
1087 397 1188 462 textu
1200 393 1268 462 imo
1284 394 1328 463 ab
1339 393 1549 485 ipsaScrip·

371 522 451 583 ture
475 500 665 575 universim
688 521 750 567 nec
779 498 879 567 unice
909 522 972 567 nec
1005 498 1224 588 potissimum
1260 502 1407 590 pendet;
1435 503 1549 573 veris·

368 620 491 689 almum
529 628 663 699 quoque
698 611 771 689 est,
809 605 1001 674 doctrinam
1036 608 1078 676 de
1109 607 1172 678 SS.
1194 608 1372 678 Trinitate
1400 608 1448 677 in.
1462 609 1549 679 aliis

371 720 454 789 locis
478 715 683 803 Scripturas
706 713 877 782 contineri
900 720 937 783 et
959 737 1001 783 ex
1024 715 1070 783 iis
1093 715 1326 785 demonstrari
1349 739 1477 806 posse,
1504 724 1576 788 nt-

372 825 523 895 vidimus
547 822 583 890 in
606 820 765 889 thesibus
789 821 1038 910 superioribus.
1056 821 1108 889 At
1131 826 1249 890 textus
1267 822 1286 888 1
1303 822 1353 891 Io.
1368 824 1414 893 V.
1432 825 1548 894 lcon-

370 936 491 1005 utituit
512 937 647 1023 partem
672 934 857 998 contextus
880 928 1067 1018 specialis,
1093 936 1129 999 et
1152 931 1217 998 sub
1246 930 1312 1000 hac
1335 931 1452 998 forma
1475 930 1547 1001 his·

370 1067 435 1137 quc
462 1039 577 1110 verbis
599 1036 764 1127 explicite
787 1036 1055 1106 enuntiantibus
1084 1037 1332 1127 professionem
1364 1037 1547 1109 Ecclesiae

369 1160 406 1221 et
431 1146 690 1215 usubstantiam
713 1145 797 1213 novi
820 1146 1044 1231 testamenti,
1070 1146 1160 1237 quod
1184 1146 1309 1216 exinde
1331 1146 1463 1234 Pater,
1487 1148 1547 1217 Fi·

371 1260 442 1327 lius
464 1264 501 1327 et
524 1254 680 1346 Spiritus
703 1259 776 1322 tres
800 1253 925 1323 crediti
942 1276 1048 1321 unum
1064 1255 1175 1322 Deum
1191 1255 1351 1324 sistuntur
1371 1254 1543 1342 (Tertull.

371 1374 483 1437 contr.
498 1366 602 1434 Pra'x.
618 1387 648 1432 c.
664 1363 734 1447 31),
761 1362 854 1431 alius
876 1362 974 1431 locus
998 1362 1035 1429 in
1061 1363 1245 1453 Scriptura
1260 1386 1329 1432 non
1351 1364 1542 1455 reperitur.

372 1476 544 1544 Deberent
567 1492 649 1539 sane
672 1468 869 1554 Catholici,
896 1470 1102 1560 quibuscum
1133 1469 1297 1559 agimus,
1324 1471 1545 1561 animadver-

370 1590 443 1651 tere
460 1581 595 1649 modum
612 1576 816 1667 disputandi
831 1577 1117 1662 Protestantium,
1137 1577 1197 1668 qui
1213 1577 1469 1667 genuinitatem
1485 1580 1546 1649 inr-

371 1694 570 1781 pugnantes
593 1685 819 1769 contendunt,
845 1691 916 1753 tam
940 1684 1143 1772 explicitam
1167 1685 1273 1753 huius
1288 1687 1453 1776 mysterii
1469 1711 1547 1779 pro·

372 1795 577 1887 positionem
600 1793 643 1859 ab
667 1793 824 1860 omnibus
849 1792 1045 1881 Scripturis
1074 1813 1148 1861 esse
1175 1792 1336 1862 alienam.
1364 1794 1546 1864 Sociniani

372 1909 408 1973 et
430 1899 685 1969 Rationalistae
708 1922 776 1965 non
801 1906 901 1967 tanta
924 1898 1142 1967 contentione
1165 1905 1201 1968 et
1217 1900 1342 1990 quavis
1357 1900 1479 1969 oblata
1494 1925 1547 1971 oc·

372 2009 508 2082 cesione
532 2007 788 2076 conclamarent
809 2012 943 2075 textum
967 2007 1060 2075 hunc
1083 2006 1241 2097 spurium
1255 2031 1342 2092 esse,
1360 2009 1431 2078 nisi
1455 2010 1547 2079 veri·

372 2122 481 2187 tatem
505 2114 542 2182 in
566 2136 604 2182 eo
627 2118 699 2179 tam
723 2112 853 2180 diserte
875 2113 1095 2182 enuntiatam
1117 2121 1379 2202 aversarentur;
1395 2114 1461 2183 elii
1485 2116 1546 2208 qni

372 2225 498 2314 dogma
522 2218 798 2290 serenitatis
821 2243 856 2288 se
880 2222 1018 2290 credere
1041 2221 1264 2311 profitentur,
1282 2228 1398 2291 tamen
1413 2231 1548 2314 negant

374 2332 463 2401 illud
488 2327 663 2420 pertinere
686 2327 731 2395 ad
753 2326 922 2396 articulos
940 2328 1247 2416 fundamentales,
1273 2330 1356 2422 quie
1379 2329 1476 2400 hunc
1497 2332 1547 2399 lo·

373 2464 461 2524 cum,
488 2439 525 2506 in
549 2459 615 2529 quo
639 2435 711 2504 solo
735 2435 941 2524 mysterium
965 2436 1129 2525 explicite
1156 2439 1370 2528 propositum
1394 2461 1471 2508 esso
1494 2438 1546 2509 di·

373 2552 468 2631 cunt,
495 2554 536 2614 nt
559 2544 749 2634 genuinum
772 2566 840 2612 non
863 2552 1058 2633 agnoscunt
1077 2545 1138 2634 (l).

438 2654 595 2745 Denique
617 2652 669 2719 3¹⁰.
696 2652 789 2721 sicut
810 2653 844 2721 N
846 2657 1005 2720 ovatores
1022 2657 1059 2721 et
1074 2652 1186 2744 aliqui
1201 2652 1404 2722 audaciores
1419 2653 1546 2723 Catho-

374 2763 433 2833 lici
458 2762 565 2849 (inter
589 2785 673 2854 quos
697 2761 734 2829 in
758 2759 912 2829 Concilio
943 2760 1042 2829 Trid.
1070 2761 1314 2829 nominabatur
1341 2760 1545 2849 Caietanns)

330 3036 335 3045 '
444 3041 485 3116 (1)
497 3043 641 3097 audiatur
659 3043 790 3097 Neander
812 3043 959 3097 Professor
971 3044 1168 3098 Berolincnsis
1181 3060 1215 3097 ex
1230 3045 1334 3099 castris
1345 3045 1545 3100 Pictistarnm:

376 3136 540 3189 uDootrina
559 3134 593 3186 de
611 3135 669 3186 Deo
688 3150 744 3188 uno
763 3140 792 3186 ct
811 3135 890 3187 trino
909 3151 966 3188 non
985 3134 1111 3202 pertinet
1130 3134 1166 3188 ad
1185 3136 1323 3189 articulos
1348 3135 1547 3191 fundamenta·

374 3228 416 3279 les
435 3224 500 3277 tldsi
519 3225 705 3289 christianae,
728 3230 761 3276 ut
781 3226 836 3277 ianr
856 3241 890 3277 ex
910 3229 1050 3292 constet,
1072 3225 1147 3292 quod
1165 3227 1196 3278 in
1223 3228 1303 3279 nullo
1329 3228 1389 3279 loco
1409 3228 1479 3281 novi
1498 3230 1546 3281 Te

374 3315 510 3371 stamenti
529 3330 662 3383 expresse
676 3317 822 3383 proposita
834 3317 987 3384 repetitum
1003 3332 1067 3368 nam
1081 3318 1159 3369 locus
1173 3318 1282 3384 unicus,
1298 3319 1329 3370 in
1344 3332 1398 3384 qno
1413 3334 1547 3386 expresse

373 3406 546 3469 continetur,
567 3404 600 3458 de
621 3407 716 3457 tribus
736 3407 861 3458 testibus
882 3408 906 3458 1.
919 3407 959 3459 Io.
973 3408 1007 3459 V.
1020 3407 1082 3458 sine
1102 3405 1282 3460 dubitatione
1307 3409 1424 3475 spurius
1441 3414 1496 3475 est,
1518 3415 1549 3463 et

373 3497 437 3563 ipsa
456 3510 508 3548 sna
527 3496 626 3563 spuria
645 3496 755 3562 origine
781 3496 975 3563 demonstrat,
999 3512 1082 3563 qnam
1109 3498 1149 3549 sit
1174 3497 1243 3550 talis
1269 3500 1484 3551 connumeratio
1503 3498 1547 3571 (hi

373 3590 433 3639 tres
454 3581 552 3655 unum)
572 3586 667 3638 aliena
685 3601 702 3637 a
720 3584 877 3651 Scripturis
896 3587 965 3639 novi
990 3588 1165 3639 Testamenti
1178 3608 1190 3631 n
1215 3587 1346 3639 Neander
1364 3587 1476 3640 Hister.
1498 3588 1548 3642 Ec·

372 3677 440 3728 elsa.
452 3675 484 3727 T.
496 3676 535 3727 11.
545 3691 573 3741 p.
585 3675 637 3727 305
648 3673 692 3726 ed.
704 3676 732 3726 4.
743 3675 821 3726 1864.
829 3674 897 3727 (lum
906 3675 929 3727 I.
937 3677 970 3727 1).
983 3675 1132 3728 Michaelis
1144 3691 1244 3728 versus
1258 3677 1339 3728 tinem
1353 3692 1427 3728 saec.
1437 3677 1547 3731 xv111.

372 3765 404 3817 in
418 3763 632 3817 Introductione
645 3762 680 3815 ad
694 3765 784 3817 libros
798 3765 865 3817 novi
880 3765 1057 3817 Testamenti
1068 3765 1239 3832 impugnans
1253 3766 1463 3830 genuinitatem
1476 3782 1547 3821 com-

373 3853 460 3907 matis
479 3853 514 3906 ad
534 3853 714 3906 minuendam
733 3855 915 3907 offensionem
937 3854 1102 3921 monuisset,
1125 3853 1224 3918 dogma
1242 3853 1290 3907 SS.
1308 3854 1465 3907 Trinitatis
1485 3872 1548 3925 pro·

373 3943 437 3995 bari
456 3958 538 4009 posse
558 3943 680 3996 solidiue
698 3958 733 3995 ex
747 3944 818 3995 locis
832 3944 900 3996 aliis
914 3944 982 3996 novi
996 3944 1183 4009 Testamenti,
1199 3942 1234 3995 ad
1252 3944 1325 3996 hanc
1343 3946 1469 3997 auctoris
1489 3948 1550 3999 ant·

373 4029 596 4083 madvcrsicnem
617 4030 751 4083 Minister
770 4030 945 4084 Genevensis
974 4031 1149 4084 Ohcncvibre
1178 4031 1247 4084 libri
1271 4032 1485 4087 Michaelisiani
1508 4035 1550 4086 in·

373 4123 486 4186 terpres
505 4120 606 4185 lingua
624 4120 731 4185 gallica
749 4120 908 4173 ann01822
927 4122 1051 4186 maligne
1072 4112 1194 4174 subiecit
1212 4125 1327 4174 notam:
1351 4122 1468 4176 anst-n
1481 4124 1548 4178 bien

373 4208 448 4275 urai,
472 4210 543 4274 qn'il
562 4227 581 4276 y
600 4210 644 4262 ait
662 4209 733 4263 dane
757 4212 784 4263 le
803 4212 837 4263 N.
854 4212 885 4263 T.
907 4210 956 4263 des
980 4226 1115 4277 passages
1141 4211 1218 4263 aussi
1244 4210 1360 4264 formels
1385 4226 1420 4263 en
1444 4212 1549 4293 tavent

372 4299 406 4353 ds
426 4302 455 4353 la
468 4300 580 4354 Trinite
600 4317 654 4369 que
674 4303 699 4354 1.
711 4303 752 4355 Io.
764 4304 798 4355 V.
811 4302 850 4355 Ἠ
864 4323 875 4349 n
897 4301 1118 4374 (Introduction
1131 4318 1166 4356 an
1181 4303 1215 4355 N.
1228 4303 1261 4356 T.
1276 4305 1329 4357 etc.
1350 4304 1448 4386 Tzw·
1461 4321 1488 4358 c.
1500 4308 1546 4360 31.

374 4396 443 4445 sect.
459 4385 497 4463 1).
1547 4428 1551 4433 ·
