3172 4950
764 328 769 337 “
861 367 901 386 -
923 333 983 399 182
1001 364 1041 383 -

364 443 596 534 pretabontur
617 442 717 512 velut
740 440 1103 533 praesignificatioues
1125 439 1269 510 futurae
1291 438 1548 512 summitatis

366 546 560 616 Secundum
587 546 681 615 hunc
704 547 818 637 igitur
842 544 1086 616 considerandi
1108 544 1245 613 modum
1275 545 1461 636 nsgshaut
1481 545 1547 615 im·

364 651 584 720 mensitstem
606 659 643 719 et
665 650 885 720 affirmsbsnt
908 647 1266 742 circumscriptionem
1278 670 1322 720 ae
1336 655 1473 720 motum
1495 649 1547 720 lu·

364 758 476 831 oalem
497 758 585 829 Filii
607 783 676 828 non
699 759 737 828 in
760 782 796 829 se
820 780 952 853 suaque
974 757 1097 828 divina
1119 765 1262 845 natm,
1287 757 1350 828 sed
1366 765 1546 852 quatenus

367 869 535 959 apparuit
557 868 594 936 in
618 867 694 936 illis
717 866 962 957 phoenomenis
985 864 1261 957 circumscriptis
1275 871 1313 935 et
1334 865 1466 959 figuris
1479 865 1543 937 hu·

364 977 548 1046 menitstis
569 974 808 1045 assumendas:
837 1005 853 1039 u
872 998 973 1068 quem
995 973 1102 1044 Pater
1124 980 1161 1044 et
1182 972 1354 1046 hominem
1376 973 1480 1046 nesci
1499 996 1542 1047 ax

364 1083 514 1174 Virgine
537 1082 665 1167 voluit,
691 1082 752 1175 qui
775 1088 811 1151 et
833 1081 930 1172 ignis
952 1080 1143 1174 aliquando
1165 1082 1284 1152 iaetus
1315 1087 1372 1152 est
1394 1082 1441 1152 sd
1463 1105 1542 1154 oum·

364 1191 574 1259 versandum
598 1213 675 1259 oum
705 1187 826 1278 Moyse
850 1188 887 1255 in
911 1188 1032 1257 rubos
1055 1187 1456 1259 insonantem.
1482 1189 1540 1261 sie

363 1298 469 1368 etiam
493 1296 708 1389 Theophilus
732 1296 757 1364 l.
777 1319 807 1365 e.
832 1295 1063 1366 disertissime
1078 1297 1143 1382 sit,
1160 1296 1316 1368 Verbum
1339 1298 1538 1391 utpotsSs·

362 1406 530 1499 pientiam
554 1412 591 1474 et
616 1405 791 1473 Virtutem
825 1404 944 1474 Patris
979 1427 1112 1495 semper
1135 1426 1273 1477 mamere
1299 1405 1482 1478 «insitum
1501 1404 1538 1476 iu

363 1514 465 1584 corde
487 1514 553 1583 Dei
572 1541 603 1597 n,
629 1513 688 1582 sed
712 1519 885 1606 quatenus
900 1521 955 1584 est
970 1513 1190 1607 prolatitium
1215 1506 1447 1607 (npcpsprxer),
1473 1511 1538 1584 sui·

362 1620 447 1691 licet
470 1620 733 1690 manifestatum
757 1620 794 1689 in
819 1623 966 1692 ostentis
1002 1621 1227 1707 visibilibus,
1253 1621 1305 1692 sio
1339 1621 1480 1692 veumss
1499 1620 1536 1692 iu

363 1729 566 1821 paradisum
589 1736 625 1797 et
647 1727 802 1796 locutum
826 1751 900 1800 esse
922 1729 1070 1813 Adamo‚
1095 1736 1133 1799 et
1148 1728 1244 1798 mitti
1265 1749 1288 1798 s
1310 1727 1438 1815 Patre,
1462 1750 1537 1801 cum

363 1837 479 1906 visum
503 1835 627 1921 fuerit,
654 1835 690 1904 in
714 1835 865 1929 aliquem
880 1836 1005 1907 locum.
1023 1835 1300 1907 Distinetissime
1316 1842 1431 1908 tutum
1442 1836 1535 1909 huuc

361 1944 499 2014 modum
517 1944 734 2040 concipiendi
751 1944 997 2038 theophaniam
1012 1945 1169 2037 explicat
1195 1943 1455 2016 Tertullianus
1474 1942 1538 2016 sd

361 2053 552 2144 primordio
577 2053 695 2123 Sermo
719 2060 798 2123 eret
820 2054 913 2145 apud
937 2054 1046 2124 Deum
1062 2060 1100 2125 et
1113 2053 1209 2122 Deus
1230 2061 1311 2124 erat
1324 2052 1459 2139 Sermo,
1477 2048 1534 2125 cui

362 2160 447 2231 date
471 2171 525 2231 est
546 2183 568 2229 a
590 2163 696 2231 Putre
719 2163 831 2231 omnis
855 2171 1010 2254 potestas
1025 2163 1062 2232 in
1080 2162 1186 2234 coelis
1201 2169 1237 2233 st
1250 2162 1288 2231 iu
1304 2161 1538 2254 terra...1pss

361 2269 406 2338 ad
431 2269 582 2341 humana
605 2294 739 2361 semper
762 2272 938 2365 colloquia
961 2272 1140 2343 descendit
1162 2273 1206 2340 eh
1227 2270 1342 2340 Adsm
1365 2268 1536 2365 usquead

361 2376 583 2468 patriarchas
605 2386 641 2448 et
664 2378 863 2469 prophetas,
889 2378 926 2448 im
944 2379 1091 2462 visione,
1109 2378 1307 2462 insomnio,
1325 2376 1364 2447 in
1380 2376 1533 2470 speculo.

346 2478 398 2555 ¹in
421 2487 630 2577 aenigmst03
658 2486 814 2556 ordinem
836 2509 936 2556 sunm
967 2485 1278 2574 (incarnationis)
1308 2494 1534 2577 praestruens

360 2593 405 2662 sb
420 2594 523 2664 initio
539 2618 683 2686 semper,
710 2617 809 2688 quem
832 2604 911 2665 erat
933 2602 1183 2687 persecuturus
1204 2593 1241 2662 in
1265 2593 1369 2664 finem
1393 2591 1447 2682 (iu
1463 2591 1532 2685 plo·

359 2702 522 2775 mitudine
545 2703 757 2794 temporie),
777 2703 846 2771 ita
869 2726 1003 2795 semper
1025 2702 1203 2774 ediscebat
1225 2701 1292 2790 (l);
1317 2706 1354 2771 et
1375 2701 1474 2772 Deus
1495 2700 1532 2773 iu

359 2810 467 2880 terris
491 2833 567 2879 cum
592 2810 789 2880 hominihus
813 2812 1013 2880 conversari
1038 2834 1106 2880 non
1128 2809 1223 2879 alius
1245 2814 1339 2897 (non
1362 2807 1439 2878 slis
1459 2831 1534 2902 psr·

361 2921 471 3001 sona)
495 2919 613 3009 potuit
636 2941 738 3011 quam
762 2917 893 3003 Sermo,
920 2918 981 3010 qui
1004 2940 1085 2987 euro
1107 2924 1186 2988 erat
1208 2918 1367 2986 futurus.
1392 2914 1533 2989 Edisse·

360 3023 422 3093 bat
444 3037 572 3109 sutem,
591 3034 633 3095 ut
647 3027 746 3095 nobis
770 3026 872 3096 fidem
896 3032 1081 3115 sterneret,
1100 3035 1142 3095 ut
1157 3025 1301 3096 facilius
1316 3024 1533 3096 emissemus

359 3131 491 3203 Filium
508 3135 574 3203 Dei
591 3135 808 3206 descendisse
832 3135 869 3204 in
893 3135 1082 3220 saeculum,
1097 3135 1128 3204 si
1139 3141 1175 3204 et
1186 3143 1281 3203 retro
1294 3133 1367 3203 tale
1380 3133 1467 3226 quid
1477 3155 1534 3226 gs·

360 3246 453 3312 stum
478 3265 801 3332 cognosceremus...
828 3243 887 3313 Sic
910 3245 1016 3314 etiam
1040 3243 1190 3313 affectus
1213 3242 1384 3312 humanos
1400 3240 1534 3313 soishst

359 3346 429 3417 ism
453 3355 562 3434 tune,
601 3357 828 3440 suscepturus
858 3352 965 3421 etiam
999 3351 1097 3441 ipses
1128 3350 1348 3422 substautias
1382 3348 1533 3420 hominis

360 3476 498 3526 carnem
521 3464 557 3526 et
577 3457 740 3526 animem:
767 3458 991 3550 interrogans
1013 3458 1128 3529 Adsm
1151 3456 1253 3552 qnasi
1276 3454 1448 3541 nesciens,
1473 3454 1532 3545 uhi

358 3583 396 3633 es
418 3564 549 3633 Adam?
574 3565 750 3656 poenitens
774 3567 865 3659 quod
889 3567 1059 3636 hominem
1075 3565 1218 3636 fecisset
1232 3563 1334 3658 qussi
1349 3585 1421 3633 uon
1436 3583 1533 3656 prus·

331 3704 335 3711 ·
359 3672 472 3742 sciens
494 3680 591 3744 eto...
619 3675 680 3767 qui
701 3675 807 3745 etiem
831 3675 1009 3765 passiones
1028 3674 1199 3744 humanas
1221 3680 1258 3742 et
1279 3670 1377 3743 sitim
1400 3678 1439 3743 st
1458 3695 1533 3745 ssu·

212 3804 220 3817 ·
358 3779 444 3850 riem
467 3791 504 3852 et
524 3781 703 3872 lacrymas
732 3789 768 3853 et
798 3783 909 3876 ipsum
932 3781 1157 3853 nativitatem
1180 3780 1362 3874 ipsamque
1388 3787 1534 3853 mortem

430 3996 472 4073 (1)
490 4001 594 4057 Eodem
613 4017 697 4057 sensu
722 4003 765 4058 stt
777 4004 914 4058 lrenscus
933 4003 956 4060 l.
970 4004 1114 4059 1v.e.1a
1125 4019 1156 4058 u.
1169 4001 1207 4057 4:
1224 4001 1388 4073 «quomodo
1401 4000 1471 4059 duis
1483 4002 1533 4059 Ias·

357 4093 404 4162 pls
423 4093 567 4161 Christus,
588 4096 614 4149 si
635 4112 689 4149 nou
709 4100 739 4149 et
757 4095 874 4149 initium
895 4097 957 4151 elus
977 4098 1076 4151 esset?
1089 4096 1145 4162 Qui
1162 4095 1237 4150 sulm
1255 4095 1340 4151 duem
1358 4091 1532 4162 inmittite

358 4189 389 4238 et
409 4184 526 4238 initium
544 4191 678 4254 operstns
701 4190 764 4251 est,
786 4191 816 4240 et
836 4187 898 4254 ipse
921 4191 966 4240 sst
989 4187 1040 4255 qut
1061 4184 1135 4240 dicit
1155 4186 1267 4251 noym:
1289 4183 1395 4238 vldsus
1413 4182 1533 4238 vidiss-

358 4275 501 4329 sationem
521 4276 621 4343 populi
642 4275 696 4329 mei
717 4276 767 4343 qui
784 4279 830 4330 est
851 4275 882 4330 lu
903 4276 1054 4345 Aegypto,
1077 4279 1107 4330 et
1131 4273 1265 4330 dssmudl
1289 4277 1324 4329 ut
1339 4288 1436 4329 eruum
1464 4288 1530 4339 eun

358 4365 393 4417 ch
412 4365 499 4416 initio
519 4373 640 4418 moretm
662 4366 780 4418 Verbum
799 4364 854 4420 Dei
877 4365 1024 4419 excudere
1041 4372 1068 4418 st
1087 4364 1249 4420 &uendere
1271 4368 1391 4435 propter
1409 4362 1530 4419 selum

357 4466 467 4523 eorum,
489 4455 540 4524 qui
553 4457 626 4512 mule
639 4455 789 4513 haherent.
803 4477 816 4508 n
