3172 4950
702 114 740 128 ..
762 84 823 144 247
844 114 882 128 -

206 187 440 257 simihtudina
462 186 648 275 naturali).
675 184 879 257 Similitudo
901 186 1097 276 naturalis,
1129 186 1173 277 da
1203 205 1273 277 qua
1302 184 1378 253 sola

207 319 296 367 nuuc
318 319 445 365 sumus
467 294 625 380 solliciti,
650 294 688 364 in
705 295 771 365 hac
786 293 1013 364 distinctione
1027 316 1097 362 non
1113 292 1259 378 dicitnr,
1278 292 1380 384 quasi

207 412 336 474 natura
358 426 432 472 una
453 411 490 473 et
509 403 752 473 altercassent
768 402 910 472 termini
926 410 1032 494 atque
1044 424 1115 470 una
1129 401 1236 469 alteri
1252 400 1380 469 similis

208 512 327 604 aliqua
350 511 537 605 qualitate,
552 512 612 582 sed
627 513 804 579 naturalis
822 510 1017 580 similitudo
1037 509 1094 579 hio
1116 509 1262 595 dicitur,
1289 508 1381 600 quod

210 623 327 688 cuitus
357 637 507 689 naturae
537 635 585 689 est
602 620 772 709 formulis
800 623 894 687 ratio
925 618 1171 686 similitudinis
1201 617 1380 685 distincto·

211 755 295 814 nm,
320 729 418 800 sicut
439 729 631 821 Apostolus
646 752 689 800 ex
705 731 819 799 forma
841 751 902 799 seu
925 735 1056 798 natura
1074 727 1227 797 humana
1248 749 1381 796 assum·

213 846 271 927 pta
293 837 388 907 dicit
408 837 544 907 Filium
565 837 632 906 Dei
651 837 720 906 cin
736 836 1004 907 similitudinem
1020 835 1198 903 hominum
1214 835 1379 904 factumn

214 944 317 1031 (Phil.
335 946 386 1015 H.
404 948 467 1033 7.).
483 944 701 1038 Hocitaque
724 968 828 1014 sensu
855 966 1022 1035 personae
1046 943 1188 1014 divinae
1212 942 1383 1012 dicuntur

215 1052 303 1123 inter
334 1075 372 1123 sa
403 1052 537 1123 similes
566 1053 755 1122 seeundum
785 1052 971 1123 essentiam
1002 1052 1059 1122 vel
1088 1051 1127 1119 in
1156 1048 1320 1120 essentia.
1343 1048 1383 1118 Si

217 1161 350 1254 quaudo
373 1183 458 1231 vero
480 1160 587 1230 etiam
609 1160 733 1231 Patres
756 1160 923 1231 catholici
947 1160 1072 1230 dicunt
1102 1167 1264 1228 naturam
1294 1156 1382 1226 Filii

218 1269 360 1339 similem
383 1277 534 1339 naturae
556 1268 698 1355 Patris,
731 1268 889 1359 intelligi
919 1269 1020 1339 debet
1049 1275 1180 1338 natura
1211 1274 1384 1360 quatenus

221 1376 454 1447 identificatur
477 1400 556 1447 cum
577 1376 681 1445 Filio·
696 1384 733 1446 et
756 1383 930 1469 qnatenus
953 1375 1203 1447 identificatur
1218 1399 1296 1446 cum
1319 1376 1382 1444 Pa-

223 1485 327 1572 tre,h.
345 1509 376 1556 e.
392 1485 598 1577 hypostasis
614 1485 799 1576 hypostasi
821 1484 949 1553 similis
976 1485 1166 1554 secundum
1189 1492 1353 1553 naturam
1372 1510 1380 1573 ;

172 1660 175 1665 .
225 1616 281 1663 non
302 1618 387 1664 vero
408 1600 541 1663 natura
562 1592 693 1661 similis
716 1593 852 1662 dicitur
874 1600 1025 1664 naturae
1040 1592 1111 1663 nisi
1127 1595 1171 1662 ab
1185 1593 1333 1662 Arianis
1348 1600 1385 1663 et

172 1766 174 1771 .
229 1700 453 1773 hemiarianis.
467 1702 573 1771 Patet
594 1724 636 1771 ex
660 1701 795 1787 dictis,
821 1702 1085 1769 similitudinem
1116 1703 1212 1771 inter
1243 1701 1385 1772 divinas

172 1818 175 1907 g
231 1833 401 1901 personas,
428 1818 471 1880 ut
493 1833 597 1881 seusu
621 1811 793 1882 catholico
816 1811 1062 1902 praedicatur,
1089 1811 1283 1881 coincidere
1307 1835 1385 1881 cum

172 1930 176 2009 ζ
233 1920 442 2010 aequalitate,
459 1923 497 1987 et
518 1926 703 2010 utramque
725 1940 800 1987 esse
823 1918 962 1989 tandem
980 1942 1204 2009 personarum
1221 1918 1385 1987 identita-

172 2014 177 2075 ἶ
235 2039 283 2093 tes
302 2028 492 2098 secundum
515 2026 701 2096 essentiam
725 2026 884 2115 (Aureol.
899 2027 925 2096 l.
944 2051 974 2096 o.
993 2050 1026 2096 a.
1042 2030 1104 2114 1.).
1466 2023 1469 2029 ’

283 2136 329 2205 II.
342 2136 399 2204 Ex
422 2134 532 2204 dictis
557 2133 803 2223 intelligitur,
829 2136 998 2226 quomodo
1028 2135 1156 2204 Ariani
1187 2143 1224 2205 et
1255 2133 1384 2204 Semia-

172 2240 177 2325 ἶ
236 2242 309 2314 mni
323 2244 572 2315 fraudulenter
595 2267 658 2335 pro
681 2251 815 2314 tessera
838 2243 1012 2315 catholiea
1028 2242 1178 2330 ὁμοουσιος
1193 2243 1385 2312 substitue·

172 2326 180 2497 Ι
236 2352 292 2422 rint
311 2353 460 2423 alteram
484 2353 657 2438 ὁμοισυσισς,
683 2360 719 2423 ot
742 2353 910 2444 quomodo
932 2352 1165 2422 nihilominus
1196 2352 1286 2421 hanc
1309 2349 1385 2440 plu·

172 2500 174 2511 ·
235 2479 276 2527 res
294 2460 400 2530 etiam
424 2459 488 2530 SS.
503 2460 627 2528 Patres
639 2482 743 2529 sensu
762 2459 932 2528 catholico
948 2459 1175 2550 interpretari
1193 2456 1384 2549 potuerint,

177 2556 180 2561 ¹
235 2569 421 2655 paeesrtim
445 2592 524 2639 cum
546 2568 670 2638 addita
693 2568 1005 2655 determinatione,
1031 2567 1166 2636 Filium
1189 2590 1264 2637 esse
1286 2565 1387 2636 Patri

234 2673 365 2747 dnilem
384 2702 449 2769 per
472 2681 588 2746 omnio
612 2692 644 2744 et
666 2680 741 2744 sine
763 2677 840 2744 clla
863 2675 1101 2767 discrepantia
1116 2673 1224 2764 (ipsun
1241 2699 1281 2765 τῳ
1299 2697 1387 2767 πατρι

172 2804 176 2881 g
232 2805 295 2850 uta
310 2808 411 2853 παντα
425 2810 477 2851 και
495 2783 768 2879 tramisisse).
794 2785 974 2880 Haeretici
996 2786 1089 2856 enim
1105 2785 1307 2876 significare
1329 2809 1387 2856 vo·

172 2890 176 2959 ἶῒ
230 2887 334 2964 lebant
355 2895 542 2965 essentiam
564 2894 713 2975 similem
740 2895 911 2965 essentiae
928 2902 1034 2986 atquo
1049 2895 1127 2964 ideo
1142 2894 1313 2964 essentias
1336 2893 1388 2964 di·

229 3000 366 3074 stinctas
380 3010 558 3095 tamquam
575 3004 743 3074 terminos
759 3004 1038 3096 comparationis,
1058 3027 1205 3096 quorum
1221 3002 1387 3072 similitu-

228 3105 309 3179 dinis
324 3110 419 3181 ratio
435 3110 595 3181 formalis
618 3111 664 3199 (si
687 3112 827 3204 quidem
850 3111 942 3181 alter
964 3110 1137 3181 terminus
1160 3117 1215 3181 est
1237 3110 1389 3180 essentia

226 3211 350 3304 divina,
369 3241 459 3312 quae
480 3242 550 3288 non
565 3219 637 3288 nisi
659 3241 731 3289 una
753 3241 827 3289 esse
854 3225 982 3311 potest)
1006 3219 1252 3289 constituenda
1274 3241 1389 3289 neces·

225 3328 308 3396 sario
322 3335 417 3397 esset
431 3328 469 3397 in
487 3329 636 3420 quadarn
652 3328 763 3398 solum
776 3330 1039 3400 adumbratione
1056 3339 1092 3399 et
1103 3329 1386 3421 participatione,

224 3442 321 3526 etque
344 3435 535 3505 adeoesset
555 3435 755 3505 similitudo
778 3436 943 3526 asclepa,
962 3458 1051 3528 quas
1074 3436 1111 3504 in
1135 3433 1389 3526 comparatione

222 3563 293 3613 cum
315 3541 553 3614 similitudine
575 3544 736 3610 naturali
758 3543 877 3634 potius
901 3551 956 3612 est
979 3542 1244 3641 dissimilitudo

279 3650 357 3720 Hoc
379 3651 506 3741 optime
529 3659 783 3742 perspexerunt
806 3651 935 3720 Ariani
958 3650 1027 3737 illi,
1047 3653 1109 3744 qui
1132 3676 1211 3721 cum
1234 3651 1339 3721 Aetio
1355 3661 1391 3722 et

219 3756 388 3829 Eunomio
409 3758 623 3850 impietatem
648 3760 723 3829 siue
746 3762 828 3830 fuco
859 3760 1135 3850 profitebantur,
1161 3769 1197 3830 et
1227 3762 1304 3831 ideo
1327 3784 1391 3852 pro

219 3867 446 3938 fraudulenta
469 3866 534 3935 ills
557 3868 810 3955 similitudine,
837 3869 913 3938 sine
928 3870 1133 3958 ambagibus
1150 3869 1283 3938 Filium
1301 3868 1391 3937 dioe-

219 3974 299 4045 hant
323 3976 425 4046 Patri
449 3976 654 4046 dissimilem
675 3973 833 4064 (irreptus,
852 3977 932 4047 inde
951 3977 1039 4046 dicti
1054 3978 1248 4063 Auomoei).
1265 3977 1323 4047 Sic
1339 3975 1391 4043 di·

216 4090 338 4173 sputat
358 4082 554 4153 Eunomiua
579 4083 688 4174 (apud
713 4083 749 4153 S.
764 4085 878 4154 Basil.
898 4092 1010 4155 contr.
1025 4084 1174 4154 Eunom.
1189 4085 1215 4152 1.
1229 4084 1260 4152 Ι.
1279 4108 1313 4152 n.
1333 4082 1388 4153 21.

217 4189 258 4262 Τ.
272 4190 303 4260 Ι.
322 4215 357 4282 p.
372 4190 455 4278 233)
479 4192 784 4284 argumentatione
810 4216 891 4263 sane
916 4192 1038 4263 valida
1060 4192 1232 4263 adversus
1254 4193 1393 4261 fucatos
