3172 4950
872 325 910 339 -
934 295 992 354 122
1013 326 1052 341 -

379 400 460 474 dine
483 424 526 470 ex
548 401 654 471 Patre
670 426 777 473 unum
792 404 951 498 idemque
967 426 1040 476 esse
1057 406 1163 498 (quod
1184 414 1240 476 est
1254 408 1389 493 Pater),
1406 429 1450 493 μτ.
1462 431 1546 493 μονον

379 507 473 594 botes
490 505 693 577 ἀλλαταυτον
713 533 750 600 τῃ
763 511 944 599 iactaret...
970 515 1127 606 Namque
1150 515 1186 584 in
1210 516 1385 606 corporeis
1408 515 1546 607 quidem

380 637 468 706 quae
491 623 574 687 sunt
596 618 727 689 similia
749 620 843 705 inter
856 646 903 707 se,
919 626 1064 713 possunt
1080 624 1212 694 distare
1227 630 1264 692 et
1277 623 1432 693 invicem
1448 623 1550 712 longe

379 724 521 810 abesse,
547 727 713 817 quomodo
736 751 772 797 se
797 728 927 799 habent
948 732 1043 800 inter
1064 731 1220 801 homines
1244 731 1312 800 filii
1333 731 1380 800 ad
1396 753 1480 800 snos
1494 753 1550 821 ge·

380 833 523 918 nitores,
549 835 643 905 sicut
664 837 834 927 seriptum
857 845 912 908 est
934 839 976 908 de
999 839 1112 908 Adam
1143 847 1179 908 et
1201 839 1287 910 Seth
1318 863 1361 908 ex
1393 841 1472 929 ipso
1495 861 1549 928 ge·

379 938 476 1023 nito,
503 942 613 1012 luisse
634 943 668 1011 ei
690 943 839 1014 similem
862 946 1049 1015 secundm
1073 947 1221 1038 speciem
1236 968 1347 1017 suam.
1365 947 1454 1016 Cum
1470 968 1550 1016 vero

379 1047 466 1127 Filii
489 1050 554 1120 Dei
585 1054 765 1140 generatio
792 1076 834 1122 ex
861 1054 966 1124 Patre
994 1055 1138 1125 diverse
1163 1055 1266 1148 plane
1298 1057 1350 1125 sit
1375 1075 1398 1122 e
1423 1062 1550 1124 natura

379 1155 578 1245 hominum,
604 1184 666 1230 nec
689 1162 802 1241 solum
824 1163 951 1231 similis
968 1162 1030 1232 ille
1046 1164 1096 1233 sit
1110 1164 1170 1233 sed
1187 1163 1419 1233 indivisibilis
1434 1184 1458 1229 a
1473 1163 1549 1233 sub

380 1265 512 1335 stantia
533 1268 676 1356 Patris,
701 1278 807 1363 atque
829 1271 902 1362 ipse
919 1278 954 1340 et
976 1272 1081 1341 Pater
1097 1294 1205 1342 unum
1227 1272 1313 1358 sint,
1330 1278 1374 1342 nt
1395 1270 1549 1340 idemdi·

379 1372 456 1458 xit,
483 1398 683 1469 semperque
706 1379 859 1449 Verbum
886 1380 935 1448 sit
960 1380 998 1448 in
1019 1381 1125 1450 Patre
1156 1388 1193 1450 st
1213 1381 1319 1449 Pater
1348 1381 1388 1448 in
1410 1380 1547 1464 Verbo¹

379 1481 472 1551 sicut
491 1505 528 1551 se
550 1483 656 1554 habet
686 1486 848 1577 splendor
872 1489 917 1558 ad
944 1487 1081 1573 lucem,
1107 1487 1173 1558 hoc
1191 1489 1282 1557 enim
1302 1495 1339 1557 et
1354 1488 1420 1556 illa
1443 1487 1551 1556 dictio

379 1588 581 1678 significem
603 1591 735 1663 idcirco
755 1594 919 1684 Synodus
939 1596 1024 1666 haec
1048 1598 1263 1688 perspiciens
1288 1603 1383 1666 recte
1408 1595 1552 1687 scripsit

379 1705 568 1793 ὁμοουσων...
593 1705 725 1775 Filium
752 1704 967 1794 splendorem
991 1728 1108 1773 omnes
1124 1705 1302 1791 dixerunt,
1322 1712 1365 1774 ut
1379 1728 1461 1774 eum
1474 1725 1550 1795 pro

380 1815 514 1906 prieet
535 1816 610 1884 sine
632 1813 805 1884 divisione
828 1836 967 1883 esse-ex
991 1814 1203 1900 substantia,
1223 1835 1264 1882 ac
1279 1814 1454 1884 unitatem
1476 1833 1550 1880 cunr

378 1922 484 1992 Patre
508 1922 770 1992 declararent...
794 1920 921 1990 Procul
944 1927 1059 1991 autem
1086 1922 1169 1991 hinc
1197 1922 1291 1991 absit
1313 1921 1428 1991 omnis
1451 1921 1551 2011 cogi·

378 2031 469 2099 tatio
492 2030 534 2100 de
565 2029 762 2121 corporeis,
796 2028 855 2098 sed
884 2029 1172 2119 imaginationem
1204 2030 1358 2099 omnium
1388 2050 1549 2098 sensuum

379 2138 597 2229 supergressi
620 2160 710 2228 pura
731 2137 970 2227 intelligentia
993 2145 1029 2208 st
1048 2138 1124 2206 sola
1147 2145 1262 2208 mente
1277 2139 1472 2229 cogitemus
1494 2158 1549 2228 gs·

379 2250 525 2317 nuiuum
547 2246 678 2315 Filium
700 2245 820 2315 Patris
835 2253 872 2314 et
893 2246 1032 2337 proprie
1052 2247 1118 2314 Dei
1141 2248 1294 2317 Verbum
1317 2254 1354 2317 et
1376 2247 1454 2316 sine
1476 2245 1551 2315 ulla

379 2357 617 2448 discrepantia
628 2355 843 2447 splendorem
856 2355 959 2424 lucis.
975 2354 1076 2425 Sicut
1087 2355 1179 2425 enim
1194 2379 1261 2423 non
1274 2355 1427 2423 humano
1439 2353 1548 2438 modo,

379 2465 439 2534 scd
462 2466 636 2535 utDeum
659 2465 779 2549 decet,
805 2464 947 2554 genitus
970 2469 1006 2532 et
1032 2463 1149 2532 Filius
1175 2464 1308 2534 dicitur
1332 2471 1371 2533 et
1393 2471 1472 2548 est,
1500 2463 1551 2531 ita

378 2573 484 2642 etiam
507 2596 585 2642 cnm
608 2594 726 2644 rocem
750 2573 900 2658 ἑμοουσιος
922 2572 1103 2657 audimus,
1129 2572 1300 2642 humanos
1331 2594 1459 2642 sensus
1484 2593 1549 2640 non

379 2682 540 2751 debemus
563 2682 661 2774 sequi
683 2680 972 2751 necdivinitatis
994 2681 1204 2773 partitiones
1227 2687 1263 2750 et
1278 2679 1475 2750 divisiones
1487 2681 1549 2748 fin·

379 2790 510 2878 gendos
534 2796 640 2874 sunt,
666 2790 726 2859 sed
749 2795 926 2881 tamquam
950 2788 1119 2858 derebus
1149 2788 1365 2880 incorporeis
1395 2789 1550 2877 cogitan-

378 2903 433 2966 tes
455 2898 628 2966 unitatem
650 2901 797 2967 naturae
820 2903 856 2966 et
871 2895 1092 2966 identitatem
1110 2897 1204 2966 lucis
1226 2920 1294 2965 non
1317 2894 1547 2988 dividamus»

381 3010 448 3095 (την
460 3014 585 3082 irorata
597 3035 649 3088 της
660 3036 774 3105 φυσεως
788 3039 840 3077 και
854 3036 908 3081 την
919 3035 1089 3081 ταυτοτητα
1112 3036 1164 3078 του
1185 3035 1278 3105 poree
1298 3035 1341 3100 μη
1363 3007 1546 3105 impegit).

378 3124 514 3193 Athon.
524 3124 567 3195 dc
579 3126 708 3195 decret.
718 3123 862 3192 Nicsen.
877 3123 985 3191 n.'20·.
996 3121 1052 3189 23.
1064 3122 1120 3190 24.
1131 3121 1221 3191 Vide
1228 3123 1351 3191 Petav.
1366 3120 1392 3191 l.
1407 3121 1473 3192 IV.
1482 3125 1548 3210 σῶς

378 3231 514 3301 llaran.
533 3232 575 3301 de
596 3232 718 3301 Divin.
736 3231 779 3299 D.
794 3230 839 3298 N.
856 3229 888 3299 Ι.
905 3229 944 3298 0.
962 3228 988 3297 1.
1006 3227 1070 3298 IV.
1090 3251 1120 3297 c.
1139 3228 1195 3296 ab.

445 3339 496 3406 Π.
513 3340 595 3408 Iure
617 3338 736 3408 induci
760 3338 849 3407 solet
871 3358 892 3404 a
914 3335 1089 3425 theologis
1117 3335 1267 3405 historia
1293 3337 1550 3411 controversiae

378 3448 421 3517 ds
442 3447 639 3517 nominibus
662 3446 840 3526 ὑπεστασις,
860 3441 959 3526 ἑυσια,
977 3467 1148 3536 προσωπον,
1173 3446 1211 3513 in
1232 3443 1375 3534 Synodo
1396 3444 1549 3515 Alexan·

378 3556 482 3625 drino
504 3557 547 3624 ab
570 3555 767 3625 Athanasio
794 3553 1002 3644 compositae
1033 3560 1210 3645 tamqnam
1241 3552 1384 3621 evidens
1414 3553 1548 3622 demon·

378 3664 506 3733 stratio
521 3715 540 3749 ,,
555 3684 658 3757 quam
682 3664 924 3734 indubitanter
946 3663 984 3731 in
1013 3661 1214 3731 definitione
1243 3660 1548 3731 consubstantiali·

378 3772 467 3841 tatis
490 3794 605 3841 omnes
629 3770 802 3841 Catholici
824 3770 1066 3841 intellexerint
1082 3768 1255 3837 unitatem
1270 3769 1484 3838 numericam
1500 3769 1547 3839 di·

378 3881 482 3949 vinae
503 3887 652 3949 naturae
675 3880 712 3948 in
734 3879 851 3948 tribus
874 3877 1056 3949 distinctis
1079 3876 1250 3970 personis.

437 3987 489 4056 Ut
499 3987 585 4056 haec
600 3988 841 4057 controversia
855 3985 1095 4077 intelligatur,
1106 3985 1228 4077 aliqua
1241 3982 1549 4075 animadvertenda

377 4103 462 4166 sunt
484 4097 526 4166 de
548 4119 617 4166 usu
640 4094 880 4188 philosophico
900 4096 1024 4164 horum
1041 4093 1219 4162 nominum
1234 4107 1423 4185 eorumque
1437 4097 1547 4161 trans

377 4205 510 4274 latione
544 4206 582 4272 in
613 4226 714 4272 usum
743 4203 979 4294 theologicum
1009 4203 1053 4272 ad
1084 4200 1355 4272 declarationem
1369 4212 1373 4219 ’
1386 4199 1545 4293 mysterii

378 4312 443 4387 SS.
459 4311 663 4381 Trinitatis.
681 4309 886 4403 Philosophi
909 4311 1073 4381 dicebant
1096 4306 1198 4376 ὲυσιαν
1221 4332 1283 4379 ssu
1299 4309 1544 4394 essentiamid,

378 4420 469 4513 quod
499 4420 667 4512 cuiusque
696 4419 749 4489 rei
779 4418 981 4489 delinitione
1012 4417 1222 4508 exprimitur
1245 4411 1293 4508 (το
1317 4439 1345 4483 τι
1381 4413 1418 4486 τὶν
1436 4411 1541 4505 iem).
