3180 4944
367 405 638 499 nophysitarnm
660 406 818 477 haeresis
841 310 1043 478 induffiiur.
1069 406 1129 476 Ita
1152 406 1190 475 in
1212 426 1319 475 causa
1333 404 1540 476 monothele·

368 523 485 586 tarum
508 538 551 586 ex
574 515 710 585 unitate
734 515 950 608 operationis
972 516 1082 586 trium
1104 536 1329 607 personarum
1360 537 1542 605 argumen-

369 628 469 692 tatur
492 622 530 692 S.
543 621 687 712 Agatho
699 623 864 693 Pontifex
876 622 914 691 in
927 622 1075 713 epistola
1090 623 1134 692 ad
1157 623 1268 714 Impp.
1282 621 1375 692 lecta
1397 622 1437 690 in
1459 620 1542 690 Con·

235 792 238 797 .
371 730 453 801 cilio
470 730 533 801 VI.
553 730 740 818 (Harduin.
753 731 795 800 Τ.
809 730 879 800 ΠΙ.
896 755 930 822 p.
944 731 1058 817 1083):
1080 760 1096 795 a
1110 731 1210 800 iuxta
1225 730 1385 820 regulam
1402 736 1541 798 sanctm

289 908 294 916 ,
371 835 564 907 catholicae
587 843 691 929 atque
718 837 929 927 apostolicae
953 837 1090 907 Christi
1118 837 1295 908 Ecclesiae
1325 837 1416 906 duas
1438 836 1541 906 etiam

372 944 553 1015 naturales
576 944 779 1014 voluntates
803 945 840 1013 in
863 968 903 1014 eo
930 951 967 1015 et
995 946 1083 1015 duas
1113 944 1296 1015 naturales
1325 944 1542 1036 operationes

370 1075 445 1122 essa
468 1053 654 1122 confitetur
678 1059 715 1122 et
738 1052 919 1144 praedicat
941 1055 1073 1142 (eadem
1096 1053 1282 1141 Ecclesia).
1299 1053 1392 1124 Nam
1415 1045 1449 1120 si
1464 1075 1540 1142 per·

371 1161 520 1228 sonulam
535 1166 639 1253 (quae
655 1167 823 1253 sequatur
838 1183 1018 1230 numerum
1034 1165 1275 1253 personarum)
1291 1164 1477 1253 qaisquam
1492 1162 1541 1226 ia·

373 1269 514 1360 tellipat
539 1270 772 1353 voluntatem,
802 1267 881 1336 dum
908 1284 975 1337 tres
988 1294 1156 1360 personae
1179 1273 1218 1336 in
1234 1271 1269 1340 S.
1290 1268 1470 1338 Trinitats
1492 1265 1540 1334 di-

372 1391 495 1444 camur
511 1426 521 1460 ,
539 1401 667 1446 necesse
694 1393 743 1468 est
764 1391 804 1444 at
827 1392 859 1444 st
887 1392 954 1445 tres
980 1379 1173 1446 uoluntates
1195 1378 1396 1469 personales
1419 1390 1453 1443 et
1479 1389 1541 1442 tres

372 1487 586 1574 operationes
594 1486 806 1576 personales,
820 1482 1102 1576 qaodabsurdum
1117 1501 1165 1552 est
1177 1500 1209 1552 et
1221 1487 1326 1553 nimis
1332 1485 1539 1576 profanum,

370 1579 577 1674 dicerentur.
603 1593 667 1661 Sin
690 1608 801 1661 autem
824 1591 915 1683 quod
934 1592 1022 1682 fidei
1042 1593 1254 1660 christianas
1279 1594 1410 1659 onitas
1438 1592 1540 1658 acati·

371 1713 453 1783 aet,
477 1700 653 1769 naturalis
669 1704 725 1788 (ex
748 1705 880 1769 natura
902 1705 943 1769 ut
965 1698 1137 1790 principio
1160 1723 1241 1790 qao,
1257 1702 1293 1768 et
1309 1721 1459 1791 sequens
1480 1718 1539 1765 nu·

373 1807 505 1899 marum
528 1813 761 1895 naturarum)
785 1808 944 1876 voluntas
968 1822 1040 1891 est,
1064 1809 1126 1874 aba·
1146 1832 1218 1874 aaa
1237 1808 1317 1874 iaec
1340 1821 1472 1873 natura
1494 1802 1543 1871 di·

373 1917 465 1981 citur
479 1930 619 1982 sanctas
639 1929 672 1983 et
696 1916 943 2005 inseparabilis
958 1915 1158 1998 Trinitatis,
1175 1927 1414 2005 consequenter
1429 1927 1464 1980 ee
1477 1934 1544 1978 aaa

372 2021 549 2089 naturalis
573 2023 733 2090 colantur
757 2037 790 2089 et
815 2048 887 2089 aaa
917 2023 1094 2091 naturalis
1129 2024 1283 2113 operatio
1314 2018 1544 2110 intellipsnda

373 2141 452 2194 esen
478 2135 545 2198 etc.
571 2128 676 2217 (Vide
687 2130 806 2200 Tract.
822 2130 864 2200 de
875 2131 1083 2218 Incarnat.).
1131 2193 1133 2196 ,

438 2235 514 2306 Iam
537 2258 621 2307 varo
643 2243 716 2306 tam
739 2238 777 2307 iu
808 2238 994 2330 Scriptura
1010 2259 1113 2331 quam
1135 2237 1173 2306 in
1196 2235 1457 2327 praedicatione
1480 2234 1542 2303 Pa·

372 2350 468 2414 trum
491 2343 611 2413 unitas
638 2344 788 2415 aetionis
819 2344 919 2416 velut
948 2352 1088 2415 nostrae
1117 2342 1376 2434 intelligentiae
1407 2341 1544 2434 propin·

373 2450 473 2544 quior
495 2474 537 2520 ac
559 2452 675 2522 notior
704 2453 912 2544 proponitur
943 2459 1120 2545 tamquam
1150 2450 1377 2541 principium,
1404 2472 1449 2519 ex
1481 2470 1546 2542 quo

373 2558 492 2628 onitas
507 2564 656 2628 naturae
671 2559 781 2629 trium
803 2581 1027 2651 personarum
1052 2559 1257 2629 deducatur.
1275 2557 1334 2627 Sic
1349 2556 1468 2626 Filius
1481 2554 1546 2626 Dei

373 2665 545 2736 unitatem
561 2667 738 2757 potentiae
760 2673 796 2737 et
818 2667 967 2737 actionis
990 2688 1074 2736 suae
1096 2688 1137 2737 ac
1158 2664 1277 2735 Patris
1292 2664 1337 2734 ad
1355 2663 1545 2733 servandos

371 2771 491 2842 fideles
505 2781 542 2844 et
556 2774 600 2843 ad
617 2774 766 2843 dandam
788 2773 899 2844 vitam
922 2780 1097 2844 aeternam
1121 2771 1258 2843 inducit
1272 2770 1374 2841 velut
1388 2769 1545 2840 declara·

371 2878 512 2968 tionem,
537 2888 574 2951 et
596 2883 789 2971 generatim
813 2882 903 2973 quod
926 2882 1001 2973 ipse
1025 2881 1113 2951 facit
1134 2902 1239 2971 opera
1261 2879 1381 2948 Patris
1403 2878 1473 2964 sui,
1488 2899 1545 2948 va·

374 2985 431 3056 lut
459 2987 786 3058 demonstrationem
817 2989 993 3059 enuntiati
1023 2988 1209 3078 mysterii:
1246 3009 1351 3076 sego
1381 2992 1419 3057 et
1441 2987 1548 3056 Pater

373 3116 479 3163 unum
492 3118 623 3184 sumus;
638 3097 792 3167 Peterin
805 3120 857 3166 me
870 3103 934 3183 est,
949 3102 985 3166 et
996 3119 1060 3186 ego
1071 3096 1109 3164 in
1121 3097 1227 3164 Patre
1240 3122 1257 3157 n
1271 3094 1324 3162 10.
1338 3094 1384 3162 X.
1396 3093 1455 3162 28.
1468 3116 1543 3186 sqq.

374 3206 495 3293 (supra
518 3226 553 3293 p.
568 3202 625 3270 21.
649 3208 754 3295 sqq.).
773 3204 832 3275 Ita
854 3205 974 3275 unitas
995 3203 1258 3298 testificationis
1280 3201 1446 3291 iungitur
1468 3222 1547 3271 cum

372 3308 508 3379 unitate
530 3310 724 3397 essentiae,
750 3318 787 3381 et
808 3312 1047 3382 testimonium
1078 3311 1188 3380 trium
1222 3315 1277 3378 est
1307 3307 1546 3378 testimouium

373 3416 477 3485 nnius
499 3417 577 3486 Dei:
605 3425 711 3489 utres
735 3426 818 3489 sunt
836 3408 902 3512 ¹qui
924 3418 1160 3489 testimonium
1184 3418 1271 3488 daut
1286 3416 1324 3485 in
1340 3417 1447 3503 coelo,
1472 3417 1547 3485 Pa·

372 3527 439 3608 ter,
464 3521 617 3593 Verbum
641 3531 677 3594 et
700 3524 857 3617 Spiritus
880 3525 1042 3611 Sanctus,
1060 3531 1096 3594 et
1118 3524 1156 3593 hi
1180 3531 1253 3594 tres
1267 3546 1384 3593 uuam
1400 3528 1543 3593 sunt...

372 3630 609 3701 testimonium
632 3632 698 3701 Dei
721 3632 834 3702 maius
857 3639 912 3702 est
927 3661 944 3696 n
971 3632 1126 3703 1.10.v.
1145 3633 1177 3700 7.
1194 3631 1227 3699 9.
1248 3636 1371 3720 (supra
1392 3629 1449 3699 th.
1468 3629 1545 3717 V.).

373 3735 511 3826 Pariter
533 3725 684 3807 affirmat
705 3738 844 3823 Filius,
871 3761 1003 3807 omnem
1026 3737 1258 3829 operationem
1273 3734 1393 3805 Patris
1408 3735 1492 3805 inde
1503 3735 1546 3804 ab

371 3842 513 3911 exordio
536 3866 610 3914 esse
634 3866 732 3915 suam
757 3845 1013 3936 operationem,
1039 3851 1076 3914 et
1097 3850 1205 3934 negat
1227 3842 1421 3934 potentiam
1448 3862 1547 3911 susm

372 3971 447 4019 esse
473 3949 581 4045 eliam
607 3973 710 4045 quam
741 3952 861 4021 Patris
893 3953 1104 4045 potentiam:
1135 3951 1277 4019 “Pater
1305 3971 1402 4018 meus
1437 3969 1547 4041 usqua

335 4091 337 4096 .
371 4056 471 4126 modo
494 4063 678 4148 operatur,
705 4065 740 4128 et
763 4082 827 4148 ego
852 4083 1029 4151 operor...
1056 4078 1289 4149 quaecumque
1318 4055 1381 4126 ille
1405 4054 1544 4138 iecerit,

372 4164 458 4233 haec
481 4170 517 4233 et
538 4164 655 4236 Filius
679 4165 842 4250 similiter
866 4166 955 4239 facit
981 4162 1089 4256 (ταυτα
1114 4189 1164 4230 και
1187 4162 1393 4249 &deciperem
1406 4157 1544 4248 ariri)...

372 4268 475 4341 Sicut
496 4272 602 4343 Pater
625 4274 776 4344 suscitat
797 4281 952 4344 mortuos
966 4280 1004 4343 et
1020 4272 1193 4360 vivificat,
1209 4270 1260 4341 sic
1275 4277 1312 4340 et
1326 4269 1446 4340 Filius
1461 4290 1547 4363 quos

373 4379 476 4468 vult,
503 4380 675 4453 vivificat.
696 4409 713 4447 a
735 4381 844 4452 «Non
859 4386 974 4474 potest
988 4381 1105 4453 Filius
1120 4401 1143 4450 a
1158 4403 1195 4450 so
1210 4381 1325 4450 faeere
1340 4377 1545 4472 quidquam,
