3172 4950
633 372 671 387 ..
691 341 753 402 325
778 374 814 388 -

180 440 279 513 lativi
302 441 397 513 inter
420 466 456 512 se
478 442 663 530 distincti,
689 446 819 515 entitas
843 468 926 517 vero
949 442 1110 515 absoluta
1133 465 1194 513 seu
1217 443 1308 514 divi·

180 562 230 620 tes
251 551 363 621 trium
385 561 440 621 est
463 576 533 621 una
555 552 709 624 nurnero.
768 582 770 587 ·
1162 556 1172 571 '

200 656 275 726 Iam
298 660 486 729 secundum
502 660 700 752 analogiam
717 688 759 733 ex
776 663 950 732 creaturis
973 660 1181 746 derivatam,
1201 646 1307 729 unum

180 766 333 837 solutum
355 770 702 840 commune‘dicimus
725 772 930 857 essentiam,
958 777 1120 838 naturam
1146 792 1207 837 seu
1230 770 1308 836 subss

180 877 325 969 utiam,
344 884 418 947 tres
442 878 627 948 distinctos
650 880 755 948 unius
779 879 1033 949 intellectualis
1056 885 1205 947 naturae
1222 877 1307 946 dici·

180 1008 213 1055 ns
233 976 400 1077 personas
431 987 660 1077 (hypostases
691 988 984 1073 intellectuales).
1015 987 1122 1057 Nemo
1151 992 1309 1054 nostrum

180 1094 297 1181 lrmat,
308 1095 398 1164 hanc
415 1097 523 1165 trium
541 1097 802 1167 distinctionem
818 1098 892 1166 sola
909 1098 1044 1165 ratione
1061 1095 1305 1183 demonstrari3

180 1200 315 1271 limmo
330 1204 425 1272 sicut
441 1203 517 1272 eain
531 1204 599 1273 fide
615 1205 799 1292 credimus,
819 1204 901 1296 qnia
917 1204 1011 1272 Deus
1027 1203 1101 1293 ipse
1118 1202 1305 1286 revelavit,

180 1310 316 1378 retiam
340 1312 534 1397 eredimus,
561 1334 635 1381 eam
657 1311 789 1381 lumina
811 1313 961 1380 rationis
985 1311 1216 1378 demonstrari
1240 1333 1307 1376 non

180 1439 234 1485 sae
255 1417 324 1505 (th.
342 1418 490 1505 XVH.).
517 1418 584 1488 Sed
608 1421 639 1488 si
662 1420 732 1489 iam
756 1427 913 1504 constat,
947 1443 1008 1510 per
1036 1418 1306 1487 intellectionem

194 1523 413 1594 dilectionem
435 1526 581 1595 realiter
611 1528 757 1618 produci
779 1528 945 1596 terminos
971 1527 1196 1594 immanentes
1222 1523 1307 1593 Ver·

180 1654 217 1699 nn
231 1638 267 1700 et
281 1631 455 1722 Spiritum
471 1633 650 1718 Sanctum,
668 1635 807 1726 reliqua
823 1634 864 1703 de
877 1635 1013 1702 unitate
1030 1642 1066 1701 et
1082 1631 1308 1700 distinctione

180 1736 264 1807 :hoc
287 1736 363 1827 ipso
386 1739 546 1828 dogmate
570 1742 825 1830 processionum
853 1772 869 1805 u
883 1765 942 1832 per
966 1738 1180 1807 necessarias
1202 1738 1308 1805 ratio·

180 1870 227 1916 a»
252 1848 549 1943 demonstrantur.
574 1848 670 1939 Ergo
693 1849 821 1918 iterum
852 1873 1057 1920 revocamus
1087 1848 1308 1917 adversarios

180 1954 294 2024 lillud
325 1979 454 2042 unum,
491 1962 532 2024 ut
561 1956 743 2025 evidenter
771 1958 1008 2027 demonstrent
1038 1955 1308 2048 repugnantiam

199 2082 255 2149 eo,
280 2064 372 2156 quod
395 2062 597 2134 intellectus
620 2064 782 2133 infinitus
804 2066 976 2155 producat
999 2066 1165 2150 Verbum,
1191 2072 1228 2132 et
1250 2089 1308 2133 vo·

180 2176 255 2240 nus
277 2171 418 2240 infinita
441 2172 613 2262 producat
634 2194 782 2240 amorem
800 2173 901 2242 velut
921 2170 1105 2242 terminum
1122 2173 1307 2240 immanen-

180 2302 226 2367 m3
250 2302 353 2373 quam
376 2281 645 2371 repugnantiam
663 2303 731 2349 non
747 2281 859 2351 s'olum
875 2304 1041 2371 negamus
1058 2304 1156 2372 posse
1173 2282 1308 2350 demon-

180 2386 263 2471 rari,
289 2387 349 2455 sed
372 2385 657 2472 demonstramus,
684 2388 915 2456 demonstrari
939 2411 1006 2455 non
1029 2411 1139 2478 posse.

206 2490 273 2575 Qui
296 2493 523 2562 immanentes
552 2494 740 2563 relationes
769 2501 805 2563 et
835 2495 990 2564 relativa
1013 2496 1050 2562 in
1074 2495 1145 2562 Deo
1169 2495 1309 2584 fingunt

180 2605 249 2669 utar
271 2602 381 2671 trium
404 2600 582 2671 hominum
607 2603 707 2671 velut
728 2603 891 2671 absoluta
913 2609 949 2671 et
972 2624 1136 2693 personas
1159 2603 1309 2670 invicem

180 2715 328 2797 paratas,
347 2731 493 2801 quarum
511 2708 635 2801 cuique
653 2732 717 2777 sua
731 2711 908 2799 numerica
925 2711 1094 2779 distincta
1107 2711 1155 2783 sit
1166 2718 1305 2795 natura,

192 2816 308 2910 utique
331 2816 526 2887 evidentem
554 2820 731 2908 reperient
762 2819 1071 2888 contradictionem
1104 2818 1140 2885 in
1170 2819 1309 2887 notione

180 2922 328 2994 eiunius
351 2931 388 2994 et
409 2927 518 3013 trini;
547 2927 605 2995 sed
628 2927 695 2994 tali
719 2926 902 3018 conceptui
926 2951 993 2994 non
1009 2927 1124 2994 minus
1139 2925 1310 2996 revelatio

180 3050 240 3100 nam
256 3034 333 3124 ipsa
348 3034 439 3101 ratio
456 3041 640 3124 repugnat.
660 3035 773 3127 Atqui
789 3037 832 3103 ab
847 3035 916 3102 isto
935 3040 1103 3124 conceptu
1120 3033 1309 3103 falsissimo

180 3128 360 3228 regreditur
383 3142 529 3210 obiectio
553 3143 702 3211 secundo
727 3152 763 3210 et
789 3142 896 3212 tertio
926 3142 1000 3211 loco
1033 3148 1306 3221 commemorata.

180 3242 287 3316 ieuim
312 3270 383 3318 una
405 3250 546 3319 infinita
569 3250 720 3319 essentia
750 3250 855 3318 simul
881 3248 990 3319 habet
1017 3252 1188 3320 rationem
1212 3250 1308 3317 abso-

180 3350 444 3442 usercenci,
471 3363 507 3426 et
529 3357 560 3424 si
583 3356 700 3425 eadem
731 3358 883 3427 essentia
906 3358 1046 3426 infinita
1069 3358 1310 3427 identificatur

180 3476 218 3528 nm
238 3462 351 3532 tribus
375 3462 550 3548 relativis,
576 3472 752 3554 repugnat
768 3473 808 3534 ut
824 3466 905 3556 plus
928 3465 1153 3555 perfeetionis
1176 3464 1308 3533 intelli·

180 3570 245 3635 ttur
268 3570 334 3638 sub
364 3571 501 3638 ratione
528 3570 604 3640 sive
632 3572 738 3639 unius
763 3573 837 3640 sive
862 3572 1016 3663 plurium
1047 3570 1305 3655 relativorum,

180 3690 240 3741 uam
261 3677 326 3745 sub
348 3677 484 3747 ratione
508 3677 669 3748 infinitae
692 3680 864 3749 essentiae
887 3680 1079 3748 absolutae.
1107 3677 1157 3746 De
1177 3676 1241 3745 hac
1270 3698 1308 3744 re

180 3781 228 3853 liis
246 3786 399 3855 diximus
421 3786 475 3854 th.
495 3786 574 3855 XV.
625 3836 628 3841 -

208 3886 246 3957 In
266 3915 306 3961 eo
328 3893 435 3961 etiam
459 3892 549 3984 quod
573 3892 744 3961 obiiciunt
766 3893 807 3961 de
831 3894 1073 3983 dependentia,
1099 3918 1141 3963 ex
1166 3915 1235 3986 qua
1257 3918 1308 3965 se·

180 4002 265 4068 uetur
286 3999 523 4105 inaequalitps
546 4022 784 4089 personarum,
810 4004 1019 4092 supponitur
1042 3994 1224 4092 productio
1247 4026 1306 4071 na·

180 4120 248 4192 uae,
271 4114 379 4201 atque
402 4106 482 4175 inde
506 4107 687 4177 distinctio
714 4107 845 4200 hocque
861 4110 937 4198 ipso
952 4109 1143 4178 diversitas
1166 4116 1309 4179 natura·

180 4204 226 4297 un,
242 4221 278 4283 et
298 4236 342 4283 ex
365 4213 423 4281 his
439 4214 589 4283 ulterius
605 4214 789 4305 productio
807 4239 867 4305 per
884 4238 1002 4284 veram
1021 4219 1202 4301 actionem,
1222 4240 1309 4309 quae

180 4326 306 4391 stremo
328 4323 422 4392 actio
452 4323 646 4412 producens
676 4322 824 4392 alteram
856 4334 1019 4392 naturam
1047 4331 1101 4393 est
1126 4324 1309 4393 verissima

180 4427 316 4500 eductio
338 4427 387 4497 od
410 4444 521 4498 extra.
539 4430 617 4498 Uno
633 4432 740 4500 verbo
758 4430 967 4521 supponitur
984 4431 1159 4501 sententia
1172 4432 1308 4500 Ariana
