3172 4950
704 295 883 361 -2oe-

662 490 806 555 THESIS
827 491 913 553 XIII.

329 630 525 691 iteratione
546 647 614 706 qua
636 629 797 689 attributa
819 628 979 706 quaedam
999 635 1030 687 et
1050 628 1256 704 operationes

437 726 684 804 appropriantur
704 730 766 787 uni
783 743 941 804 perronae
959 742 1039 803 prae
1059 726 1142 786 alia.

281 918 294 943 ι
308 891 446 958 Quamvis
465 906 500 943 ex
520 889 606 944 diotir
619 890 763 943 attributa
782 889 915 944 absoluta
927 891 957 942 et
969 888 1149 956 operationea
1169 886 1207 942 ad
1225 891 1306 943 extra
1316 888 1366 943 uiri

213 1010 226 1031 .
239 984 346 1050 utaque
366 980 554 1033 distinetione
575 994 661 1032 unum
683 994 826 1031 commune
849 978 943 1032 tribua
955 978 1094 1046 perron1a3
1118 977 1364 1032 nihilomiuutn

213 1100 225 1121 ι
240 1078 272 1129 iu
284 1074 433 1139 Scriptura
452 1085 537 1138 quam
550 1071 581 1122 iu
594 1070 665 1123 aliie
675 1069 852 1123 decurrentia
862 1069 929 1124 fidei
941 1070 1086 1123 attributa
1101 1069 1241 1137 quaedam
1254 1071 1363 1138 atquae

212 1186 225 1209 0
239 1162 302 1217 dan
321 1159 503 1227 operationes
522 1158 745 1223 appropriantur
763 1159 813 1210 nni
836 1173 973 1226 perronae
996 1172 1063 1225 prae
1081 1157 1162 1211 aliia.
1185 1159 1279 1211 Huiua
1296 1170 1363 1226 prae

210 1276 223 1299 ο
237 1249 391 1307 diratiouia
410 1247 485 1300 ratio
505 1250 568 1311 eat,
591 1251 624 1298 nt
640 1250 757 1300 aerrata
771 1248 966 1301 absolutorum
981 1248 1183 1301 eommnnItate
1195 1246 1362 1300 mitratur·

212 1366 224 1391 0
239 1348 287 1397 tur
305 1337 483 1403 singularum
503 1351 688 1402 personarum
709 1338 919 1404 proprietatee;
945 1353 1032 1405 quare
1054 1336 1362 1404 appropriationum·

211 1456 224 1481 ι
238 1432 399 1486 damentum
419 1431 463 1479 eat
483 1425 621 1479 attributi
639 1427 768 1480 absoluti
791 1429 928 1494 analogia
948 1444 981 1482 aa
993 1429 1085 1483 veluti
1098 1429 1225 1483 affinitaa
1243 1442 1303 1482 aun
1314 1426 1362 1481 aia

211 1544 224 1569 ι
239 1522 348 1575 rariore
370 1514 552 1582 hypostatice
568 1528 724 1584 parronae,
749 1516 795 1570 aui
815 1516 1028 1585 appropriatur.
1045 1538 1058 1565 ι

276 1694 309 1762 1.
326 1690 377 1759 Ut
399 1689 447 1758 ait
470 1692 711 1778 appropriatio
735 1713 804 1760 non
828 1692 968 1778 suffieit,
994 1693 1086 1786 quod
1108 1690 1306 1762 absolutum
1317 1712 1361 1761 ex·

211 1803 331 1901 plioite
353 1797 576 1890 praedicetur
600 1798 641 1867 de
665 1821 736 1868 una
759 1800 880 1893 aliqua
901 1822 1072 1892 pareona3
1090 1800 1150 1869 aed
1174 1801 1361 1894 appropria

211 1916 260 1981 rio
284 1907 409 1978 stricto
432 1927 535 1973 sensu
558 1911 634 1974 tum
657 1907 768 1977 solum
792 1915 869 1994 ost,
897 1909 1033 2001 quando
1062 1907 1260 1978 absolutum
1280 1927 1360 1999 prae

209 2020 350 2091 dieatnr
374 2013 415 2081 de
439 2033 509 2080 una
531 2035 677 2102 persona
695 2040 783 2105 prae
806 2017 894 2085 alia.
909 2017 992 2086 Ideo
1007 2040 1075 2085 non
1097 2017 1187 2085 eatis
1210 2013 1360 2086 nominate

210 2123 266 2197 vel
289 2142 358 2189 non
381 2118 508 2188 stricto
532 2142 636 2189 aenan
660 2123 861 2212 appellatur
885 2125 1128 2215 appropriatio
1143 2123 1182 2191 in
1204 2121 1299 2207 looie¹
1312 2116 1359 2189 uti

209 2235 314 2305 Pater
337 2227 471 2297 dicitur
497 2256 513 2292 u
542 2228 637 2299 aolus
655 2247 777 2321 patena
805 2257 866 2301 rea
888 2257 1047 2324 repam...
1075 2231 1136 2324 qui
1158 2230 1254 2301 solue
1275 2230 1359 2298 habit

211 2336 507 2407 immortalitatem
526 2364 542 2398 r
570 2337 602 2405 1.
618 2338 710 2408 Tim.
727 2340 792 2410 VI.
811 2341 881 2428 15.;
900 2341 958 2411 vel
982 2341 1042 2409 nbi
1057 2340 1174 2409 Filius
1200 2341 1262 2410 ait:
1283 2356 1357 2426 regi

210 2468 285 2517 anm
309 2442 392 2527 via,
417 2445 546 2510 veritae
569 2449 606 2512 et
628 2448 733 2512 oirar
760 2446 811 2515 Io.
827 2447 926 2516 XIV.
941 2449 974 2515 5.
989 2446 1052 2534 (1);
1078 2446 1137 2515 vel
1152 2445 1214 2515 nbi
1233 2445 1356 2536 Apoetr

209 2554 256 2624 lie
278 2551 518 2644 promittitur:
548 2553 760 2643 «accipietis
783 2558 945 2622 virtutem
969 2544 1252 2644 supervenientia
1266 2547 1355 2642 Spiri·
1391 2582 1393 2609 ÷

210 2667 269 2731 tus
293 2658 414 2728 Sancti
437 2659 475 2727 in
499 2678 562 2728 voa
576 2687 593 2721 n
618 2660 702 2730 Act.
728 2661 759 2730 I.
785 2664 827 2730 8:
854 2685 941 2756 qnae
972 2661 1087 2731 omnia
1112 2661 1266 2731 Didaone
1286 2655 1354 2728 uun

209 2768 300 2856 disp.
316 2767 372 2834 82.
392 2773 475 2837 aaut.
491 2767 524 2836 2.
540 2774 702 2837 numerat
717 2769 810 2839 inter
827 2770 1127 2861 appropriationes
1142 2770 1189 2839 of.
1205 2769 1242 2838 S.
1260 2766 1317 2837 rh.
1328 2761 1352 2831 l.

211 2902 244 2969 q.
260 2874 315 2944 39.
331 2896 364 2943 a.
379 2876 412 2943 8.
427 2875 546 2968 Neque
565 2876 656 2946 enim
673 2876 757 2947 haee
773 2879 1022 2969 praedicantur
1037 2902 1080 2948 ex
1094 2876 1238 2968 apeainli
1252 2881 1286 2944 et
1298 2891 1353 2965 prr

210 2983 289 3075 pria
313 2983 447 3051 ratione
470 2983 512 3052 de
536 3006 607 3052 nna
629 3009 776 3076 persona
798 3009 881 3079 prae
904 2988 998 3073 aliie,
1017 2986 1077 3056 aed
1099 2990 1153 3054 eat
1175 2979 1354 3074 simplicior

210 3089 395 3160 affirmatio
418 3090 570 3160 absoluti
594 3093 636 3161 de
661 3116 731 3163 nna
754 3117 901 3186 perenna
923 3095 974 3183 (2)
997 3094 1103 3163 etiam
1119 3115 1181 3184 por
1196 3113 1233 3160 ee
1246 3091 1354 3180 aperitr

209 3206 259 3281 ta,
279 3202 320 3266 ut
333 3197 428 3266 Deua
442 3204 508 3284 eat,
534 3221 622 3292 qnae
645 3223 727 3271 eane
749 3224 818 3271 non
841 3203 954 3293 magia
976 3198 1214 3292 appropriatio
1236 3189 1356 3267 diunt

210 3305 376 3391 videtur,
402 3327 504 3397 qnam
528 3330 606 3376 oum
629 3309 790 3400 singulae
813 3332 968 3381 seorsum
991 3330 1156 3400 personae
1179 3330 1210 3376 e.
1228 3331 1264 3397 g.
1281 3317 1354 3396 prat·

210 3413 374 3484 dieantur
397 3415 503 3485 Dana.

281 3686 323 3762 (1)
342 3691 436 3745 Filius
454 3690 604 3759 Supteutia
624 3710 637 3738 r
661 3691 755 3746 iratur
771 3695 817 3745 ert
836 3692 918 3745 nobie
940 3692 989 3746 via
1008 3692 1176 3761 temporalia
1196 3706 1247 3760 por
1264 3683 1359 3744 Iunili-

211 3784 298 3835 tatem
317 3777 559 3853 (humanitatem),
582 3796 653 3848 quae
674 3783 784 3835 manaio
807 3781 890 3835 nobie
912 3784 1030 3835 aeterna
1050 3785 1096 3835 aet
1114 3778 1237 3854 (veritae
1255 3784 1284 3833 et
1303 3765 1362 3842 aa)

210 3885 261 3939 per
280 3870 491 3925 divinitatem·
511 3870 584 3936 Aug.
594 3872 674 3924 TrIn.
687 3873 752 3925 VII.
764 3888 787 3924 o.
799 3872 826 3924 a.
839 3888 868 3924 n.
880 3870 907 3923 ὅ.

283 3957 322 4031 (2)
342 3962 376 4014 Iu
399 3960 500 4013 ultimo
520 3961 649 4027 exemplo
672 3964 716 4013 eet
736 3960 849 4028 quidem
869 3961 1065 4029 appropriatio
1086 3960 1205 4028 aliqua,
1220 3958 1294 4028 quod
1310 3954 1365 4026 spi·

211 4051 282 4105 ritui
299 4050 400 4104 Sancto
420 4051 562 4104 tribuitur
581 4065 648 4117 prae
674 4051 777 4104 retenta
796 4052 928 4118 personia
949 4052 1077 4118 operatio
1099 4050 1135 4104 ad
1155 4053 1248 4117 extra5
1262 4048 1367 4105 redata

210 4140 240 4193 in
261 4139 372 4191 nomine
392 4139 514 4203 virtutis,
537 4144 569 4191 ut
587 4140 662 4192 Ruir
683 4141 815 4194 aeaumit.
830 4139 960 4193 ceterum
980 4139 1145 4210 praedicata
1163 4140 1318 4208 potentiae,
1331 4150 1369 4191 ra-

210 4228 329 4295 rItatIa‚
348 4228 469 4282 virtutis
490 4233 612 4296 puerunt
632 4233 661 4282 et
680 4231 776 4282 uolent
800 4229 983 4298 appropriari
1002 4231 1053 4283 uni
1064 4244 1219 4297 perronae;
1239 4230 1271 4283 at
1288 4226 1318 4280 ia
1334 4238 1371 4279 aa·

210 4320 269 4373 lum
289 4318 471 4385 intelligitur
491 4320 522 4372 iu
541 4320 733 4385 cortentibus,
761 4320 792 4372 in
810 4320 915 4387 quibua
933 4323 979 4373 eat
1007 4317 1145 4387 quaedam
1167 4315 1374 4372 annumeratio

212 4411 242 4463 et
263 4410 438 4478 comparatio
456 4409 578 4464 aliarum
599 4424 794 4478 patronarum.
