3172 4950
558 358 596 373 -
617 327 655 388 31
678 358 716 374 .-

62 458 89 502 v.
99 435 140 501 6.
162 431 256 503 uhic
278 436 343 516 est,
370 431 432 525 qui
455 432 554 502 veuit
577 455 638 522 per
667 453 794 525 uquam
826 439 862 502 et
892 435 1098 526 sanguinem
1129 438 1230 508 Iesus

61 541 261 610 Christus...
288 545 324 609 et
347 538 505 630 Spiritus
527 543 582 609 est
605 539 666 631 qui
689 541 915 627 testificetur,
943 543 1104 634 quoniam
1129 545 1228 615 Chri-

60 656 126 719 stus
149 647 225 736 (vel
250 647 421 739 Spiritus)
437 653 492 716 est
509 647 688 732 veritus,-n
707 648 744 718 id
761 672 795 717 v.
815 651 857 717 7⁹.
878 656 914 718 et
929 650 972 718 8‘.
992 650 1178 721 distribuit
1193 653 1230 721 in

60 757 293 828 testimonium
316 757 472 831 incoelo
487 779 550 848 pro
567 755 757 826 divinitate
773 763 811 832 et
826 758 1064 828 testimonium
1081 760 1118 829 in
1134 766 1231 831 terra

61 891 113 959 pro
135 865 373 951 humanitate,
392 865 443 954 (1)
459 866 645 957 utrobique
673 872 797 935 notans
820 889 1000 936 numerum
1020 870 1227 939 ternarium.

65 975 235 1044 «Ioannes
259 973 454 1064 Apostolus
477 972 514 1042 in
537 973 687 1065 epistola
711 994 775 1043 suu
805 974 964 1067 loquitur
987 975 1129 1045 dicens:
1154 985 1228 1047 tres

65 1089 136 1152 sunt
157 1082 222 1174 qui
246 1080 485 1151 testimonium
502 1081 588 1149 dant
603 1080 640 1149 in
657 1080 762 1165 coelo,
781 1081 897 1166 Peter,
913 1082 1078 1167 Verbum,
1099 1091 1136 1152 et
1152 1083 1229 1176 Spi-

66 1192 145 1260 ritus
168 1190 347 1274 Sanctus,
372 1194 408 1258 et
430 1188 468 1257 hi
492 1195 566 1258 tres
598 1211 705 1257 uuum
737 1196 845 1274 sunt3
871 1212 933 1280 per
956 1189 1020 1259 boc
1044 1190 1230 1260 intendens

68 1299 254 1383 ostendere,
281 1297 373 1391 quod
396 1297 559 1366 Christus
575 1296 625 1366 sit
641 1320 746 1366 verus
769 1299 876 1367 Deus.
894 1297 943 1366 Et
958 1303 1031 1367 tres
1055 1305 1149 1382 sunt,
1168 1299 1230 1391 qui

69 1407 295 1476 trstimonium
319 1405 406 1475 dant
420 1405 459 1473 in
473 1411 582 1490 terra,
609 1405 778 1496 spiritus,
805 1428 907 1498 oque,
933 1411 969 1475 et
992 1407 1150 1496 sanguis,
1169 1429 1230 1498 per

70 1513 120 1583 loc
140 1513 328 1584 intendens
351 1512 553 1598 ostendere,
580 1512 670 1605 quod
694 1512 858 1582 Christus
888 1514 937 1583 sit
967 1536 1072 1583 verus
1096 1514 1226 1583 bomon

70 1620 171 1691 Innoc.
187 1619 468 1708 m;wa1afriu.
484 1619 611 1690 Strabo
628 1619 669 1688 11.
685 1643 734 1691 cc.

119 1729 168 1798 11.
188 1730 288 1812 Quae
311 1727 491 1821 hucusque
512 1727 678 1813 diximus,
704 1730 882 1820 pertinent
909 1728 1021 1798 solum
1044 1728 1088 1798 ed
1113 1728 1230 1799 deter-

71 1824 257 1908 minandum
280 1842 483 1906 contextum
505 1842 610 1928 utque
628 1859 766 1906 sensum
782 1860 817 1905 v.
832 1838 853 1903 6
869 1842 905 1907 et
920 1837 953 1905 8.
972 1836 1074 1908 Nunc
1090 1836 1229 1906 tandem

72 1944 265 2016 veniendum
287 1949 343 2012 est
367 1944 412 2012 ud
434 1942 764 2013 demonstrationem
779 1966 821 2012 ex
838 1968 874 2013 v.
889 1946 922 2028 7,
941 1945 982 2013 de
998 1965 1068 2037 qus
1083 1945 1120 2013 in
1133 1965 1229 2036 pree·

72 2053 145 2121 senti
160 2074 284 2122 sumus
300 2049 458 2120 solliciti.
472 2050 664 2120 Distinctio
677 2073 913 2141 personarum,
929 2073 1017 2144 quae
1028 2052 1066 2119 in
1078 2053 1229 2122 formula

73 2161 220 2251 baptismi
243 2160 527 2233 demonstrantur
551 2159 808 2250 significatione
836 2160 1011 2229 nominum
1034 2168 1072 2231 et
1094 2185 1229 2232 connu-

10 2296 13 2301 ·
73 2269 246 2339 moratione
267 2258 390 2352 trium,
415 2267 473 2337 hic
496 2266 627 2336 diserte
649 2266 877 2336 enuntietur:
904 2268 1028 2352 Peter,
1054 2269 1226 2355 Verbum,

10 2426 12 2441 .
73 2385 100 2446 ut
112 2377 266 2470 Spiritus
279 2376 429 2446 Sanctus
441 2381 525 2444 sunt
541 2390 608 2442 tres
623 2380 805 2445 testantes.
822 2375 961 2444 Pariter
977 2376 1095 2445 unitas
1111 2378 1229 2447 Petris

73 2492 101 2555 et
111 2486 194 2556 Filii
209 2493 249 2555 et
265 2484 421 2576 Spiritus
445 2484 567 2554 Sancti
592 2484 780 2554 secundum
796 2483 961 2553 deitatem
978 2491 1015 2554 et
1030 2485 1226 2553 absolutam

72 2593 314 2681 perfectionem,
330 2614 433 2684 quem
448 2590 485 2659 in
502 2591 652 2661 formula
669 2590 833 2682 baptismi
850 2591 982 2661 exiberi
1000 2591 1225 2679 ostendimus,

72 2697 117 2768 bis
135 2700 224 2791 ipsis
249 2698 367 2770 verbis
389 2699 607 2770 enuntietur:

126 2809 355 2901 Baptizautes
380 2831 438 2878 eos
461 2808 498 2878 in
518 2807 656 2878 nomine
671 2848 694 2862 -
710 2808 828 2878 Putris
848 2815 885 2878 et
906 2807 994 2878 Filii
1014 2816 1051 2879 et
1073 2809 1229 2900 Spiritus

71 2913 189 2987 Sancti.

122 3024 170 3093 Et
185 3023 224 3093 bi
241 3029 313 3092 tres
330 3045 437 3093 unum
454 3029 549 3092 sunt:
568 3030 680 3093 -tres
697 3029 792 3110 sunt,
811 3025 872 3117 qui
888 3024 1124 3095 testimonium
1141 3026 1228 3095 dant

69 3131 225 3217 incoelo,
251 3132 368 3216 Pater,
394 3130 548 3201 Verbum
570 3138 608 3201 et
631 3130 788 3223 Spiritus
812 3131 974 3201 Sanctus.

124 3242 194 3310 Res
224 3237 449 3309 testificanda
479 3239 665 3308 enuntiata
688 3246 742 3308 est
765 3263 800 3308 v.
820 3240 853 3306 6.
872 3239 905 3324 6,
932 3240 1023 3332 quod
1053 3241 1153 3310 Iesus
1176 3248 1230 3311 est

67 3347 221 3418 Christus
242 3346 360 3416 Filius
381 3347 460 3416 Dei.
487 3347 739 3417 Testimonium
756 3353 811 3418 cst
828 3349 969 3439 duplex,
989 3349 1138 3440 primum
1149 3353 1229 3440 for-

65 3458 155 3527 male.
182 3457 274 3527 Nam
297 3456 418 3526 statim
441 3457 629 3527 subiicitur
652 3482 688 3527 v.
704 3458 737 3524 9:
767 3487 782 3520 a
801 3457 896 3527 Deus
921 3456 1102 3545 (videlicet
1125 3459 1230 3527 Pater

63 3564 194 3634 nomine
209 3565 314 3647 Deus,
332 3569 373 3633 ut
395 3586 497 3655 saepe
520 3565 619 3650 alibi,
647 3565 805 3634 adhibito
828 3563 1086 3654 significatione
1109 3564 1230 3655 hypo-

62 3673 202 3759 statica)
226 3671 437 3741 testificatus
459 3678 514 3743 est
535 3673 577 3742 de
600 3672 693 3742 Filio
717 3696 780 3742 suo
795 3701 826 3741 n.
852 3674 926 3742 Hoc
942 3671 1060 3741 Petris
1075 3671 1229 3742 testimo·

61 3782 153 3850 nium
176 3780 220 3850 de
242 3779 338 3849 Filio
354 3802 428 3865 suo,
447 3786 483 3849 et
505 3781 744 3851 testimonium
769 3782 880 3873 ipsius
902 3779 990 3850 Filii
1013 3785 1050 3849 et
1073 3772 1230 3871 Spiritus

61 3891 180 3962 Sancti
196 3886 443 3979 multipliciter
456 3888 576 3959 datum
595 3896 660 3975 est,
675 3896 744 3959 ete
759 3889 852 3959 Filio
865 3891 909 3958 sd
926 3889 1017 3959 illud
1030 3891 1230 3984 frequenter

59 3999 297 4092 appellatum,
322 3996 374 4065 ita
397 4001 439 4066 ut
460 3997 559 4068 modo
582 3997 671 4069 duee
694 3998 793 4068 modo
828 4021 944 4068 omues
967 4004 1041 4069 tres
1064 4021 1229 4090 personae

125 4198 171 4276 (1)
183 4197 260 4256 Ordo
277 4198 430 4267 utriusque
449 4200 536 4255 buius
557 4200 693 4254 versiculi
712 4201 743 4254 ln
763 4199 843 4254 codd.
864 4201 963 4256 verius
977 4205 1031 4270 est,
1047 4202 1077 4256 iu
1096 4217 1152 4256 uon
1166 4217 1231 4268 psu-

57 4295 98 4347 cis
116 4295 147 4346 et
166 4292 256 4345 etiem
275 4290 350 4360 opud
368 4291 469 4345 Patres
488 4289 584 4364 (utin
603 4290 721 4357 Speculo
738 4289 895 4357 Augustini
915 4291 959 4344 ed.
974 4293 1041 4358 liei,
1058 4291 1132 4360 apud
1151 4291 1231 4356 vigi-

58 4384 128 4437 lium
147 4382 235 4450 'rapu
255 4383 285 4434 et
302 4377 513 4452 (lassiodorum)
531 4379 727 4434 testimouium
747 4381 778 4433 in
798 4383 876 4434 terre
898 4396 927 4434 v.
943 4382 970 4436 7.
984 4381 1172 4450 praeponitur
1190 4382 1230 4432 te-

59 4472 196 4528 stimonio
215 4471 246 4524 ln
266 4471 343 4526 coelo
361 4486 391 4524 v.
403 4471 433 4524 8.
447 4468 526 4543 (vide
546 4486 634 4540 supra
652 4487 681 4538 p.
697 4470 741 4523 68.
757 4467 814 4539 73).

1104 4576 1129 4644 s
