3172 4950
664 347 703 365 -
725 315 785 378 tte
805 347 843 363 -

188 422 342 493 dmodnm
373 446 410 492 se
444 423 550 493 habet
578 421 694 492 Filius
724 420 768 490 ad
794 421 958 506 Patrem,
985 421 1038 492 ita
1061 428 1097 491 et
1126 420 1170 491 ad
1202 421 1335 493 Filium

188 550 243 599 sese
261 529 366 600 habet
396 531 553 622 Spiritus
583 531 771 600 secundum
795 529 966 598 traditum
998 530 1035 598 in
1066 532 1235 621 baptismo
1260 555 1336 601 rer·

188 638 283 708 horum
306 639 476 708 ordinem.
496 639 596 722 Quod
613 639 643 706 si
661 639 818 728 Spiritus
841 638 934 706 Filio
958 637 1100 709 iunctus
1123 647 1194 721 est,
1221 640 1337 710 Filius

188 752 279 815 tutem
299 746 414 831 Patri,
439 747 554 838 liquet
576 747 688 836 ipsunt
714 747 820 812 etiarn
839 745 1011 833 Spiritum
1029 746 1126 814 Patri
1143 746 1333 834 adiungi...

188 850 265 921 Ilnus
285 860 403 922 autem
427 863 482 923 est
505 854 664 943 Spiritus
684 852 838 920 Sanctus
855 853 927 940 ipse
952 876 1087 945 quoque
1104 854 1336 943 singulariter

191 961 380 1045 nuntiatus,
407 985 468 1052 per
492 984 600 1030 unum
622 960 755 1028 Filium
783 959 845 1027 uni
869 960 970 1028 Patri
1001 961 1187 1050 copulatus
1211 984 1251 1032 ac
1275 985 1336 1053 per

191 1090 217 1138 tt
231 1069 393 1160 complens
416 1058 680 1160 glorificandam
704 1091 809 1158 super
833 1068 947 1135 omnia
963 1091 1003 1136 aa
1020 1070 1154 1137 beatam
1179 1070 1334 1140 Trinita-

191 1180 264 1247 hu·
287 1177 323 1248 S.
341 1179 454 1246 Basil.
473 1178 515 1247 de
532 1178 670 1268 Spiritu
689 1176 817 1245 Sancto
842 1200 871 1246 c.
889 1176 943 1245 17.
960 1178 1013 1246 18.
1029 1202 1064 1245 n.
1083 1178 1140 1246 43.
1157 1178 1214 1247 45.
1233 1209 1248 1243 o
1265 1178 1336 1262 Qui

191 1282 300 1355 Putrem
323 1286 513 1370 intellexit,
540 1293 612 1354 tam
636 1286 750 1375 ipsum
775 1285 812 1352 in
836 1308 871 1353 se
888 1284 1067 1353 intellexit
1083 1308 1184 1377 quarn
1200 1286 1335 1356 Filium

191 1391 268 1461 tinul
290 1393 530 1483 intelligentia
561 1392 760 1482 complexus
789 1399 863 1476 est,
889 1391 950 1482 qui
980 1399 1096 1461 autem
1119 1392 1252 1460 Filium
1275 1415 1333 1483 ap-

191 1498 356 1589 prehendit,
382 1501 519 1569 aFilio
544 1499 717 1590 Spiritum
741 1522 809 1567 non
837 1500 1012 1584 seiunxit;
1039 1500 1097 1568 sed
1122 1500 1220 1568 fidem
1240 1500 1333 1569 iden·

190 1604 269 1677 litate
285 1607 455 1676 essentiae
472 1606 607 1675 unitam
632 1607 669 1673 in
693 1629 729 1674 se
752 1606 764 1672 i
770 1629 828 1695 pso
843 1607 1017 1694 expressit
1031 1607 1138 1675 trium
1156 1606 1334 1674 sacro-dem

191 1710 311 1781 ordinem
325 1712 464 1806 quidem
479 1728 728 1805 consequenter,
746 1712 933 1780 secundum
952 1722 1117 1782 naturam
1136 1737 1218 1784 vero
1236 1715 1334 1785 unita

190 1838 216 1889 tt
230 1818 421 1891 habentium
445 1822 506 1909 (1).
525 1821 574 1889 Et
589 1821 650 1913 qui
667 1821 840 1911 Spiritum
866 1822 1035 1889 Sanctum
1051 1822 1155 1904 dixit,
1175 1823 1240 1892 hae
1256 1846 1332 1914 pro·

189 1922 307 1998 itttiom
329 1928 436 1998 simul
459 1928 658 2020 complexus
681 1937 736 1997 est
758 1952 837 1998 eum
860 1929 963 1997 cuius
978 1939 1030 1998 est
1044 1930 1212 2020 Spiritum
1228 1941 1333 2024 atrpue

190 2032 250 2127 I¹l⁸
267 2037 424 2128 Spiritus
455 2047 510 2107 est
541 2036 676 2106 Christi
699 2047 735 2106 et
758 2061 800 2106 ex
818 2038 895 2106 'Deo
920 2039 1021 2106 iusta
1053 2040 1157 2110 Pauli
1188 2042 1333 2111 effatum

190 2140 393 2229 (touvttl.
409 2144 458 2229 9),
477 2144 762 2237 quemadmodum
786 2168 828 2212 ex
853 2155 975 2213 catena
1005 2170 1114 2215 unum
1141 2158 1333 2218 extremum
1402 2162 1405 2171 '

189 2251 420 2340 tpuhendens
442 2252 548 2320 etiarn
573 2251 724 2320 alterurn
748 2252 853 2319 simul
877 2252 1042 2334 attraxit,
1068 2255 1119 2321 ita
1142 2257 1202 2346 qui
1221 2256 1333 2347 Spiri-

189 2358 242 2425 ltu
259 2360 421 2444 attraxit,
446 2369 489 2429 ut
510 2360 670 2453 loquitur
694 2360 868 2449 Propheta
892 2361 964 2447 (Ps.
984 2359 1148 2430 CXVIII.
1169 2364 1270 2447 tat),
1296 2371 1334 2436 et

188 2458 289 2537 titium
312 2478 349 2538 et
370 2469 511 2537 Patrem
536 2491 597 2559 per
621 2469 735 2557 ipsum
759 2469 865 2536 sirnul
892 2471 1059 2539 attraxit.-
1085 2470 1171 2539 Item
1197 2474 1228 2541 si
1252 2472 1333 2565 quis

188 2576 346 2645 terendum
382 2576 568 2645 veritatem
601 2575 736 2644 Filium
770 2576 1064 2667 apprehenderit,
1090 2577 1232 2647 habebit
1254 2604 1332 2648 enm

188 2676 265 2750 tinnl
279 2682 504 2752 adducentem
518 2681 696 2774 utrimque
711 2682 792 2751 hinc
809 2683 946 2775 quidem
960 2685 1097 2754 Patrem
1112 2708 1215 2754 suurn
1231 2686 1332 2756 illino

188 2802 247 2856 ruo
266 2790 441 2881 proprium
467 2791 639 2881 Spiritum
667 2789 1063 2882 praepararemur
1087 2793 1191 2858 deorse
1215 2817 1331 2886 πατερα

188 2888 257 2977 etit
276 2918 307 2962 to
324 2892 399 2962 ilua
424 2921 538 2982 πνευμα
556 2898 823 2986 curerapcpercr);
844 2922 954 2991 neque
977 2901 1068 2969 enirn
1099 2922 1120 2967 a
1151 2902 1255 2970 l'atre
1279 2903 1330 2971 di-

188 2997 240 3069 ridi
257 3005 386 3095 poterit
408 3027 541 3096 semper
558 3006 595 3072 in
610 3006 716 3075 Patre
731 3006 896 3090 existens,
916 3030 1025 3100 neque
1042 3007 1199 3098 disiungi
1216 3031 1237 3076 a
1254 3011 1330 3101 Spi-

188 3104 240 3178 titn
259 3134 318 3181 suo
342 3112 484 3203 proprio
507 3114 622 3180 omnia
645 3135 792 3203 operans
815 3114 849 3181 in
874 3115 950 3205 ipso
973 3115 1104 3201 (Filius
1120 3117 1155 3184 in
1173 3139 1237 3185 suu
1254 3118 1328 3209 Spi-

188 3212 263 3303 tltn).
277 3220 450 3290 Similiter
465 3209 570 3290 etiam
588 3220 650 3313 qui
667 3221 805 3289 Patrem
831 3221 1112 3312 apprehenderit,
1134 3224 1269 3293 virtute
1286 3225 1330 3294 si·

188 3323 239 3391 nrt
251 3328 446 3419 complexus
462 3336 517 3398 est
530 3327 664 3397 Filium
680 3336 715 3396 et
732 3328 905 3419 Spiritum
919 3328 1087 3398 Sanctum
1101 3357 1117 3393 n
1132 3329 1187 3398 Id.
1202 3354 1256 3423 ep.
1271 3331 1326 3403 38.

188 3424 324 3504 datm.
341 3436 377 3504 4.
545 3452 548 3458 '

232 3536 295 3611 lam
311 3543 349 3611 in
366 3541 430 3613 hoo
453 3542 573 3612 ordine
600 3543 926 3635 oeonsequentiae„
952 3542 1143 3611 intrinseco
1162 3550 1198 3611 et
1214 3567 1327 3615 neces·

188 3646 254 3717 Urio
272 3672 496 3743 personarum
520 3645 689 3714 cizolovssra
721 3672 800 3713 κατα
829 3672 882 3716 rra
906 3644 1009 3727 ταξιν,
1034 3657 1076 3718 ut
1098 3651 1255 3719 Basilius
1278 3653 1325 3721 lo·

188 3750 289 3843 luitur,
308 3759 412 3828 simul
428 3767 586 3849 spectata
609 3759 746 3827 unitate
763 3762 941 3828 numerica
956 3766 1105 3825 naturae
1122 3765 1158 3825 et
1174 3760 1325 3829 onmium

188 3865 407 3941 tutationem
422 3868 661 3937 absolutarum
679 3869 715 3935 in
732 3869 847 3936 tribus
863 3868 1031 3959 personis,
1046 3867 1248 3936 continetur
1265 3870 1326 3937 im·

188 3961 274 4048 liene
295 3977 454 4048 revelata
475 3977 650 4069 processio
673 3997 837 4067 personae
858 3975 986 4044 tertiae
1002 3975 1096 4044 sieut
1111 3997 1133 4042 a
1148 3976 1260 4066 prima
1274 3978 1329 4047 ita

217 4172 294 4250 lll'O
312 4206 356 4238 rot
378 4206 484 4259 norrea
503 4185 708 4247 roaoa;,duroo
729 4205 755 4236 rs
779 4184 816 4255 ἐς)
844 4183 940 4239 ἑαυτου
967 4188 1057 4244 irouoe
1082 4207 1125 4240 και
1153 4208 1196 4240 τον
1219 4187 1274 4244 u‘ror
1294 4209 1326 4260 τῃ

188 4272 257 4338 ”²⁰¹9
275 4277 504 4348 συμπαριδεξατο.
524 4274 537 4330 o'
559 4279 585 4329 tr
610 4294 701 4328 roaros
723 4273 877 4340 hadamuta
900 4274 956 4331 icoo
980 4295 1008 4328 ro
1031 4296 1136 4349 rrreupor
1158 4278 1204 4331 ὁυκ
1225 4277 1326 4348 drap:-

188 4362 484 4427 ¹⁰÷r‚atu'otaottoo8a;
502 4386 550 4436 μεν
567 4386 639 4421 κατα
659 4386 705 4422 την
729 4368 820 4431 refrt.
842 4384 1010 4437 συνημμενως
1031 4371 1058 4421 δε
1081 4387 1152 4421 κατα
1171 4387 1217 4424 την
1241 4381 1327 4437 quoto,

188 4452 212 4490 'l
228 4468 290 4523 *prat
310 4474 383 4509 κατα
401 4473 496 4509 rancor
515 4475 729 4529 eupatxoaptrnr
749 4455 777 4507 it
796 4452 881 4522 istoru
901 4473 947 4512 την
966 4475 1055 4509 rrrornr
1076 4451 1275 4510 averruncare.

1138 4560 1166 4598 00
