3172 4950
715 339 753 355 -
775 307 816 370 87
836 338 874 354 -

212 409 310 490 ooelo,
327 410 451 498 Peter,
469 412 636 501 Verbum,
651 418 686 483 et
701 413 857 503 Spiritus
874 412 1025 482 Sanctus
1045 409 1212 480 exhibent
1226 410 1380 482 testimo·

213 518 300 590 ninm
322 521 421 588 reale
442 528 479 591 et
501 522 840 608 demonstrationem,
866 522 958 615 quod
981 521 1135 591 Verbum
1158 520 1381 591 inoarnetum
1473 594 1479 605 ,

214 631 260 694 est
272 648 381 695 verns
394 624 514 696 Filius
528 625 605 715 Dei;
624 625 689 696 hoo
700 625 940 695 testimonium
955 649 1023 695 non
1035 625 1202 696 exhibent
1217 623 1287 693 nisi
1304 623 1382 694 uni·

216 737 280 803 tate
291 739 456 820 naturae,
475 735 559 826 quia
574 733 711 805 soilioet
726 734 878 803 Verbum
895 742 949 805 est
962 736 1057 805 Deus
1069 734 1222 805 etunius
1234 739 1382 804 naturae

217 863 282 910 oum
294 840 404 912 Patre
420 848 457 912 et
473 842 611 935 Spiritu
625 842 765 912 Sancto.
780 842 862 912 Ideo
879 843 997 913 verbis
1015 850 1119 912 utres
1131 866 1238 911 unum
1251 832 1335 911 sunt
1347 869 1380 930 n,

218 948 331 1040 quibus
354 950 569 1036 continetur,
594 975 657 1021 our
681 957 717 1020 et
740 951 906 1044 quomodo
928 951 1118 1022 exhibeant
1131 958 1205 1021 tres
1216 972 1383 1042 personae

219 1057 445 1127 testimonium
467 1082 531 1150 pro
556 1082 640 1130 vera
667 1059 844 1130 filiatione
876 1060 1018 1146 divina,
1052 1084 1120 1131 non
1144 1059 1242 1130 aliud
1264 1065 1381 1150 potest

221 1165 415 1257 rignifioari,
441 1190 546 1261 quem
568 1167 678 1238 trium
694 1170 813 1238 unitas
828 1169 1016 1240 seeundum
1032 1175 1196 1239 naturam
1208 1169 1379 1240 divinam.

222 1274 253 1343 3⁸³
271 1276 455 1358 Quatenus
477 1283 552 1346 tres
574 1300 739 1369 personae
762 1277 801 1347 in
824 1278 918 1348 ooelo
941 1278 1027 1348 dent
1050 1277 1289 1348 testimonium
1301 1282 1382 1369 for-

222 1385 294 1453 nole
314 1408 380 1476 pro
404 1385 575 1473 filiatione
598 1387 723 1459 divina
753 1386 835 1457 Iesu
867 1386 1020 1473 Christi,
1053 1386 1118 1457 hoo
1141 1387 1379 1457 testimonium

224 1493 402 1584 ontologioe
425 1518 533 1564 unum
556 1502 632 1582 est,
665 1496 749 1589 quia
771 1518 842 1565 una
863 1503 918 1567 eet
939 1496 1048 1566 trium
1071 1502 1211 1566 nature.
1241 1497 1382 1566 «Peter

224 1625 302 1673 nens
318 1603 544 1695 usquemodo
560 1611 736 1696 operatur,
751 1611 787 1674 et
802 1627 866 1696 ego
878 1628 1041 1697 operor...
1058 1629 1125 1674 non
1138 1611 1253 1697 potest
1263 1604 1382 1675 Filius
1498 1610 1501 1617 '

224 1731 288 1780 soe
310 1712 427 1782 faeere
450 1711 652 1805 quidquam,
670 1712 741 1782 nisi
758 1713 849 1806 quod
872 1713 1005 1784 viderit
1016 1714 1156 1795 Patrem
1172 1712 1377 1800 facientem,

225 1840 443 1913 quaecumque
458 1821 552 1890 enim
567 1820 628 1890 ille
642 1821 778 1906 feeerit,
793 1822 878 1892 haee
894 1828 930 1891 et
944 1821 1061 1892 Filius
1078 1813 1242 1891 similiter
1259 1819 1377 1890 faoitn

225 1923 263 1996 Io.
277 1928 321 1999 V.
339 1928 465 1998 17-23.
495 1929 641 2000 «Verbo.
672 1952 760 2022 quae
789 1952 853 2020 ego
881 1929 1004 2021 loquor
1035 1929 1153 2015 vobis,
1179 1951 1201 1997 a
1224 1951 1276 1998 me
1306 1929 1381 2019 ipso

225 2058 279 2105 non
295 2037 433 2129 'loquor5
459 2036 566 2106 Pater
589 2043 705 2107 eutem
728 2037 766 2105 in
789 2059 842 2107 me
864 2026 1111 2128 manens,'ipse
1127 2036 1216 2107 faoit
1240 2058 1345 2128 opere.
1361 2064 1378 2099 n

226 2144 261 2213 11.
280 2145 377 2216 XIV.
402 2145 458 2214 10.
487 2174 504 2209 e
518 2144 603 2214 Cum
631 2151 748 2215 autem
771 2144 910 2216 venerit
932 2144 995 2214 ille
1019 2145 1175 2236 Spiritus
1200 2144 1376 2231 veritatis,

226 2250 342 2324 dooebit
364 2277 427 2324 vos
450 2277 582 2325 omnem
604 2255 802 2341 veritatem,
821 2278 891 2324 non
913 2253 1005 2324 enim
1028 2254 1193 2345 loquetur
1216 2274 1237 2321 e
1260 2259 1380 2324 semet·

227 2359 299 2449 ipso,
329 2362 390 2431 sed
415 2383 649 2456 quoecumque
671 2362 792 2433 audiet
822 2362 1049 2456 loquetur...
1073 2361 1140 2431 Ille
1172 2385 1223 2432 me
1251 2361 1380 2432 olarifi·

226 2469 320 2555 tebit,
346 2470 431 2563 quie
453 2470 496 2539 de
519 2493 592 2540 meo
624 2471 774 2563 accipiet
799 2476 836 2541 et
860 2470 1087 2541 annuntiabit
1114 2469 1223 2541 vobis.
1257 2469 1381 2539 Omnia

225 2598 441 2670 quaecumque
457 2577 563 2647 habet
585 2577 704 2666 Pater,
729 2600 804 2648 mea
828 2583 921 2649 sunt.
949 2579 1135 2669 Propterea
1156 2578 1233 2648 dixi
1248 2577 1290 2648 de
1306 2602 1379 2648 meo

223 2686 367 2777 aoeipiet,
392 2692 430 2755 et
450 2686 677 2756 annuntiabit
700 2686 825 2759 vobisn
840 2686 892 2756 ibi
914 2687 1014 2758 XVI.
1031 2686 1155 2755 13-15.
1169 2685 1270 2770 Quod
1293 2709 1377 2776 ergo

222 2788 359 2863 dcitur:
387 2799 496 2863 utres
517 2817 626 2863 unum
650 2801 734 2866 eunt
750 2822 782 2881 n,
809 2793 964 2865 eontinet
987 2781 1170 2879 rationem,
1196 2817 1260 2864 our
1287 2793 1381 2878 sieut
1471 2829 1475 2836 ·

219 2902 315 2971 omnis
338 2901 495 2993 operatio
517 2902 563 2972 ad
586 2908 687 2973 extra
710 2925 780 2972 nna
803 2908 857 2973 est
879 2902 999 2989 trium,
1020 2903 1072 2972 ita
1089 2926 1197 2972 unum
1213 2903 1262 2973 eit
1278 2903 1378 2974 testi·

217 3009 370 3096 nonium,
396 3032 464 3103 quo
487 3015 666 3079 testantur
689 3016 774 3096 tres,
792 3010 912 3096 Pater,
931 3010 1084 3081 Verbum
1100 3010 1231 3097 Putris,
1249 3017 1285 3081 et
1301 3011 1378 3103 Spi-

214 3118 297 3188 ritus
309 3117 430 3187 Patris
440 3139 481 3187 ao
493 3116 592 3206 Fidii3
609 3117 702 3188 ratio
719 3117 887 3190 videlicet
898 3123 953 3187 est
964 3140 1071 3187 unum
1083 3118 1171 3188 Esse
1183 3143 1244 3189 seu
1260 3120 1380 3189 unitae

215 3228 370 3295 martiae
381 3225 444 3313 (1).
464 3225 566 3296 Siout
579 3232 697 3296 autem
712 3252 748 3297 v.
760 3228 781 3295 7
794 3226 1058 3297 directeonitao
1075 3230 1249 3311 essentiae,
1267 3234 1303 3298 et
1318 3251 1380 3319 per
1493 3257 1498 3264 ·

212 3356 418 3428 consequens
440 3337 558 3402 unitas
582 3337 771 3403 testimonii
795 3334 1005 3426 continetur,
1024 3336 1077 3406 ite
1093 3361 1128 3408 v.
1144 3336 1165 3403 9
1183 3336 1303 3406 ordine
1325 3336 1378 3406 in·

211 3466 307 3516 rereo
330 3443 463 3514 directe
485 3447 605 3512 unitae
636 3447 848 3529 testimonii,
873 3450 910 3516 et
931 3468 995 3536 per
1025 3467 1235 3538 consequens
1258 3447 1377 3514 onitas

210 3556 371 3623 mentiae
393 3552 612 3625 enuntiatur.

269 3661 414 3735 Etenim
443 3685 522 3734 oum
552 3660 963 3754 versiou107·proxime
992 3662 1148 3735 nectitur
1178 3685 1214 3732 v.
1237 3661 1278 3731 9:
1307 3661 1379 3731 «Si

286 3838 302 3864 Ο

275 3889 319 3966 (1)
335 3892 439 3947 :Fieri
451 3893 532 3949 nullo
552 3892 632 3948 modo
650 3895 756 3962 potest,
776 3895 810 3947 ut
827 3892 922 3947 Filius
942 3892 1055 3962 aliquid
1074 3893 1176 3962 faeiat,
1199 3892 1274 3961 quod
1291 3895 1379 3950 Peter

207 3998 260 4038 non
279 3983 381 4038 faeiat.
401 3984 502 4039 Omnia
523 3983 598 4037 enim
617 3999 689 4052 quea
707 3984 793 4037 Pater
817 3982 922 4050 habet,
947 3986 1016 4037 sunt
1033 3984 1124 4052 Filii,
1146 3983 1378 4053 quemadmodum

207 4074 334 4128 vicissim
352 4073 449 4127 omnia
467 4088 540 4142 qnae
558 4073 641 4140 Filii,
663 4077 731 4127 sunt
748 4073 855 4127 Petris.
877 4072 959 4125 Nihil
977 4073 1071 4138 igitur
1089 4070 1241 4146 (absoluti)
1255 4077 1300 4127 est
1318 4088 1379 4141 pro·

206 4161 307 4230 prium,
329 4164 399 4231 quis
418 4163 513 4217 omnis
531 4162 698 4229 eommunis,
721 4162 788 4229 quio
801 4163 895 4229 ipsum
907 4162 975 4214 Esse
988 4177 1129 4216 commune
1148 4166 1193 4216 est
1206 4166 1235 4214 et
1247 4163 1376 4229 aequale,

205 4254 261 4306 etsi
271 4254 349 4307 Filio
364 4254 405 4307 rit
419 4269 437 4307 a
450 4254 556 4308 Patren
571 4253 643 4309 o'odsr
657 4254 701 4306 o'vr
715 4253 789 4316 iduor,
806 4253 845 4308 ὅτι
859 4272 934 4306 uorsa
947 4272 1045 4317 παντα,
1058 4253 1115 4307 ἔπει
1130 4272 1173 4306 και
1189 4251 1256 4305 eiuro
1270 4270 1298 4302 το
1311 4251 1377 4303 isses

206 4363 287 4398 roem
309 4365 353 4399 m
375 4346 513 4418 ὄμοτιμον,
539 4345 562 4399 ir
585 4364 629 4400 και
642 4364 676 4415 sp
693 4341 736 4414 dep
755 4363 831 4415 παρα
844 4363 893 4399 του
908 4363 1007 4417 ratpot
1031 4343 1147 4412 Gregor.
1170 4343 1240 4397 Nau.
1264 4357 1305 4397 or.
1331 4342 1376 4396 30.

205 4432 244 4489 11.
256 4433 302 4489 16.
317 4450 346 4490 n.
362 4432 407 4488 11.
