3172 4950
715 355 896 415 -.122-

671 536 816 595 THESIS
838 536 941 595 XXX.

175 672 180 679 '
288 667 334 729 De
355 670 446 728 morlo
467 686 530 746 qno
549 674 705 745 processio
728 671 886 731 secundae
906 686 1064 747 personae
1086 678 1124 727 est
1145 668 1302 747 generatio,

214 770 371 842 processio
396 785 469 828 oero
501 770 618 827 tertiae
637 786 794 845 personae
818 778 853 827 ut
876 772 946 828 olio
971 768 1133 829 distincto
1158 769 1347 843 mossiscsirtsr

668 871 705 927 io
726 870 932 929 revelatione.

272 1030 340 1083 «Ex
360 1030 461 1083 dirius
484 1032 659 1084 revelatione
679 1035 802 1097 constat,
825 1030 977 1085 secundem
997 1047 1147 1099 personam
1167 1029 1303 1099 procedere
1317 1042 1348 1095 pu

217 1120 463 1187 „pausationem
485 1121 692 1188 processionem
712 1137 780 1173 vero
800 1136 938 1187 personas
961 1122 1066 1176 tertias
1086 1137 1150 1175 asse
1169 1121 1253 1175 aliam
1268 1132 1350 1186 spere

216 1232 228 1251 κ
244 1212 356 1264 ratione
375 1210 552 1273 distinctam.
575 1212 627 1265 Est
648 1216 742 1265 autem
762 1212 900 1266 secundae
922 1228 1060 1281 personas
1081 1212 1224 1279 processio
1246 1204 1351 1263 minis

216 1322 228 1341 ι
245 1316 330 1354 seusu
350 1303 466 1369 proprio
485 1302 695 1356 intellectualis
708 1306 738 1355 et
756 1302 882 1369 perlecta
900 1304 1048 1371 pencroiio
1068 1302 1191 1356 seclusis
1204 1298 1353 1367 {superiectis-

216 1413 228 1435 n
244 1393 339 1459 uibus,
361 1407 432 1458 quas
453 1394 569 1446 suntin
589 1394 824 1457 generationibus
843 1380 1049 1447 creaturaium.
1067 1416 1080 1435 ι·

279 1544 479 1635 Antequam
503 1544 589 1613 fides
612 1552 758 1635 quaerat
782 1545 933 1635 aliquem
957 1543 1178 1612 intellectum
1198 1542 1351 1613 diversita-

212 1650 273 1735 tis,
299 1671 368 1741 qua
391 1648 565 1738 processio
588 1650 759 1719 secundae
782 1674 849 1718 non
879 1656 994 1719 autem
1011 1650 1141 1718 tertiae
1157 1654 1357 1740 personseut

212 1756 352 1847 proprie
374 1760 573 1847 pancratio,
598 1781 639 1826 ac
663 1757 807 1848 proinde
839 1758 992 1827 secunda
1023 1779 1171 1848 persona
1197 1766 1251 1825 cst
1271 1754 1359 1825 Filius

212 1864 429 1953 unigenitus,
455 1865 563 1933 tertia
587 1872 702 1933 autem
727 1888 795 1934 non
819 1873 874 1935 est
897 1866 1033 1947 Filius,
1058 1871 1207 1955 oportet·
1218 1864 1358 1955 inspicere

213 1970 361 2057 modum,
388 1996 454 2064 quo
477 1971 514 2039 in
538 1974 752 2044 revelat-ione
775 1998 832 2043 res
855 1974 944 2065 ipse,
971 1978 1058 2065 quio
1076 1988 1138 2056 esc,
1156 1972 1254 2041 nobis
1278 1968 1359 2039 muri·

212 2079 380 2166 sectetur3
401 2102 442 2147 ex
459 2080 672 2149 revelatione
692 2081 783 2149 enim
800 2080 922 2173 aliqua
939 2080 1171 2172 quantumvis
1187 2078 1364 2171 imperfecta

212 2184 424 2272 intellectio,
458 2186 621 2280 quomodo
652 2192 719 2271 sic,
745 2188 945 2259 deducenda
975 2194 1041 2257 est.
1067 2186 1366 2277 Praesumptiorcm

211 2294 337 2386 quippe
354 2295 464 2365 solius
476 2297 626 2365 rationis
638 2297 769 2367 lumine
785 2297 1026 2387 investigandi
1041 2303 1116 2366 tum
1131 2296 1204 2366 alia
1219 2288 1366 2387 mysteri·

210 2411 286 2471 tum
309 2404 514 2473 nominatim
542 2404 725 2495 profundo
749 2406 815 2472 Dei
845 2406 881 2472 in
913 2404 1013 2483 modo
1042 2411 1080 2473 et
1110 2404 1148 2473 in
1180 2402 1366 2473 diversiteie

210 2514 478 2602 processionum,
504 2512 548 2583 de
573 2535 640 2604 qua
663 2536 755 2582 nunc
780 2512 966 2605 loquimur,
986 2512 1050 2581 SS.
1066 2508 1366 2581 Patres-unanimes

210 2620 496 2706 condemnarunt,
516 2621 653 2712 quando
670 2620 839 2689 haeretici
864 2644 904 2690 ex
933 2620 1121 2711 principiis
1139 2610 1366 2709 philosophicis

209 2728 417 2815 mysterium
440 2728 553 2817 ipsum
577 2728 841 2818 impugnabant,
867 2735 931 2797 aut
954 2751 995 2796 eu
1021 2727 1098 2795 illis
1127 2723 1302 2817 principiis
1317 2736 1363 2785 τι·

210 2834 339 2902 tionem
364 2836 445 2903 fidei
470 2836 694 2926 postulabant
718 2859 738 2904 a
762 2836 966 2906 Catholicis.
992 2836 1091 2904 Piam
1119 2858 1204 2905 vero
1218 2822 1356 2903 schmi-

210 2938 278 3014 lem
302 2943 563 3034 inquisitionem
589 2943 742 3012 alicuius
758 2943 963 3013 intellectus
979 2967 1020 3013 ex
1037 2945 1105 3014 fide
1122 2932 1354 3035 praesuppotil¹

209 3062 309 3123 etex
334 3054 414 3121 fidei
437 3053 625 3143 principiis
647 3053 751 3121 iidem
776 3053 839 3121 SS.
861 3052 986 3122 Patres
1009 3062 1085 3122 tum
1110 3052 1230 3123 verbis
1245 3042 1352 3119 dissei·

209 3161 503 3245 commendarunt,
523 3169 598 3230 tum
615 3161 770 3251 exemplo
789 3185 852 3230 suo
875 3183 916 3231 ac
939 3160 1227 3230 meditat-ionibus
1245 3156 1351 3251 proluu-

209 3267 363 3336 dissimis
386 3291 449 3335 nos
473 3268 668 3336 docuerunt
693 3268 788 3355 (vide
812 3268 936 3337 Didae.
962 3268 1053 3337 Ruiz
1077 3266 1169 3360 disp.
1180 3267 1240 3353 V).

276 3376 431 3445 Primum
456 3376 574 3467 itaque
597 3399 669 3444 rem
694 3376 805 3467 ipsam
824 3375 1122 3445 considerabimus
1139 3376 1176 3445 iu
1193 3368 1353 3465 Scripturis

209 3483 424 3569 revelatam,
451 3482 541 3573 quod
565 3483 716 3553 secunda
740 3506 806 3551 non
830 3490 946 3551 autem
964 3483 1073 3552 tert-ia
1088 3504 1237 3573 persone
1249 3474 1354 3573 propris

208 3608 414 3680 pencrotnr,⁸
437 3598 512 3658 tum
544 3591 766 3681 praelucente
798 3592 1015 3661 revelatione
1044 3592 1206 3683 proprias
1235 3588 1356 3660 ratione

208 3703 443 3790 penerotionis
459 3699 612 3784 divinae,
632 3706 800 3790 quantum
821 3698 918 3784 licet,
937 3700 1167 3791 inquiremus.
1185 3692 1354 3768 Haeceuiu

209 3814 292 3875 sunt
315 3808 554 3891 fundamenta,
580 3831 622 3875 ex
646 3808 774 3898 quibus
790 3806 1028 3877 deducendum
1046 3812 1112 3894 est,
1132 3831 1195 3878 cur
1211 3798 1356 3899 prooeflii

209 3912 368 4003 Spirirus
392 3913 514 3983 Sancti
537 3914 717 4004 generatio
742 3937 809 3982 non
834 3914 902 3999 sit,
928 3914 970 3982 de
1001 3936 1072 4007 qun
1094 3937 1134 3985 re
1156 3914 1196 3984 in
1217 3910 1301 3984 thesi
1319 3928 1357 3977 se·

209 4020 330 4110 quenti
354 4021 519 4089 dicemus.

274 4127 304 4195 1.
331 4128 531 4197 Diversitas
548 4128 612 4196 illa
628 4129 664 4196 in
681 4130 899 4220 processione
923 4131 1094 4200 secundae
1110 4152 1153 4213 ac
1167 4132 1289 4201 tertiae
1301 4144 1357 4217 per

208 4255 311 4303 sonae
334 4259 402 4303 non
427 4237 542 4304 minus
565 4257 668 4328 quam
696 4238 871 4326 processio
894 4236 970 4327 ipsa
993 4260 1034 4307 ac
1058 4238 1244 4309 distinctio
1268 4252 1357 4329 perso

208 4367 331 4412 narum
357 4344 393 4411 in
414 4344 610 4434 Scripturis
626 4345 784 4413 revelata
799 4352 853 4413 est
869 4345 899 4412 1·
916 4346 1003 4437 ipsis
1019 4347 1173 4438 propriis
1189 4342 1357 4415 nominihus

207 4474 444 4541 personarum.
473 4452 683 4521 constanter
714 4452 804 4521 enim
837 4452 930 4523 inter
960 4453 1108 4545 primam
1138 4461 1175 4524 et
1201 4448 1358 4523 secundm
