3172 4950
704 333 741 347 ..
766 301 824 361 136
844 331 882 346 -

211 403 411 488 versalium,
430 405 556 473 Petrus
579 411 615 474 ct
637 405 768 474 Paulus
790 429 858 473 non
879 403 1010 472 habent
1030 402 1119 473 duas
1141 401 1383 472 humanitates

209 535 350 580 numero
373 510 559 582 distinctas
582 513 642 581 sed
665 535 769 581 unam
792 512 1064 596 humanitatem,
1087 510 1244 601 praecise
1266 516 1310 578 ut
1330 516 1384 578 est

209 616 422 702 humanitas,
447 625 484 687 et
506 641 573 688 non
596 628 680 688 sunt
695 619 762 688 duo
778 618 932 688 homines
956 619 1016 687 sed
1038 640 1130 687 unus
1152 618 1267 701 homo,
1286 639 1382 708 prae·

209 725 279 793 eise
303 732 344 793 ut
366 724 440 792 sola
462 727 553 794 ratio
576 725 726 794 hominis
750 725 1002 796 consideratur.
1028 724 1135 793 Porro
1157 723 1223 791 illa
1238 723 1383 793 univer·

209 830 295 900 salis
317 832 468 901 essentia
483 857 545 902 seu
561 833 625 902 illa
639 834 796 924 praecisa
811 832 903 901 ratio
919 831 1070 901 hominis
1083 832 1244 901 afficitur
1260 829 1382 899 multis

208 941 300 1009 uotis
312 940 627 1027 indivisionibus,
637 942 764 1033 quibus
779 942 832 1025 fit,
847 948 888 1011 ut
903 941 952 1010 sit
973 942 1102 1010 Petrus
1116 946 1153 1009 et
1168 939 1218 1009 sit
1232 938 1377 1024 Paulus3

207 1048 287 1117 istis
295 1070 378 1117 vero
387 1049 478 1117 notis
490 1049 752 1118 constituuntur
761 1070 801 1118 ec
814 1049 962 1118 invicem
973 1047 1144 1117 differunt
1156 1046 1378 1138 hypostases.

207 1150 334 1225 Petrus
356 1179 440 1246 ergo
455 1162 491 1225 et
505 1157 637 1226 Paulus
660 1181 728 1225 non
744 1156 1016 1246 distinguuntur
1031 1156 1125 1225 iuter
1140 1178 1189 1239 se,
1208 1159 1380 1247 quatenus

208 1262 309 1332 homo
332 1273 437 1352 sunt3
464 1264 524 1334 scd
548 1273 719 1357 quatenus
742 1271 826 1334 sunt
848 1266 910 1334 ille
932 1264 1137 1355 hypostasis
1158 1264 1306 1348 Petrus,
1324 1260 1379 1330 hio

82 1456 88 1463 .
207 1370 409 1462 hypostasis
432 1372 505 1440 alie
519 1374 662 1442 Paulus.
680 1375 723 1442 In
739 1375 805 1443 hac
820 1373 1041 1465 philosophis
1057 1379 1175 1441 manet
1190 1370 1316 1462 utique
1329 1369 1378 1437 iu·

208 1484 347 1568 tegrum
370 1479 555 1549 discrimen
579 1480 672 1549 inter
695 1481 850 1549 divinam
872 1480 1057 1549 essentiam
1080 1479 1257 1548 infinitam
1272 1484 1377 1546 etna·

207 1596 324 1657 turam
347 1588 505 1673 finitam,
530 1589 621 1681 quod
645 1589 767 1659 divina
789 1590 941 1658 essentia
964 1588 1225 1679 simplicissima
1247 1584 1376 1655 nullam

208 1695 396 1765 admittens
430 1695 709 1786 compositionem
744 1695 855 1765 nullis
888 1696 1041 1767 afficitur
1072 1694 1314 1766 accidentibus
1344 1696 1377 1762 et

208 1803 318 1873 nullis
356 1804 449 1873 notis
480 1804 787 1874 individuantibus
825 1804 1021 1889 absolutis,
1053 1803 1114 1872 scd
1151 1809 1285 1872 natura
1318 1801 1375 1869 hu·

209 1933 311 1979 mana
333 1920 424 1981 essct
446 1935 588 1981 numero
611 1934 681 1980 una
704 1913 741 1981 in
757 1911 919 2002 pluribus
935 1911 1198 2003 hypostasibus,
1217 1912 1314 1981 sicut
1327 1914 1377 1979 est

208 2020 328 2088 unitas
350 2020 492 2089 divinae
507 2028 654 2091 naturae
670 2022 707 2090 in
722 2022 837 2091 tribus
853 2021 1022 2112 personis.
1035 2020 1134 2089 Unde
1147 2021 1210 2113 qui
1223 2020 1317 2088 hanc
1329 2042 1376 2087 se·

208 2150 317 2218 quens
333 2127 587 2219 philosophiam
607 2129 749 2215 diceret,
764 2130 914 2214 Patrem,
928 2129 1073 2214 Filium,
1089 2128 1264 2218 Spiritum
1277 2127 1377 2197 Sauc-

206 2242 282 2304 tum
306 2259 412 2304 unum
429 2259 504 2306 esse
518 2236 641 2321 Deum,
660 2238 753 2307 siout
774 2238 910 2323 Petrus,
929 2237 1073 2323 Paulus,
1094 2237 1281 2306 Barnabas·
1300 2240 1378 2304 sunt

208 2366 299 2413 unus
322 2343 433 2431 homo,
460 2344 491 2414 is
513 2346 686 2414 unitatem
708 2346 774 2415 Dei
795 2353 832 2414 et
854 2346 1140 2435 singularitatem
1156 2345 1300 2414 divinae
1322 2364 1377 2411 na·

209 2457 310 2520 turae
333 2451 371 2520 in
394 2452 509 2521 tribus
532 2453 689 2542 personis
712 2452 893 2522 distinctis
915 2475 983 2521 non
1002 2460 1160 2543 negaret,
1178 2453 1284 2522 immo
1300 2472 1378 2522 vero

208 2558 340 2628 diserte
362 2560 573 2648 adstrueret;
601 2561 661 2628 sed
684 2559 957 2629 illustrationem
972 2565 1010 2630 et
1032 2559 1313 2650 intelligentiam
1324 2581 1380 2628 vc·

208 2665 330 2737 ritatis
351 2667 527 2738 revelatae
550 2691 593 2737 ex
616 2666 718 2736 salsis
740 2668 925 2759 principiis
952 2667 1204 2760 philosophicis
1227 2668 1379 2737 desumo·

208 2779 275 2861 ret,
301 2776 453 2868 adeoque
475 2799 572 2845 error
589 2799 658 2844 non
678 2783 770 2845 essct
786 2775 1004 2865 theologicus
1027 2775 1086 2845 scd
1103 2773 1376 2866 philosophicus.

275 2882 349 2949 Iam
362 2905 444 2975 vero
461 2883 545 2952 haec
560 2882 734 2973 principia
750 2881 988 2974 philosophica
1003 2884 1140 2952 omniuo
1152 2889 1296 2952 secutus
1306 2903 1380 2953 esse

208 2989 350 3059 videtur
372 2989 409 3058 S.
427 2988 620 3078 Gregorius
642 2989 836 3078 Nyssenus.
870 2989 1144 3077 Obiicientibus,
1170 3013 1212 3058 ex
1237 2990 1380 3059 eonsuh·

207 3097 444 3166 stantialitate
467 3097 577 3165 trium
600 3118 824 3187 personarum
848 3099 946 3190 sequi
969 3104 1042 3167 tres
1064 3120 1139 3167 esse
1160 3098 1264 3184 Deos,
1289 3097 1382 3167 mont

208 3212 292 3272 sunt
314 3202 468 3273 homines
484 3210 569 3291 tres,
587 3203 771 3294 Nyssenus
787 3206 982 3295 respondet:
1001 3212 1075 3275 tres
1090 3205 1245 3274 homines
1269 3205 1381 3273 abusu

207 3312 375 3382 sermonis
398 3312 491 3398 dici,
516 3336 558 3381 ex
581 3313 767 3404 principiis
790 3315 956 3384 scientiae
979 3315 1101 3384 dehere
1124 3313 1196 3384 dici
1218 3321 1292 3383 tres
1313 3312 1380 3404 hy·

208 3428 363 3511 postases
386 3427 423 3489 et
437 3443 544 3489 unum
560 3421 743 3507 hominem,
763 3422 846 3514 quia
861 3445 965 3491 unam
981 3422 1111 3492 habent
1125 3422 1380 3491 humanitatem

207 3535 244 3598 et
258 3530 347 3614 ideo,
366 3536 537 3622 quatenns
560 3530 659 3599 homo
675 3536 770 3616 suut,
789 3554 850 3601 nec
867 3531 1136 3622 distinguuntur
1151 3530 1302 3600 invicem
1317 3552 1380 3600 nec

207 3637 383 3706 numerari
398 3637 534 3725 debent,
554 3638 645 3707 unde
661 3637 771 3707 multo
795 3639 901 3707 etiam
917 3639 1030 3729 magis
1047 3637 1306 3729 simplicissima
1320 3658 1379 3706 na·

206 3750 289 3813 tura
305 3744 427 3813 divina
442 3768 511 3815 una
527 3745 564 3815 iu
581 3747 695 3814 tribus
711 3768 779 3813 non
794 3753 867 3815 tres
884 3746 975 3814 Deos
997 3745 1193 3831 constituit,
1213 3746 1274 3815 sed
1290 3767 1381 3815 unus

206 3858 260 3920 est
275 3853 381 3921 Deus.
401 3852 513 3937 Quam
536 3853 733 3923 luculenter
748 3853 930 3943 Nyssenus
953 3853 1146 3924 asseruerit
1167 3852 1381 3922 numericam

207 3960 379 4029 unitatem
402 3959 543 4031 divinae
559 3969 718 4050 naturae,
738 3962 901 4052 superius
919 3961 1084 4049 vidimus;
1105 3984 1173 4030 non
1189 3983 1274 4051 ergo
1290 3960 1380 4030 hanc

207 4066 378 4136 unitatem
407 4075 514 4156 negat
544 4091 606 4138 nec
630 4069 800 4139 unitatem
829 4067 896 4137 Dei
917 4067 1024 4139 talem
1056 4067 1167 4138 solum
1197 4068 1378 4152 adstruit,

207 4174 322 4268 qualis
345 4174 465 4244 unitas
487 4177 596 4245 trium
612 4176 788 4247 hominum
804 4201 845 4247 cx
861 4177 913 4247 rei
928 4177 1080 4248 veritate
1104 4182 1168 4264 est,
1189 4178 1249 4248 sed
1265 4176 1381 4271 qualis

207 4282 326 4351 unitas
350 4281 520 4352 humanae
542 4291 689 4354 naturae
705 4285 742 4354 in
759 4285 833 4355 illis
856 4285 1042 4377 principiis
1057 4283 1311 4377 philosophicis
1326 4306 1379 4354 as·

207 4390 349 4477 seritur,
376 4412 463 4483 quae
485 4399 539 4462 est
562 4392 681 4464 unitus
703 4392 809 4464 realis
831 4400 869 4463 et
889 4393 1079 4465 numerica.
1102 4392 1290 4466 «Dicimus
1313 4391 1380 4483 igi·
