3172 4950
209 399 246 468 in
268 396 482 468 revelatione
516 397 595 488 ipss
627 288 988 467 testatisasirirnnvcst.
1013 395 1116 468 Hune
1144 418 1220 467 rcun
1251 396 1370 468 Paulus
1413 398 1421 491 ij

210 506 495 578 1.cor.11.t0to
517 507 632 599 eapite
655 507 740 577 deta
761 528 867 597 opere
890 506 1061 576 declarat.
1412 498 1421 593 l

274 616 413 706 Duplex
437 621 492 684 est
514 615 688 705 sapientie
710 616 881 685 obiectirs
904 615 940 684 h.
956 637 988 685 c.
1002 614 1112 685 series
1135 636 1256 684 rernm
1277 621 1371 687 etse

207 723 355 794 ritstnm
368 722 696 812 cognoscendarum.
710 723 866 791 Primum
880 729 936 792 est
954 751 971 786 ι
985 721 1161 813 'sapientia
1172 744 1278 816 quarn
1292 723 1372 815 Apo
1411 712 1421 859 ἔ

209 831 294 902 stoli
317 831 511 921 loquuntur
532 829 627 899 inter
650 832 842 921 perfectos,
863 859 880 894 n
916 860 933 895 ι
947 831 1123 922 sapientis
1153 853 1260 924 qnam
1287 855 1372 902 neno

209 939 408 1032 principum
424 937 530 1006 huius
545 937 677 1008 wecnli
693 941 881 1030 cognovit,
901 964 920 1002 u
947 969 964 1005 o
982 939 1049 1008 Dei
1064 939 1244 1031 sapientie
1258 941 1296 1009 in
1309 964 1373 1032 np-

209 1045 317 1116 sterio
339 1044 543 1115 abscondite
557 1069 588 1133 »3
614 1045 697 1115 hnic
721 1046 801 1115 dein
825 1047 1013 1138 opponitur
1038 1074 1055 1111 a
1078 1048 1260 1138 sapientis
1280 1048 1373 1118 huin
1408 1036 1421 1097 '⁴1

210 1154 403 1239 sieculi,»
431 1184 448 1219 a
466 1156 640 1246 sapientie
664 1176 767 1247 qnam
790 1156 918 1226 Graeci
949 1163 1155 1248 quaerunt»
1180 1157 1371 1244 (ie.1.22.).
1409 1176 1421 1231 ἓ

209 1263 360 1356 Utrique
382 1263 577 1332 obiectivse
599 1264 793 1353 sapientiae
816 1264 1001 1354 respondet
1023 1265 1146 1357 utique
1176 1265 1308 1355 duplex
1327 1285 1372 1335 ee
1417 1248 1421 1285 ²

210 1396 277 1466 que
299 1373 539 1442 diversissima
554 1374 728 1465 sapientis
743 1372 902 1443 formalis
917 1396 979 1443 seu
1002 1373 1222 1443 subiectivs:
1240 1394 1311 1442 uns
1329 1378 1373 1444 sl

213 1503 339 1550 amens
372 1479 520 1565 Christi,
540 1507 557 1542 n
582 1503 643 1571 per
677 1503 751 1550 eam
786 1480 942 1552 homines
975 1488 1062 1551 sunt
1097 1482 1369 1572 «spirituales»

214 1581 529 1681 (ammisedpper
544 1588 692 1658 alteram
711 1591 811 1659 homo
826 1595 881 1660 est
899 1589 1071 1681 asapiens
1090 1583 1223 1681 (ocpoeb
1246 1588 1306 1661 sed
1328 1610 1370 1658 aa

209 1698 310 1790 piens
331 1697 520 1767 secundum
536 1719 687 1786 carnem,
706 1700 821 1768 scriba
839 1693 1044 1789 (γραμματευς
1051 1698 1246 1784 litterator,
1255 1706 1370 1769 atvar

209 1807 259 1876 tit
281 1805 526 1876 Tertullianus
549 1814 671 1876 contra
701 1806 845 1876 idolatr.
869 1829 899 1876 o.
922 1807 998 1892 9.),
1032 1807 1252 1900 conquisitor
1278 1805 1369 1876 huius

211 1912 369 1982 morli»
388 1912 439 1998 (1)
455 1912 518 1998 (ib.
532 1911 564 1981 Ι.
578 1912 635 1981 20.
654 1913 741 2001 26.)
756 1912 857 1984 homo
875 1915 913 1984 vi
928 1914 1034 1982 huius
1052 1914 1249 2006 sapientiae
1271 1917 1370 1983 mane

210 2019 325 2090 adhuc
351 2020 581 2089 «animalis»
610 2015 762 2109 (ψυχικος)
782 2022 846 2109 (2).
871 2023 964 2093 Hinc
987 2046 1089 2114 porro
1105 2022 1317 2115 principium
1330 2020 1368 2092 ei·

211 2128 332 2199 ficiens
355 2150 416 2198 seu
444 2129 522 2197 fons
555 2129 773 2198 immediatus
804 2131 988 2224 utriusque
1018 2131 1216 2222 sapientiae
1248 2130 1365 2200 differt

211 2235 413 2328 Sapientiae
447 2258 550 2329 quarn
581 2236 709 2307 Graeci
739 2245 936 2330 quaerunt,
961 2237 1174 2330 principium
1191 2238 1366 2328 proximus

209 2350 265 2415 est
287 2344 408 2437 ntique
432 2345 584 2416 hnmana
605 2345 722 2431 ratio,
748 2368 810 2415 sen
832 2346 957 2414 molins
980 2344 1190 2436 principium
1215 2354 1270 2415 est
1289 2345 1367 2414 Dens

209 2475 272 2545 per
283 2453 399 2523 lumen
411 2454 560 2523 rationis
575 2462 611 2523 et
627 2477 689 2544 por
705 2476 809 2546 opere
820 2454 1011 2523 creationis
1026 2454 1141 2541 (Rom.
1155 2453 1187 2523 1.
1204 2454 1260 2522 19.
1275 2457 1364 2547 sqq).

209 2560 262 2630 At
277 2561 470 2651 sapientise
484 2561 634 2630 sltefius
648 2561 789 2631 altioris
806 2560 1016 2651 principium
1033 2568 1088 2630 est
1103 2556 1265 2651 Spiritus
1279 2561 1365 2630 sane

209 2674 271 2738 tus
293 2668 397 2760 longe
419 2669 491 2737 elio
513 2670 636 2756 modo;
660 2670 766 2761 idque
789 2669 991 2760 dupliciter.
1005 2668 1094 2738 Nam
1117 2669 1257 2739 interne
1277 2667 1368 2738 efficit

209 2777 361 2846 enimam
384 2778 591 2847 rationalem
615 2777 799 2871 redditque
830 2777 984 2847 homiues
998 2807 1015 2842 ι
1033 2776 1268 2869 spiritales,s
1292 2772 1367 2869 qnod

210 2885 350 2978 quidem
372 2885 452 2954 fieri
474 2892 589 2975 potest
610 2891 647 2955 et
669 2886 711 2954 iit
734 2885 771 2954 in
795 2886 916 2954 ordine
939 2887 1046 2956 etiam
1069 2885 1308 2955 ssd-veritates
1327 2884 1367 2953 lu·

91 3014 97 3027 ·
210 2993 474 3063 minorationis
497 2992 771 3085 cognoscibiles,
797 3000 840 3063 ut
862 2995 984 3064 modus
1007 2994 1222 3086 cognitionis
1243 2991 1369 3063 nonsit

210 3102 375 3173 animalis
402 3125 464 3173 seu
494 3103 672 3174 naturalis
702 3105 762 3174 sed
792 3104 969 3196 spiritalis
1000 3126 1061 3174 seu
1088 3101 1368 3195 supernatnrslir.

279 3335 323 3412 (1)
343 3336 499 3413 Συζητηης
523 3359 569 3394 roc
590 3339 681 3402 elisaee
703 3358 798 3394 τουτου
818 3339 990 3409 parallelum
1009 3338 1083 3405 sap:
1099 3335 1183 3390 xm.
1212 3337 1241 3390 9.
1258 3350 1372 3390 rmore

210 3428 332 3501 ἱσχυσαν
352 3429 456 3490 inlisas.
470 3429 514 3483 irs
525 3434 648 3484 deterres
665 3427 863 3502 στοχασασθαι
877 3450 920 3483 ror
932 3429 1022 3482 αἰυνι
1041 3427 1107 3483 Vid.
1120 3428 1220 3482 'fmt-
1232 3425 1267 3480 d·
1281 3426 1347 3480 Μ.

266 3516 308 3591 (Β)
325 3519 457 3574 Aninale
477 3525 507 3574 et
526 3521 660 3587 spiritale
679 3524 713 3573 nt
730 3521 864 3575 naturale
888 3523 918 3577 et
940 3518 1160 3588 supernaturale
1179 3521 1374 3585 conpotum

209 3611 296 3666 atlon
317 3610 620 3676 1.cor.xv.4eso.;
641 3611 731 3663 multo
751 3609 933 3678 frequentius
952 3623 1016 3662 caro
1035 3611 1064 3662 et
1083 3607 1209 3673 spiritns
1228 3607 1283 3662 hoe
1300 3618 1375 3661 sensu

210 3701 267 3756 sibi
286 3706 487 3770 opponuntur,
510 3701 585 3753 sicut
603 3700 633 3753 lr.
645 3701 666 3752 l.
682 3701 853 3768 «sepientes
873 3698 1024 3753 secundnm
1044 3712 1157 3752 caruem
1169 3717 1182 3742 ι
1199 3698 1231 3750 et
1245 3718 1259 3744 ι
1275 3697 1376 3766 espiss-

208 3794 254 3845 tes
274 3789 427 3844 secundum
446 3790 608 3858 spiritum·
630 3791 676 3842 vel
699 3790 885 3856 «spiritales.
899 3809 912 3836 ι
933 3789 1035 3855 Itaque
1054 3787 1135 3839 losse
1159 3785 1300 3839 animetis
1317 3784 1377 3840 lieet

209 3884 354 3948 supponat
371 3884 504 3934 nstnrsrn
523 3880 693 3934 rationalem
712 3880 834 3946 bonan,
855 3893 966 3947 semper
984 3882 1079 3931 tenen
1097 3877 1128 3930 ln
1148 3878 1334 3945 oppositione
1349 3872 1378 3930 ei

208 3969 338 4036 spiritale
347 3968 492 4035 signifieat
504 3970 696 4037 privationem
709 3970 777 4023 boni
789 3971 821 4023 in
835 3969 935 4023 ordine
948 3967 1096 4036 pressenti
1109 3968 1281 4022 necessarii.
1294 3988 1308 4016 ι
1318 3966 1378 4021 dni

209 4060 311 4112 nalem
330 4058 472 4111 honinem
498 4059 627 4127 appellat
649 4075 730 4126 eun,
751 4061 801 4128 qni
823 4064 869 4112 est
888 4062 1041 4113 contentus
1066 4058 1138 4112 solis
1156 4059 1288 4127 propriis
1312 4057 1378 4124 eopi-

210 4146 371 4200 tationibns
389 4146 582 4200 rationalibus
600 4145 780 4220 (λογισμοις),
802 4153 831 4200 et
850 4147 976 4215 Spiritus
991 4147 1149 4200 doctrinan
1162 4161 1223 4200 non
1242 4147 1375 4210 sdnittit.

211 4235 261 4299 sed
285 4253 377 4306 neque
397 4237 479 4291 illan
498 4241 595 4305 potest
618 4239 812 4304 intelligere·
833 4238 1002 4292 Theodoret.
1022 4238 1055 4290 in
1075 4238 1105 4290 lr.
1125 4238 1146 4290 l.
1161 4237 1211 4290 its
1229 4239 1318 4293 etin
1335 4234 1377 4291 ssi

210 4329 301 4383 nulio
319 4327 413 4382 iosias
426 4328 647 4394 chrysostomus
665 4329 697 4381 in
718 4331 743 4381 1.
756 4328 819 4382 cor.
829 4329 905 4382 hon.
920 4329 986 4383 vn.
998 4342 1028 4381 n.
1046 4327 1075 4381 4.
1088 4329 1120 4380 et
1135 4340 1199 4381 cun
1216 4326 1284 4396 ipsa
1299 4327 1377 4384 θοοὶ·

210 4417 339 4485 nonius,
360 4417 603 4487 theophylactus,
613 4416 719 4473 Saldae
730 4421 785 4472 eto.
