3172 4950
211 211 358 282 «Filius
380 209 456 293 flos,
481 207 638 300 Spiritus
661 206 745 278 odor
763 100 824 278 ii?
839 206 923 277 flore
936 232 954 269 n
986 203 1139 297 (Cyrill.
1159 203 1279 295 dialog.
1287 205 1332 277 Vl.
1384 250 1387 321 i

71 398 80 415 ,
208 343 243 410 p.
262 317 355 406 598);
384 347 401 382 c
416 316 534 386 Filius
557 314 644 399 mel,
671 314 829 406 Spiritus
851 313 1050 403 dulcedo„
1078 312 1226 382 «Filius
1249 312 1333 403 ignis,
1384 336 1387 401 q

209 424 365 516 Spiritus
388 422 534 510 calor3n
564 421 713 491 el'ilius
736 443 838 515 aqua,
854 420 1011 511 Spiritus
1022 419 1264 510 refrigeratiq
1279 418 1335 488 nli·
1385 464 1387 497 ÷

209 531 280 599 lius
304 553 341 598 os
363 529 495 615 Patris,
514 528 670 620 Spiritus
693 552 735 598 ex
751 551 809 598 ore
823 528 960 599 halitus
977 551 1008 616 ’i
1037 524 1338 596 «Filinsbracbinn

209 637 350 722 Patria,
376 636 532 727 Spiritus
554 636 690 726 digitus
712 637 789 724 Dei3
806 663 822 699 n
844 635 989 705 «Filius
1004 657 1101 705 meus
1115 634 1245 719 Patris,
1259 630 1339 703 etSr

209 744 343 836 pientia
364 743 483 812 Patris
505 748 541 812 et
564 743 697 813 veritas
726 743 844 813 Patris
875 743 970 828 veri,
1004 741 1164 834 Spiritus
1193 762 1236 810 ex
1260 745 1341 809 uerte

209 857 247 920 et
262 851 419 941 Spiritus
442 850 635 941 sapientiae
650 855 687 919 et
703 849 860 942 Spiritus
875 849 1052 938 veritatis;
1068 876 1086 914 n
1112 877 1130 914 a
1145 847 1259 918 Filius
1277 846 1340 932 via

210 959 368 1050 Spiritus
399 957 516 1029 virtus
542 954 697 1051 (ἐνεργεια)
716 958 828 1052 ipsius
849 956 968 1028 Filii»
993 964 1060 1030 eto.
1075 956 1168 1030 Vide
1190 956 1340 1029 citationes

208 1066 339 1158 passim
360 1064 399 1134 in
423 1064 673 1156 superioribus.

275 1173 330 1241 Ex
353 1171 512 1241 omnibus
535 1173 759 1242 manifestum
772 1179 838 1261 est,
855 1195 958 1267 quam
974 1173 1093 1266 inique
1108 1172 1248 1243 Marcus
1256 1167 1341 1261 pre

209 1282 284 1351 eins
319 1279 357 1348 in
386 1280 592 1350 Florentino
626 1280 780 1351 Concilio
811 1281 1029 1352 recusaverit
1055 1280 1269 1351 subscribere
1287 1274 1342 1346 bnis

210 1388 429 1473 definitioni,
466 1388 502 1457 in
534 1411 637 1481 quam
670 1389 800 1483 reliqui
833 1388 950 1480 graeei
984 1388 1154 1480 Episcopi
1183 1410 1257 1459 cum
1286 1382 1343 1454 loi-

209 1497 266 1564 nis
296 1502 565 1566 consenserunt:
593 1496 699 1567 uHoc
721 1518 819 1567 sacro
841 1495 1035 1567 universali
1057 1497 1268 1587 approbante
1285 1491 1342 1561 (lor

145 1694 150 1701 Ι
210 1603 292 1673 cilio
316 1603 509 1689 definimus,
527 1609 569 1673 ut
590 1603 675 1674 haee
698 1603 781 1673 fidei
803 1605 936 1674 veritas
958 1605 1002 1673 ab
1028 1604 1190 1673 omnibns
1210 1599 1343 1670 Christis

215 1709 271 1778 nis
294 1710 458 1779 credatur
481 1716 516 1779 et
539 1711 751 1803 suscipiatur
766 1712 883 1804 sicque
897 1733 1012 1781 omnes
1027 1703 1344 1802 prosecutusque

214 1815 370 1905 Spiritus
394 1814 544 1886 Sanctus
566 1840 608 1886 ex
631 1818 737 1887 Patre
751 1825 787 1888 et
801 1817 895 1887 Filio
910 1817 1138 1888 aeternaliter
1154 1821 1344 1903 eatetenus

211 1922 396 1990 essentiam
419 1944 588 2015 suumque
610 1945 685 1993 esse
716 1923 909 1993 subsistens
943 1923 1049 1993 habet
1080 1946 1124 1993 ex
1147 1923 1251 1993 Patre
1270 1913 1344 1992 siud

215 2034 251 2098 et
272 2028 378 2115 Filio,
396 2037 488 2099 etex
511 2036 660 2123 utroque
682 2030 909 2100 aeternaliter
931 2037 1109 2123 tamquam
1131 2030 1178 2100 ab
1199 2052 1265 2100 nno
1280 2026 1344 2120 priu-

212 2136 309 2227 cipio
332 2141 368 2205 et
398 2137 501 2207 unica
528 2138 719 2229 spiratione
741 2139 919 2231 procedit3
952 2137 1172 2210 declarantes
1201 2134 1343 2232 quodid,

215 2244 307 2336 quod
331 2243 395 2314 SS.
421 2245 587 2315 Doctores
609 2251 645 2316 et
667 2248 791 2317 Patres
814 2247 948 2333 dieunt,
975 2270 1016 2314 ec
1040 2248 1150 2317 Parra
1160 2271 1228 2338 per
1246 2244 1345 2315 Filios

207 2350 389 2440 procedere
399 2353 570 2442 Spiritum
593 2355 765 2438 Sanctam,
793 2354 937 2422 cdbcnc
959 2354 1231 2445 intelliqsneicm
1252 2348 1344 2428 calb,

211 2474 250 2526 ut
261 2482 327 2549 per
344 2461 403 2527 boc
417 2462 644 2551 eipnificetur,
663 2463 795 2531 Filium
812 2485 944 2555 quoque
959 2486 1026 2530 esse
1041 2462 1221 2530 secundum
1236 2463 1345 2532 snm

212 2564 349 2657 quidem
368 2590 503 2633 causam
529 2561 666 2659 (ἀιτιαν),
693 2567 872 2636 escrcndcm
893 2568 1038 2637 Latinos
1063 2593 1141 2637 vcro
1163 2569 1346 2660 principles

211 2673 449 2740 subsistentiae
470 2675 624 2765 Spiritus
647 2676 767 2744 Sancti
797 2669 917 2766 (ἀρχην
941 2697 993 2748 roc
1022 2697 1073 2740 του
1095 2675 1184 2765 ἄγων
1211 2690 1345 2761 πνευματος

211 2774 374 2870 ineptior)
391 2784 480 2849 sicar
493 2798 524 2850 et
533 2784 683 2851 Patrem.
695 2782 743 2851 Et
755 2782 917 2874 quoniam
928 2782 1043 2851 omnia
1055 2783 1268 2875 quaePatris
1278 2782 1345 2859 sunt¹

210 2886 316 2955 Pater
340 2887 413 2977 ipse
438 2890 620 2979 unigenito
642 2888 705 2957 suo
728 2889 903 2978 gignendo
926 2889 1024 2959 dedit
1044 2897 1186 2981 praeter
1212 2913 1282 2960 esse
1306 2887 1347 2957 Pe

212 2997 327 3076 trem,
353 2992 417 3061 hoc
440 2994 553 3083 ipsum
578 2995 667 3087 quod
692 2995 850 3086 Spiritus
879 2993 1031 3066 Sanctus
1059 2996 1220 3087 procedit
1248 3019 1287 3065 ex
1310 2989 1349 3062 ll·

211 3097 283 3181 lio,
308 3098 382 3187 ipse
404 3098 521 3169 Filius
548 3123 570 3168 a
596 3103 700 3171 Patre
721 3100 946 3171 aeternaliter
976 3101 1106 3186 habet,
1139 3124 1162 3170 a
1186 3100 1349 3195 quostiam

211 3205 438 3274 aeternaliter
461 3207 601 3297 genitus
624 3215 704 3278 estn
722 3209 896 3278 Harduid.
910 3208 977 3278 lx.
994 3233 1029 3300 p.
1045 3209 1126 3277 422.
1141 3209 1221 3278 986.

277 3311 326 3380 Π.
341 3312 396 3380 Ex
413 3336 480 3383 usu
496 3314 559 3383 illo
582 3314 814 3407 frequentiori
835 3316 980 3385 Patrem
1011 3338 1216 3406 graecorum
1243 3313 1350 3386 disbr-

211 3420 342 3510 gnendi
366 3420 520 3491 ordinem
537 3444 760 3513 personarum
777 3423 895 3493 Patris
917 3429 953 3493 et
967 3423 1055 3492 Filii
1071 3424 1110 3493 in
1127 3424 1205 3517 ipsa
1220 3421 1351 3494 docum

210 3529 253 3597 de
270 3528 487 3619 processione
511 3530 667 3621 Spiritus
690 3530 824 3615 Sancti,
844 3537 879 3600 et
892 3555 936 3601 ex
959 3531 1076 3601 studio
1099 3532 1265 3624 explicite
1284 3550 1349 3600 seu·

209 3658 271 3725 per
294 3636 495 3706 declarandi
517 3639 657 3706 Patrem
680 3644 721 3706 ut
744 3639 874 3706 fontem
904 3638 1163 3729 primordialem
1188 3632 1352 3707 Trinitatis

213 3737 351 3833 (κορυφη,
378 3742 461 3834 pecc,
481 3766 564 3832 cryc
582 3766 634 3817 της
649 3744 806 3824 θεοτητος,
833 3739 967 3836 ἄναρχος
992 3741 1100 3837 ἀρχη,
1130 3762 1352 3838 προκαταρκτικὴ

209 3844 293 3912 citrea
316 3853 400 3936 etc.)
423 3852 555 3920 factum
572 3859 649 3938 cst,
674 3858 715 3922 ut
736 3852 816 3921 inde
831 3873 853 3919 a
869 3851 1006 3921 saeculo
1018 3852 1102 3924 VH.
1119 3854 1233 3947 aliqui
1248 3846 1353 3924 Graeci

208 3954 436 4046 putaverint,
460 3979 503 4026 ex
525 3957 624 4026 modo
646 3958 810 4050 loquendi
832 3959 979 4029 Petrum
1001 3959 1292 4050 significationem
1310 3979 1353 4028 no

208 4063 316 4132 minis
340 4088 443 4131 cauea
458 4087 519 4134 seu
535 4068 754 4157 principium
778 4067 859 4131 ἀιτια
878 4072 914 4136 et
943 4066 1139 4158 particulae
1171 4064 1223 4153 ἐξ,
1249 4068 1356 4140 saltem

209 4171 271 4239 ubi
296 4171 418 4262 agitur
441 4172 483 4242 de
504 4173 781 4263 processionibus
810 4173 986 4262 internis,
1014 4174 1084 4245 iam
1106 4176 1356 4250 determinatam
