3172 4950
658 350 696 365 -
719 318 779 379 423
799 350 838 367 ..

188 440 343 511 personam
366 442 435 489 non
458 420 570 489 solnm
594 421 863 493 indeterminate
886 423 1013 493 relatio
1028 423 1194 514 principii
1209 428 1247 491 et
1262 444 1338 513 pro·

188 528 319 599 cedentis
340 550 363 597 a
386 529 570 621 principio,
591 529 650 598 sed
667 530 896 601 determinate
919 532 1045 601 relatio
1062 532 1184 601 Patris
1200 546 1232 599 et
1248 530 1341 601 Filii

188 658 244 707 esse
263 636 416 706 docetur.
443 637 584 705 Dicitur
620 637 657 705 in
694 637 889 729 Scripturis
918 641 1025 708 Pater
1054 644 1219 734 proprius
1253 639 1340 708 Filii

190 744 229 813 lo.
238 745 278 815 V.
297 745 351 833 183
370 746 487 813 Filius
496 750 663 837 proprius
678 746 796 815 Patris
808 749 906 816 Rom.
922 748 1025 817 VIII.
1041 749 1097 835 323
1112 749 1230 817 Filius
1244 772 1341 816 uerus

194 852 217 919 l.
228 852 325 922 lo.V.
339 854 396 941 203
411 854 528 921 Filius
545 857 746 944 unipeuitus
766 850 966 943 (priessauch
982 859 1185 947 uuipeuitus
1197 881 1219 921 a
1235 857 1342 924 Putre

195 958 333 1049 10.1.14;
353 962 423 1030 HI.
439 962 494 1031 16.
506 970 571 1033 etc.
602 964 782 1054 (utsupra
796 989 830 1054 p.
844 964 979 1053 10.11).
996 965 1103 1035 Pater
1118 988 1186 1033 non
1202 972 1257 1035 est
1271 964 1341 1033 nisi

196 1075 226 1137 u
237 1070 452 1162 principium,
470 1071 587 1140 Filius
603 1080 645 1142 nt
660 1074 831 1142 terminus
846 1074 1086 1164 productionis
1104 1075 1206 1145 illius
1222 1074 1341 1165 singu·

196 1176 261 1247 laris
279 1180 321 1247 ab
344 1180 502 1249 omnibus
517 1180 601 1249 aliis
624 1181 735 1250 modis
751 1182 1018 1271 productionum
1035 1182 1235 1268 distinctae,
1254 1203 1342 1275 qnae

197 1284 300 1357 dicitur
320 1291 512 1379 pennatis.
528 1288 847 1359 Animadvertatur
870 1298 999 1376 autem,
1025 1292 1115 1382 quod
1143 1290 1235 1360 ratio
1258 1290 1343 1359 haec

198 1392 449 1486 resumimus,
467 1398 560 1467 ratio
567 1399 662 1467 Filii
679 1399 850 1467 secundae
866 1420 1031 1488 personae
1047 1400 1106 1473 ita,
1120 1398 1260 1489 propria
1274 1404 1340 1481 est,
1416 1406 1420 1413 '

197 1508 227 1571 nt
242 1500 298 1573 lac
312 1504 387 1573 sola
401 1504 495 1575 inter
512 1529 547 1575 se
562 1504 707 1574 realiter
722 1505 1003 1595 distinguantur,
1023 1506 1113 1597 quod
1129 1506 1166 1573 in
1187 1511 1261 1573 toto
1278 1504 1343 1573 hoc

196 1616 325 1681 trutatn
340 1634 442 1703 saepe
458 1613 732 1684 demonstratum
749 1622 814 1683 est.
834 1615 941 1683 Porro
958 1614 1023 1682 hac
1039 1614 1116 1704 ipsa
1128 1613 1264 1683 ratione
1280 1614 1343 1681 Pa-

196 1717 247 1787 tris
258 1742 293 1791 uc
308 1721 396 1791 Filii
416 1721 687 1812 distinguuntur
703 1745 725 1789 a
740 1723 848 1791 tertia
872 1746 1030 1813 persona,
1051 1745 1138 1814 quae
1153 1745 1215 1791 nec
1239 1722 1344 1791 Pater

197 1832 238 1895 est
248 1850 301 1899 neo
314 1829 444 1915 Filius,
461 1829 548 1901 licet
562 1839 599 1900 et
622 1822 700 1921 ipsa
714 1830 764 1899 sit
780 1831 979 1921 procedens.
998 1831 1090 1901 Hine
1106 1839 1180 1900 tum
1199 1830 1258 1900 ubi
1275 1829 1344 1898 sin-

198 1930 324 2021 gillotim
346 1938 560 2024 nominatur,
582 1946 658 2008 tum
673 1940 711 2007 in
729 1939 1030 2009 connumeratione
1050 1939 1161 2009 trium
1184 1962 1344 2030 persona-

197 2058 257 2109 rnn
268 2042 471 2135 designatur
483 2051 525 2113 111
539 2046 728 2137 procedens
740 2045 892 2138 quidem,
903 2047 962 2115 sed
975 2070 1044 2114 non
1056 2046 1243 2137 procedens
1258 2052 1345 2115 tam·

199 2167 277 2237 qnam
289 2152 406 2221 Filius
411 2152 588 2245 ,adeoque
604 2154 702 2221 modo
718 2152 886 2222 distincto
902 2176 923 2220 a
938 2154 1181 2244 generatione:
1200 2156 1266 2221 aiu
1288 2178 1346 2219 uo-

199 2256 399 2329 1111οΡ01νί0
418 2276 449 2327 et
469 2262 563 2329 Filii
579 2277 611 2328 et
627 2262 781 2351 Spiritus
793 2246 944 2331 Sanctio
959 2262 1086 2330 March.
1101 2262 1273 2330 XXVIII
1289 2260 1344 2329 19.

199 2360 234 2429 11.
243 2362 302 2437 Ill.
315 2367 371 2437 16.
382 2366 437 2455 17;
453 2367 485 2436 1.
496 2368 547 2437 Ιο.
559 2368 604 2437 V.
617 2368 684 2455 7;0
668 2392 757 2460 cepo
773 2370 919 2459 (Filius)
934 2371 1070 2435 mittum
1093 2370 1187 2435 uobis
1203 2394 1225 2434 a
1242 2369 1349 2436 Putre

199 2464 343 2557 Spiritum
366 2480 539 2561 ueritatis,
565 2481 629 2568 qui
651 2502 673 2543 u
697 2479 804 2545 Putre
826 2479 924 2566 (uteo)
942 2474 1099 2567 procedit
1120 2476 1171 2544 Ιο.
1189 2476 1268 2545 XV.
1289 2476 1345 2563 26·

201 2577 364 2669 Spiritus
380 2583 502 2652 Putris
518 2588 652 2651 oestrin
670 2582 799 2653 Matth.
819 2584 865 2653 X.
885 2583 940 2671 10;
962 2614 978 2649 0
996 2586 1093 2651 miset
1120 2585 1211 2651 Deus
1234 2584 1347 2672 Spiri-

199 2692 251 2753 11101
272 2690 367 2757 Filii
393 2692 448 2757 sui
461 2714 477 2753 n
501 2690 581 2759 Gal.
603 2690 668 2759 IV.
695 2690 727 2777 65
762 2690 948 2780 «Spiritus
972 2691 1114 2757 Domini
1143 2714 1243 2780 super
1265 2712 1345 2754 men

195 2784 260 2865 100.
277 2784 342 2867 IV.
362 2797 417 2885 185
445 2798 630 2888 «Spiritus
653 2799 751 2865 Dein
781 2798 879 2866 Rom.
905 2797 1007 2866 VIII.
1036 2798 1091 2866 14.
1118 2804 1184 2867 etc.
1203 2821 1210 2885 3
1240 2798 1348 2887 «spr-

192 2902 264 2973 ritus
290 2905 426 2975 011010ιί
439 2934 456 2969 o
486 2907 584 2975 Ronu
602 2906 706 2976 VIII.
733 2906 773 2993 9;
801 2906 833 2974 1.
848 2906 924 2975 Pet.
936 2905 965 2975 I.
984 2906 1038 2974 11.
1059 2910 1140 2992 010,
1164 2906 1349 2995 uSpiritus

189 3006 283 3079 luun
308 3015 391 3084 Act.
405 3014 504 3085 XVI.
520 3015 552 3082 7.

240 3122 286 3194 2.·
311 3121 415 3195 Siout
439 3123 513 3192 sola
536 3124 687 3193 secunda
717 3144 865 3213 persona
888 3129 941 3191 est
963 3124 1135 3192 terminus
1158 3124 1350 3212 900000010-

188 3232 231 3297 ois
252 3228 289 3297 h.
309 3252 340 3297 e.
355 3230 484 3312 Filius,
509 3230 561 3299 ita
584 3229 689 3297 etiam
709 3229 839 3298 diserte
863 3228 900 3297 in
920 3228 1120 3319 Scriptnris
1137 3228 1258 3297 modus
1273 3251 1351 3319 pro·

188 3336 341 3405 >essionis
365 3336 475 3405 solius
498 3336 668 3405 secundae
691 3358 857 3426 personae
881 3336 1106 3426 praedicatur
1121 3359 1196 3405 esse
1210 3360 1350 3425 peuere-

188 3448 237 3513 10.
254 3444 352 3513 Haeo
373 3443 506 3514 diserta
522 3444 738 3535 praedicatio
754 3444 955 3513 continetur
974 3444 1044 3512 iam
1062 3444 1099 3512 in
1118 3443 1352 3534 appellatione

188 3551 336 3643 propria,¹
354 3574 423 3643 qua
446 3552 652 3642 designatur
675 3552 771 3629 notio
802 3552 1025 3641 distinguens
1047 3551 1136 3619 Filii
1161 3553 1350 3639 venipeniu',

188 3660 353 3749 ouipeniti
369 3684 390 3725 u
406 3660 525 3731 Putre.
553 3661 641 3730 Tum
664 3684 825 3751 expresse
846 3661 1047 3730 declaratur
1062 3658 1179 3727 Filius
1194 3656 1260 3725 Dei
1274 3679 1351 3746 pro·

188 3766 300 3857 rrius,
324 3768 412 3859 quia
436 3786 485 3837 est
501 3794 566 3861 per
589 3785 762 3837 aeteruum
789 3794 916 3859 semper
940 3768 1138 3858 completum
1160 3766 1352 3855 900000110-

188 3898 261 3943 rem.
292 3862 521 3947 «Novissime
544 3878 666 3947 diebus
689 3877 771 3947 istis
801 3877 940 3947 locutus
963 3881 1017 3945 est
1042 3874 1142 3943 nobis
1169 3873 1292 3959 (Deus)
1316 3871 1353 3940 in

188 3984 294 4067 lilio,
326 4006 425 4075 quem
462 3985 650 4055 constituit
679 3984 837 4053 heredem
870 3986 1137 4068 universorum,
1163 4001 1349 4073 perquem

188 4096 265 4167 :iecit
286 4102 324 4167 et
345 4093 504 4182 saecula3
531 4093 591 4187 qui
624 4116 701 4163 cum
733 4093 783 4161 sit
805 4092 969 4183 splendor
999 4091 1133 4181 gloriae
1167 4096 1204 4159 et
1237 4088 1355 4178 figure.

188 4203 397 4275 iubstantiae
421 4203 496 4272 eius
524 4198 695 4294 (χαρακτηρ
714 4222 766 4272 1ος
787 4198 980 4272 inserueras
1005 4196 1157 4283 010100)...
1187 4198 1284 4267 sedet
1308 4198 1354 4265 ad

188 4312 357 4381 {exteram
380 4310 577 4407 maiestatis
599 4309 637 4377 in
660 4308 818 4393 excelsis,
838 4314 938 4377 tanto
958 4306 1079 4376 melior
1094 4304 1231 4394 angelis
1255 4305 1355 4373 effec-

188 4442 235 4491 ua
262 4414 468 4507 (yesopeue)··
479 4462 504 4481 ..
523 4417 590 4487 Cui
607 4418 699 4487 enim
714 4416 807 4487 dixit
823 4415 1012 4508 aliquando
1025 4412 1243 4504 Angelorum
1261 4436 1269 4479 ε
1295 4412 1354 4481 Fi·
