3172 4950
538 120 577 151 .-
599 87 658 150 241
680 120 719 134 -

46 216 90 270 set
111 201 149 267 iu
171 198 312 267 unitate
335 210 504 291 quautam
528 197 566 262 iu
583 195 810 286 pluralitate,
827 193 885 264 sed
901 218 969 262 nou
993 209 1045 262 tot
1067 195 1213 265 modion

48 302 581 396 1.‹1ist.19.1>.11.q.1.ass.

105 415 281 486 Scholion.
298 411 469 503 Theologi
493 411 677 495 nonnulli,
703 410 796 479 inter
822 433 908 503 quos
932 410 1063 482 Suarez
1093 411 1119 481 l.
1143 414 1214 485 ΠΙ.

47 548 74 596 o.
88 523 160 610 10,
178 521 412 612 distinguunt
434 521 471 589 in
493 519 565 619 Deo
588 519 820 610 perfectiones
844 519 1023 589 absolutas
1036 524 1215 612 etperfec·

45 632 152 704 tiones
175 629 349 701 relativas
372 629 436 714 ita,
462 634 505 697 ut
518 627 653 719 priores
671 626 808 719 quidem
826 626 899 696 sint
915 629 1121 719 simpliciter
1135 630 1215 699 sim·

46 740 148 834 plicas
172 739 270 810 etin
293 759 358 807 sua
382 735 521 806 formali
544 735 681 805 ratione
706 757 903 806 communes
926 736 1084 805 omnibns
1101 761 1215 829 perso·

46 850 96 919 nis
116 848 213 918 siout
228 868 300 915 nna
314 867 457 915 numero
469 843 592 914 divina
609 844 772 931 essentia;
788 843 999 934 posteriores
1015 868 1098 915 vero
1113 847 1217 918 aiunt

47 979 107 1026 non
128 977 205 1026 esse
229 953 461 1045 perfectiones
484 950 690 1042 simpliciter
714 950 902 1041 simplices,
928 953 1131 1045 easdemque
1147 979 1216 1024 non

47 1061 238 1133 formaliter
261 1061 321 1130 sed
346 1058 456 1128 solnm
479 1058 670 1128 eminenter
687 1057 861 1127 contineri
876 1057 914 1126 in
930 1058 1009 1149 ipsa
1025 1059 1147 1129 divina
1163 1085 1215 1131 es·

16 1196 19 1201 ·
49 1171 176 1254 untia,
202 1173 308 1260 atque
331 1166 409 1235 ideo
431 1165 582 1235 ulterius
606 1164 759 1254 singulis
782 1165 941 1256 personis
955 1166 1116 1256 singulas
1139 1192 1216 1259 per·

51 1278 208 1349 seucum
231 1274 405 1345 relativas
428 1273 636 1359 formaliter,
656 1273 846 1343 eminenter
869 1295 952 1343 vero
976 1297 1092 1344 omnes
1108 1277 1215 1345 omni-

53 1388 106 1456 bns
125 1385 254 1471 inesse;
280 1383 400 1474 sicque
422 1388 550 1474 putant
565 1381 653 1450 satis
669 1381 851 1472 explicari,
871 1384 1037 1474 quomodo
1056 1405 1126 1453 una
1139 1409 1215 1475 per-

56 1517 126 1565 sona
146 1516 216 1562 non
241 1492 358 1560 minus
383 1511 485 1583 quam
501 1495 574 1559 tres
590 1489 701 1558 simul
721 1489 769 1558 sit
800 1488 910 1558 omnia
940 1491 1121 1580 perfectio.
1147 1493 1216 1563 Hic

57 1603 162 1673 nolus
185 1598 430 1672 considerandi
452 1605 489 1669 at
510 1596 675 1690 loquendi
698 1599 769 1666 erit
792 1599 883 1668 forte
914 1600 1156 1688 necessarius,
1182 1604 1214 1674 si

59 1711 251 1781 ulnittatnr
269 1709 443 1799 praecisio
466 1705 633 1773 allectiva
656 1705 827 1775 essentiae
851 1705 992 1776 divinae
1016 1728 1038 1774 a
1060 1711 1213 1800 propria-

60 1819 174 1889 attus
196 1815 465 1910 personalibus,
490 1819 527 1883 et
549 1813 614 1883 hae
638 1815 881 1906 concipiantur
912 1817 1013 1887 velut
1047 1820 1214 1910 perfectio

62 1926 269 2018 superaddita
290 1923 461 1994 essentiae
479 1948 487 2011 ;
507 1947 570 1993 nos
592 1945 675 1993 vero
698 1945 809 2015 neque
831 1922 930 1992 illam
961 1927 1210 2016 praecisionem

63 2055 151 2128 uque
171 2034 269 2104 huno
291 2034 428 2102 modum
452 2031 694 2102 considerandi
716 2030 814 2123 sequi
838 2053 1033 2121 possumus.

114 2143 368 2225 oPerfectum,
394 2139 495 2209 cuius
517 2139 610 2207 nihil
633 2145 687 2208 est
709 2145 855 2225 extra,n
882 2146 924 2210 nt
953 2163 995 2209 ex
1018 2141 1211 2212 Aristotele

64 2248 184 2320 letinire
207 2248 323 2318 solent
345 2245 578 2333 scholastici,
605 2245 772 2316 videlicet
797 2247 989 2338 perfectum
1004 2253 1069 2334 est,
1089 2249 1146 2318 oni
1161 2249 1214 2319 ni·

63 2354 100 2427 lil
118 2359 214 2428 deest
236 2356 304 2426 sibi
327 2354 629 2425 convenientium:
647 2361 701 2423 est
717 2353 831 2443 igitur
848 2356 1017 2446 perfectio
1033 2356 1214 2447 plenitudo

63 2464 320 2543 unvenientium
343 2462 439 2550 (vide
454 2463 497 2532 de
512 2461 569 2530 his
586 2453 704 2530 Tract.
721 2461 764 2530 cle
778 2462 876 2549 Deo).
895 2463 966 2531 Illa
982 2463 1107 2550 omnia,
1126 2488 1214 2559 quae

10 2656 13 2661 Ι
62 2592 88 2642 rs
103 2573 158 2644 vel
179 2572 318 2642 ratione
340 2570 509 2640 distincta
532 2569 633 2640 velut
660 2570 882 2640 constituunt
912 2571 1002 2643 hanc
1024 2572 1212 2664 plenitudi-

10 2668 14 2677 ’
61 2701 118 2751 11111
132 2733 141 2768 ,
164 2680 335 2751 dicuntur
357 2678 612 2769 perfectiones,
638 2678 676 2747 in
692 2680 865 2749 creaturis
881 2681 1020 2772 quidem
1036 2688 1212 2774 tamquam

10 2786 18 2841 ἶ
60 2787 170 2859 sumu
193 2787 427 2881 perficientes,
452 2786 491 2854 in
513 2786 586 2874 Deo
608 2792 724 2856 autem
747 2786 814 2855 illa
836 2788 979 2878 singula
1002 2795 1087 2860 sunt
1109 2791 1213 2860 reali·
1318 2779 1322 2785 ’

10 2888 13 2895 ’
59 2900 96 2968 lu
108 2898 185 2990 ipsa
201 2894 395 2988 plenitudo.
409 2893 499 2964 Nam
516 2894 553 2962 in
571 2894 746 2964 creaturis
762 2896 993 2985 perfectiones
1009 2902 1085 2966 tum
1097 2922 1213 2970 omnes

9 3002 12 3007 ’
58 3008 114 3076 tum
136 3003 300 3095 singulae
323 3007 408 3072 sunt
428 3007 567 3072 tantum
591 3001 723 3072 entitas
747 3003 867 3094 aliquo
884 3005 998 3095 produ
1015 3029 1091 3075 cum
1108 3030 1213 3099 nega·

56 3113 132 3184 iona
150 3109 335 3182 ulterioris
347 3108 525 3202 possibilis
532 3109 720 3194 realitatis,
733 3108 769 3177 h.
781 3131 810 3178 a.
826 3116 910 3179 sunt
925 3113 1156 3202 perfectiones
1169 3117 1212 3182 li-

54 3225 195 3306 sltatoe,
208 3217 451 3291 atestenusin
474 3217 731 3308 comparatione
754 3240 832 3286 oum
855 3220 1004 3290 antiteta
1027 3221 1213 3294 illinitata

54 3332 165 3418 (etheo
177 3352 284 3402 sensu
295 3327 471 3414 absoluta)
484 3333 569 3398 sunt
579 3328 811 3419 perfectiones
823 3329 1001 3396 scandam
1017 3330 1114 3422 quid.
1129 3332 1212 3403 Ideo

53 3437 183 3531 quiaibi
194 3438 297 3508 nulla
319 3437 486 3530 perfectio
501 3436 654 3506 includit
668 3441 778 3505 totam
795 3437 965 3507 rationem
982 3438 1073 3508 entis
1091 3438 1210 3507 illimi-

52 3548 278 3642 toti,possunt
287 3545 452 3617 esseillae
463 3546 694 3637 perfectiones
709 3545 853 3615 realiter
864 3546 1065 3634 distinctae
1076 3554 1112 3617 et
1123 3569 1212 3641 quae

53 3655 142 3724 stiam
163 3677 234 3725 non
257 3653 528 3743 distinguuntur
543 3652 699 3738 realiter,
715 3659 864 3743 possunt
878 3653 1012 3744 concipi
1024 3677 1101 3722 oum
1108 3678 1212 3745 prae.

55 3764 164 3832 &icae
186 3763 354 3832 obiectioa
376 3762 420 3830 ab
443 3760 538 3830 aliis.
564 3760 735 3844 Quamvis
758 3784 790 3831 e.
804 3786 841 3851 g.
868 3761 1070 3831 intellectus
1093 3769 1129 3832 et
1152 3786 1211 3834 vo·

55 3862 157 3939 lmus
178 3871 217 3940 in
241 3869 373 3962 spiritu
396 3874 536 3955 creato,
562 3868 648 3939 haec
669 3875 801 3939 natura
831 3869 1109 3939 connaturaliter
1133 3872 1210 3940 sub·

57 3972 165 4047 dauns
187 3982 224 4048 et
246 3976 462 4068 hypostasis,
477 3976 564 4047 liaeo
579 3976 687 4046 realis
700 3977 855 4046 essentia
871 3983 907 4047 et
921 3976 1111 4047 existentia
1129 4000 1209 4069 sup·

57 4090 213 4170 pamm
235 4085 381 4156 realiter
402 4106 474 4154 una
495 4107 552 4154 res
575 4090 611 4154 et
633 4107 705 4154 una
734 4086 905 4175 perfectio
922 4107 939 4172 ,’
962 4085 1209 4176 concipiuntur

57 4189 154 4264 &nen
174 4193 391 4280 intellectus,
407 4200 548 4278 natura,
568 4192 731 4278 essentia,
750 4193 835 4285 quin
852 4192 889 4262 in
911 4192 1054 4262 formali
1073 4191 1210 4260 ratione

1050 4337 1068 4390 f
