3172 4950
715 315 753 328 -
776 283 817 344 25
837 316 875 329 -

274 385 343 455 III.
370 385 471 469 Quod
482 385 534 455 Io.
549 385 595 454 X.
609 386 667 454 30.
685 386 829 457 dieitur:
853 384 972 455 Filius
987 393 1025 456 et
1039 387 1146 457 Pater
1161 410 1267 453 uuum
1289 401 1380 470 aunt,

208 514 249 561 ea
271 492 391 562 unitas
412 492 464 560 Io.
482 492 513 561 Ι.
529 493 548 560 1
567 516 635 562 non
652 492 820 562 vocabulo
835 496 998 575 unitatis,
1017 494 1078 563 sed
1099 493 1177 584 ipsa
1192 493 1247 562 rei
1263 492 1380 562 defini·

208 601 303 671 tione
325 600 558 691 exprimitur;
584 606 714 670 utnon
739 601 913 670 immerito
936 601 1091 686 dixeris,
1117 601 1155 669 in
1186 600 1300 691 priori
1322 599 1380 669 illo

207 709 282 778 loeo
298 709 487 797 definitum,
505 709 542 777 iu
558 709 622 778 hoo
639 709 752 781 altero
776 709 1006 799 definitionem
1030 708 1214 777 contineri.
1232 706 1380 776 Proinde

208 816 241 884 si
255 816 367 887 ullum
384 814 500 885 adhue
514 822 631 907 posset
645 838 719 886 esse
735 816 878 886 dubium
902 816 944 885 de
968 815 1123 901 definito,
1143 837 1231 908 quae
1247 814 1380 884 scilieet

208 924 257 993 sit
278 923 449 993 eredendo
472 924 591 993 unitas
614 924 732 993 Patris
755 946 797 993 ao
819 924 919 1009 Filii,
945 948 987 993 ex
1011 923 1085 993 loco
1109 923 1232 1007 altaro,
1259 945 1303 991 ex
1326 921 1380 992 do

208 1031 366 1105 finitione
388 1031 530 1123 iuquam
544 1032 598 1100 rei
614 1054 636 1099 a
651 1031 780 1100 Ioanne
803 1031 841 1100 iu
864 1031 941 1123 ipso
963 1033 1078 1123 cupite
1101 1031 1186 1100 libri
1208 1029 1307 1116 data,
1325 1051 1380 1101 ve·

208 1162 286 1208 rum
309 1162 447 1209 sensum
470 1138 670 1228 intelligere
693 1144 880 1230 oporteret.

279 1274 295 1310 ι
309 1246 352 1313 Iu
367 1245 541 1336 principio
556 1253 635 1315 erat
648 1245 814 1332 Verbum,
833 1252 869 1316 et
884 1246 1039 1317 Verbum
1054 1252 1133 1316 erat
1148 1246 1241 1337 apud
1256 1245 1380 1330 Deum,

207 1359 244 1424 et
264 1354 359 1423 Deus
386 1360 465 1424 eret
486 1354 652 1425 Verbum.
669 1383 685 1419 n
704 1353 840 1424 Omissa
867 1355 1185 1439 demonstratione,
1218 1375 1322 1446 quam
1346 1353 1380 1422 in

210 1463 330 1532 Traot.
356 1461 398 1530 de
420 1461 599 1531 Inoarnat.
619 1461 671 1532 th.
688 1462 755 1532 IX.
774 1463 957 1549 dedimus,
987 1486 1050 1553 per
1079 1461 1291 1554 particulam
1310 1490 1328 1526 ι
1345 1461 1380 1528 iu

207 1568 410 1660 principio»
436 1567 616 1638 enuntiari
644 1571 862 1659 principium
889 1571 1082 1636 obuolutum
1110 1569 1147 1637 in
1174 1567 1296 1636 ordine
1320 1566 1380 1636 du·

207 1677 356 1746 rationis
383 1682 420 1746 et
445 1676 723 1766 permanentiae,
748 1698 816 1745 non
839 1683 956 1746 autem
986 1675 1199 1769 principium
1228 1697 1292 1744 seu
1314 1674 1380 1744 ini·

207 1785 297 1854 tium
319 1783 511 1874 temporis,
537 1788 642 1874 atque
672 1784 757 1853 adeo
787 1783 966 1853 enuntiari
987 1784 1230 1853 aeternitatem
1257 1781 1380 1870 Verbi;

207 1914 301 1960 nuno
324 1913 387 1981 pro
410 1912 511 1980 saopo
540 1891 717 1981 praesenti
746 1891 857 1960 solum
888 1891 1147 1961 oonsideramus
1176 1889 1244 1959 duo
1268 1888 1380 1959 ineisa

208 1998 401 2092 sequentia.
426 1997 604 2088 Imprimis
626 1999 792 2085 Verbum,
811 1999 936 2091 dequo
960 1999 1077 2069 doceri
1099 1997 1274 2082 volumus,
1302 1997 1380 2089 quis

209 2108 257 2177 sit
268 2114 305 2178 et
316 2108 400 2200 quid
419 2106 479 2192 sit,
498 2111 553 2176 est
570 2106 802 2196 «unigenitus
817 2129 840 2175 a
853 2107 993 2193 Patren
1015 2106 1248 2197 «unigenitus
1263 2104 1380 2174 Filius

209 2214 270 2306 qui
294 2219 349 2284 est
369 2214 409 2283 in
432 2214 512 2283 sinu
535 2214 684 2283 Patris»
704 2239 739 2283 v.
758 2214 884 2283 1418.
902 2216 1056 2285 Verbum
1078 2237 1159 2284 oaro
1182 2213 1312 2301 (homo)
1330 2215 1380 2282 ia

209 2327 305 2391 otum
327 2321 366 2390 iu
388 2328 541 2412 tempore
564 2327 619 2392 est
640 2322 740 2392 Iesus
762 2322 939 2409 Christus,
965 2323 1026 2415 qui
1042 2322 1080 2390 in
1094 2329 1169 2391 toto
1183 2320 1380 2410 Evangelio

209 2430 360 2521 seipsum
383 2429 541 2500 declarat
565 2429 698 2499 Filium
724 2429 791 2499 Dei
806 2430 937 2515 Patris,
955 2430 1148 2500 certissime
1164 2451 1185 2497 a
1199 2429 1309 2498 Patre
1320 2450 1380 2497 suo

209 2538 428 2609 distinctum:
448 2566 465 2601 ι
482 2538 630 2608 Ioannes
653 2561 760 2607 unum
784 2545 820 2607 et
841 2538 986 2608 eundem
1008 2538 1111 2608 novit
1125 2538 1279 2608 Verbum
1302 2535 1380 2621 Dei,

208 2652 244 2715 et
266 2646 360 2716 huno
382 2669 456 2717 esse
479 2644 721 2736 Unigenitum,
741 2651 777 2715 et
792 2643 885 2716 huno
908 2645 1131 2714 incarnatum
1156 2667 1231 2715 esse
1246 2668 1313 2736 pro
1330 2666 1380 2714 su·

208 2752 283 2823 lute
294 2759 415 2823 nostra
428 2782 445 2817 n
463 2754 557 2824 Iren.
575 2754 644 2822 ΙΠ.
663 2777 693 2824 o.
714 2755 768 2822 16.
783 2778 819 2822 n.
837 2754 871 2821 2.
885 2753 953 2822 Est
973 2754 1128 2823 Verbum
1145 2754 1247 2837 idem,
1265 2752 1380 2822 Filius

208 2859 274 2928 Dei
296 2861 433 2945 Patris,
460 2860 521 2952 qui
550 2866 727 2953 tammam
751 2860 808 2930 hio
832 2883 923 2930 unus
954 2860 1145 2931 distinctus
1169 2882 1191 2929 a
1218 2859 1326 2928 Patre
1349 2866 1380 2930 et

208 2966 398 3037 distinctus
413 2967 586 3058 aSpiritu
609 2974 889 3052 connumeratur,
905 2973 947 3037 ut
969 2968 1042 3038 sint
1052 2974 1138 3038 tres:
1159 2997 1175 3032 ι
1190 2968 1227 3037 iu
1243 2966 1380 3037 nomine

208 3072 328 3144 Patris
349 3080 385 3145 et
406 3074 494 3143 Filii
516 3082 553 3144 et
575 3074 732 3165 Spiritus
763 3074 927 3146 Sancti.»
947 3076 1094 3159 Quando
1116 3098 1200 3165 ergo
1223 3074 1380 3144 dieitur:

212 3185 395 3256 ..verbum
417 3190 495 3254 erat
518 3181 612 3273 opud
633 3183 742 3251 Deum
763 3206 836 3276 προς
856 3182 1001 3262 reseco,
1017 3206 1085 3252 non
1101 3182 1310 3253 enuntiatur
1322 3182 1380 3252 ad·

207 3294 381 3364 tributum
403 3291 546 3383 aliquod
569 3291 767 3361 absolutum
790 3296 902 3382 (puta
924 3291 1117 3382 sapientiae
1140 3290 1199 3361 vel
1221 3291 1380 3381 omnipo-

208 3401 355 3486 tentiae)
379 3399 491 3485 illius,
516 3400 609 3489 apud
633 3422 733 3492 quem
756 3420 831 3469 esse
853 3399 997 3487 diuitum
1024 3398 1248 3491 nequeenim
1271 3397 1380 3468 adtri-

209 3510 332 3579 butum
355 3531 378 3577 a
399 3509 472 3578 Deo
495 3531 557 3578 seu
578 3529 601 3575 a
623 3530 770 3598 persona
792 3507 916 3582 divina
939 3508 1040 3579 auius
1063 3505 1380 3596 subdistinguitur

208 3618 363 3701 realiter,
382 3623 424 3687 ut
439 3616 487 3685 sit
502 3616 595 3686 alius
610 3615 766 3702 stulius,
792 3617 852 3687 sed
872 3646 889 3681 ι
908 3618 1050 3686 Verbum
1064 3613 1159 3706 opud
1172 3614 1280 3682 Deum
1294 3642 1312 3677 ιι
1330 3615 1380 3682 ἰιι·

208 3724 388 3814 telligitur
420 3721 537 3792 eodem
566 3744 693 3809 sensu,
718 3746 759 3793 ao
782 3723 919 3816 quando
951 3722 1104 3792 dicitur:
1133 3751 1150 3786 ι
1163 3720 1380 3809 Unigenitus

208 3833 325 3900 Filios
348 3845 396 3898 eat
418 3832 456 3897 in
479 3832 560 3897 aime
590 3831 725 3915 Patria,
744 3859 760 3895 r
779 3838 815 3901 et
838 3829 975 3922 quando
996 3830 1114 3899 Filius
1140 3829 1204 3898 ait:
1226 3850 1321 3917 aege
1344 3827 1380 3896 in

207 3939 314 4008 Patre
336 3943 373 4006 et
394 3937 500 4007 Pater
523 3937 560 4006 in
583 3960 636 4008 me
658 3944 754 4024 est,n
774 3938 1007 4008 «almitatem
1029 3936 1150 4023 habui,
1175 3935 1380 4027 priusquam

208 4048 358 4118 mundus
380 4050 482 4132 esset,
508 4046 602 4137 opud
618 4060 650 4113 te
665 4069 748 4138 παρα
764 4070 811 4112 σοι
827 4074 844 4110 ιι
873 4047 925 4116 Io.
941 4046 1040 4114 XIV.
1056 4044 1126 4132 10.;
1144 4043 1262 4113 XVII.
1278 4045 1380 4114 beto.

208 4154 352 4223 Retinet
361 4153 477 4242 igitur
493 4153 684 4243 propositio
703 4153 817 4243 «apud
831 4153 961 4223 Deum»
976 4175 1074 4221 suam
1090 4152 1380 4242 significationem

208 4259 452 4350 distinguendi
475 4282 582 4328 unum
597 4262 641 4330 sb
656 4260 782 4329 altero.
800 4260 908 4329 Porro
923 4259 988 4329 hoe
1003 4260 1162 4330 Verbum·
1173 4258 1380 4329 distinctum

208 4371 252 4438 ab
274 4392 325 4454 eo,
351 4368 444 4459 apud
466 4389 567 4460 quem
589 4373 678 4453 erat,
703 4389 772 4437 non
794 4373 849 4438 est
864 4369 1008 4438 verbum
1023 4367 1200 4438 transiens
1216 4366 1277 4437 sed
1293 4367 1380 4435 sub-
