3180 4944
714 350 752 364 ..
774 317 835 380 506
855 351 893 365 ..

192 425 195 432 ’
217 432 335 516 Deus,
357 430 470 514 aiunt,
497 429 556 497 sed
580 434 623 498 ut
638 427 925 498 subministrator
949 421 1122 520 (ὑπονργος)
1152 429 1298 499 divinae
1315 453 1386 521 gra-

217 539 300 608 tiae.
319 538 365 606 A.
383 537 501 626 Igitur
524 559 592 605 nou
612 536 688 628 ipse
705 537 765 606 sed
781 535 901 626 gratia
923 558 1011 629 quae
1036 560 1098 628 per
1118 537 1237 628 ipsum
1252 543 1319 624 est,
1333 563 1385 608 no

217 646 271 715 bis
286 643 517 735 imprimitur?
534 645 577 712 Β.
594 643 653 713 Ita
669 642 821 714 videtur.
843 643 888 712 A.
907 644 1054 736 Oportet
1069 644 1187 735 igitur
1201 645 1386 737 imaginem

217 752 355 844 gratiae
370 775 439 821 non
453 751 641 842 imaginem
661 751 727 821 Dei
753 752 872 822 vocari
897 752 1104 823 hominemln
1130 754 1388 844 interpretatur

217 860 340 929 deindo
351 858 443 928 illud
452 859 539 928 Gen.
552 859 640 928 Ha.
654 859 873 950 «inspiravit
882 860 1097 950 spiraculum
1109 861 1208 931 vitae
1217 889 1235 925 n
1251 863 1295 932 de
1307 887 1386 932 eom·

176 961 180 968 ’
217 965 449 1035 municatioue
461 964 619 1056 Spiritus
631 964 765 1050 Sancti,
780 971 817 1035 et
828 967 862 1035 ei
874 974 1052 1057 comparat
1064 966 1157 1038 illud
1169 969 1221 1038 Io.
1237 970 1320 1038 XX.
1335 971 1385 1038 22:

220 1071 453 1142 «insufflavit
473 1079 511 1141 et
533 1069 645 1158 dixit,
674 1071 823 1164 accipite
860 1073 1033 1163 Spiritum
1060 1074 1244 1146 Sanctum.
1261 1104 1279 1140 a
1306 1077 1387 1146 Tum

216 1180 452 1272 prosequitur:
469 1180 536 1247 «A.
550 1179 645 1248 Atei
660 1201 682 1247 a
697 1180 896 1248 substantia
917 1180 1074 1270 Spiritus
1090 1180 1214 1252 Sancti
1239 1183 1387 1253 disiunc-

136 1291 141 1300 ’
217 1295 257 1357 ta
279 1289 331 1376 (l)
356 1287 448 1357 esset
474 1287 592 1376 gratia
612 1308 698 1379 quae
729 1311 790 1378 per
817 1287 932 1378 ipsum
957 1295 1034 1375 eet,
1068 1290 1193 1382 quidni
1217 1291 1314 1361 clare
1341 1291 1387 1360 di·

216 1396 272 1465 xit
294 1397 418 1464 beatus
440 1395 599 1484 Moyses,
625 1395 794 1486 producto
820 1395 858 1463 in
882 1395 995 1466 lucem
1020 1397 1168 1466 animali
1198 1398 1387 1490 inspirasse

216 1503 374 1578 universi
400 1508 590 1573 creatorem
612 1503 764 1591 gratiam
787 1526 849 1593 per
880 1503 1053 1596 Spiritum
1084 1504 1201 1594 vitae,
1229 1506 1387 1576 Christus

217 1616 334 1679 antem
357 1609 477 1678 nobis:
502 1608 651 1699 accipite
685 1609 839 1698 gratiam
868 1632 931 1700 per
958 1609 1208 1681 ministerium.
1232 1611 1385 1704 Spiritus

218 1717 357 1787 Sancti?
370 1717 483 1808 Atqui
499 1721 722 1807 nuncupatus
736 1723 791 1786 est
814 1717 891 1786 illic
916 1719 1054 1806 quidem
1074 1719 1126 1807 (in
1150 1720 1295 1806 Genesi)
1315 1719 1384 1810 Spi-

218 1825 312 1894 ritus
332 1823 469 1895 vitae...
491 1847 553 1915 per
583 1824 783 1894 Salvatoris
808 1847 890 1893 vero
915 1848 1032 1895 vocem
1055 1827 1216 1917 Spiritus
1240 1828 1384 1897 Sanctus

223 1933 339 2002 dictus
351 1937 416 2017 est,
435 1933 597 2023 quoniam
610 1935 785 2022 ipsummet
801 1957 929 2019 reuera¹
941 1934 1112 2024 Spiritum
1128 1938 1167 2002 iu
1184 1935 1385 2003 medentium

217 2040 397 2108 animabus
414 2040 611 2106 inhabitare
633 2040 732 2127 sarit
748 2055 780 2107 et
803 2043 975 2125 immittit,
1002 2057 1106 2133 atque
1126 2067 1193 2134 per
1223 2046 1332 2135 ipsum
1354 2059 1381 2110 et

219 2151 257 2215 in
286 2151 360 2237 ipso
380 2148 549 2235 reformat
576 2149 782 2237 informem
800 2153 1031 2240 primitivam,
1057 2151 1122 2221 hoc
1145 2153 1263 2222 estin
1285 2175 1319 2222 se
1336 2152 1380 2242 ip-

217 2279 294 2325 sum
318 2254 393 2324 sive
412 2254 450 2322 in
477 2255 533 2324 sui
552 2255 819 2329 similitudinem
833 2281 899 2346 per
917 2261 1238 2350 sanctificationem,
1256 2263 1305 2331 sic
1326 2283 1379 2329 nos

218 2382 387 2432 revocans
424 2361 469 2429 ad
507 2361 738 2452 archetypum
773 2362 961 2453 imaginis,
994 2364 1058 2435 hoc
1087 2371 1143 2435 est
1172 2367 1219 2436 ad
1251 2367 1377 2438 charac-

215 2476 324 2540 terem
348 2468 479 2538 Patris.
498 2468 689 2539 Character
714 2471 806 2538 enim
829 2494 935 2540 verus
958 2479 995 2541 et
1012 2475 1165 2562 perfecte
1186 2474 1374 2553 similitudi·

214 2600 291 2646 nem
315 2575 512 2666 exprimens
534 2576 610 2666 ipse
632 2581 687 2644 est
708 2576 852 2661 Filius,
886 2577 1086 2648 similitude
1112 2605 1198 2653 voro
1211 2586 1214 2591 ’
1229 2598 1316 2673 pura
1345 2587 1372 2648 et

213 2683 390 2752 naturalis
412 2682 500 2751 Filii
524 2688 579 2751 est
602 2681 772 2772 Spiritus,
791 2683 838 2749 ad
861 2709 957 2774 quem
975 2685 1177 2777 (Spiritum)
1193 2703 1227 2755 et
1241 2712 1369 2754 noseor-

206 2794 359 2881 flqurati
376 2815 441 2881 per
463 2792 792 2878 sanctificationem,
817 2792 861 2860 ad
886 2791 1085 2881 ipsamDei
1109 2796 1258 2863 formam
1281 2794 1366 2864 confi·

213 2922 393 2988 guramur.
406 2899 480 2967 Hoc
502 2897 601 2966 nobis
624 2898 849 2987 persuadebit
871 2900 1085 2988 apostolicus
1108 2907 1246 2971 sermo:
1270 2899 1365 2980 filioli,

212 3006 352 3098 inquit,
383 3029 469 3098 quos
499 3004 628 3074 iterum
659 3005 846 3095 parturio,
883 3006 989 3075 donec
1014 3008 1186 3077 formetur
1221 3010 1258 3078 in
1286 3005 1366 3077 vobis

211 3114 375 3183 Christus
399 3113 479 3181 (iel.
493 3113 559 3183 IV.
583 3112 637 3179 19.
655 3112 844 3181 Formatur
867 3119 983 3182 autem
1006 3136 1068 3203 per
1100 3115 1296 3205 Spiritum,
1319 3110 1364 3203 qui

211 3244 274 3290 nos
295 3223 464 3290 reformat
486 3222 530 3290 ad
553 3222 664 3290 Deum
687 3222 772 3317 (Deo
795 3221 942 3306 similes)
958 3245 1020 3310 per
1037 3245 1073 3290 se
1091 3222 1219 3312 ipsum.
1239 3220 1363 3307 Quando

211 3329 326 3417 igitur
349 3329 393 3397 ad
417 3327 596 3397 Christum
621 3330 834 3420 formamur,
868 3329 942 3420 ipse
974 3331 1074 3399 nobis
1103 3332 1314 3422 imprimitur
1337 3330 1361 3394 et

211 3434 361 3526 pulchra
383 3435 617 3504 similitudine
645 3437 817 3504 formatur
841 3437 893 3523 (in
915 3436 1029 3522 nobis)
1054 3444 1176 3528 utpote
1199 3462 1261 3529 per
1281 3442 1359 3505 natu·

210 3542 335 3612 raliter
358 3544 391 3612 ei
414 3541 563 3611 similem
587 3541 758 3632 Spiritum
777 3543 845 3631 (2);
865 3544 959 3612 Deus
982 3567 1066 3633 ergo
1089 3551 1145 3613 est
1168 3545 1318 3635 Spiritus
1334 3545 1358 3607 ot

210 3650 255 3718 ad
269 3651 379 3719 Deum
404 3652 635 3735 conformans,
650 3673 717 3717 uon
740 3657 917 3742 tamquam
941 3674 1002 3742 per
1026 3652 1288 3721 ministerialem
1298 3667 1355 3740 gra·

209 3777 241 3830 Τ.
256 3778 321 3831 VII.
333 3794 361 3844 p.
373 3777 436 3830 632.
447 3777 587 3846 Spiritum
606 3776 739 3831 Sanctum
760 3781 793 3831 ut
809 3778 986 3843 signaculum
1005 3779 1173 3847 imprimens
1191 3777 1354 3843 distinguite

209 3865 357 3930 signaculo
376 3865 524 3934 impresso.

261 3950 305 4025 (l)
325 3975 370 4016 της
389 3951 481 4016 doetus
503 3975 548 4008 roo
567 3975 716 4025 πνευματος
734 3961 949 4028 διεσχοινισμενη
967 3957 1351 4029 xapr;,gratiadissoluttss⁰l

207 4043 344 4110 colligata
362 4059 424 4098 cum
444 4045 608 4099 substantia
626 4043 754 4111 Spiritus
773 4042 895 4118 (σχοινος
915 4045 1004 4114 funis,
1020 4044 1167 4116 ligamen).
1188 4047 1350 4100 aeneorum

208 4148 263 4186 nou
277 4133 303 4186 is
317 4133 460 4203 estquod
478 4135 575 4199 grstia
593 4135 633 4187 sit
651 4135 774 4203 ipsamet
792 4136 958 4191 substantia
969 4136 1098 4205 Spiritus
1117 4136 1226 4205 Sancti,
1238 4133 1281 4189 sed
1298 4120 1349 4197 qwd

206 4222 303 4286 grstia
320 4225 457 4290 colligata
475 4228 520 4278 est
538 4239 598 4278 cum
618 4224 831 4279 inhabitatione
851 4225 944 4294 ipsius
964 4225 1092 4294 Spiritus
1111 4226 1219 4281 Sancti.

259 4309 301 4384 (2)
319 4313 381 4367 ‘Osa
404 4335 486 4367 rossus
507 4336 570 4386 προς
590 4335 702 4386 xpectas
723 4314 917 4388 μορφουμεὸα,
936 4338 979 4369 και
1001 4313 1083 4380 eiusce
1104 4317 1168 4388 η’μιν
1192 4313 1346 4385 {suspensa

207 4421 250 4454 και
271 4399 440 4459 illusorum
463 4400 646 4466 retorsisti
669 4403 761 4476 ipsosne
781 4419 895 4476 φυσικως
917 4427 962 4461 του
985 4427 1147 4480 πνευματος.
