3180 4944
716 349 754 364 ..
775 316 836 378 226
857 348 895 363 -

205 426 329 499 soluta
349 425 395 495 ab
418 423 577 505 omnibus
600 422 830 499 relationibus
851 423 922 495 loci
943 443 985 502 aa
1001 422 1109 514 spatii
1130 420 1236 511 (vids
1259 421 1335 495 'Pru

208 533 253 615 ds
275 534 380 621 Deo).
408 532 556 615 Quando
589 531 708 625 itaque
739 538 901 603 creatura
930 531 1076 617 existit,
1100 533 1299 603 necessario
1330 535 1335 602 :¹

210 641 294 713 time
316 662 481 731 praesens
504 645 559 719 est
580 640 670 725 Deo,
697 661 785 732 quae
815 638 1012 730 praeseutia
1042 638 1136 719 nihil
1165 638 1335 730 ntiquel

211 749 415 842 superaddit
445 769 552 839 supra
587 748 834 838 perfectionem
872 746 1129 821 immensitatis.
1157 747 1254 816 Hine
1287 770 1335 838 pu

207 858 325 939 sentia
345 856 413 926 Dei
436 878 539 925 sensu
561 855 702 947 proprio
725 855 857 926 dicitur
880 854 917 924 in
941 854 1061 925 ordine
1082 853 1127 943 ad
1151 861 1334 927 creaturas

211 973 265 1037 est
286 964 412 1035 relatio
434 963 584 1041 rationis
608 963 654 1030 ad
670 978 782 1046 extra,
806 962 943 1033 scilicet
958 962 1157 1052 praesentia
1172 962 1240 1032 Dei
1254 963 1335 1044 esti

211 1072 425 1155 immensitas
450 1077 567 1160 (sensu
590 1072 782 1158 declarato)
806 1094 884 1147 cum
907 1070 1211 1160 adsignificatione
1232 1072 1335 1143 exne

210 1183 258 1251 tis
282 1187 475 1250 creaturae.
489 1180 589 1249 Unde
613 1179 754 1249 divinae
778 1201 965 1270 personae,
1000 1180 1085 1271 quia
1116 1179 1265 1251 realiter
1292 1180 1335 1259 im

209 1311 246 1360 se
268 1288 541 1379 distinguuntur
563 1293 599 1357 et
621 1286 727 1356 simul
750 1309 866 1367 omues
889 1286 1127 1359 identificatae
1159 1309 1239 1367 oum
1263 1285 1335 1365 diri

209 1394 361 1475 essenus
382 1398 469 1462 sunt
490 1415 581 1471 uuus
604 1392 699 1464 Dans
714 1444 722 1480 ,
740 1393 878 1484 proprie
894 1393 1031 1485 quidem
1046 1392 1215 1463 dicuntur
1232 1413 1335 1469 emen

208 1503 246 1573 in
269 1502 361 1596 alia,
387 1524 509 1571 nomen
533 1524 616 1571 vero
633 1505 854 1591 praescntiae
876 1502 941 1571 hoc
957 1523 1061 1579 sensu
1077 1523 1145 1570 non
1162 1503 1335 1592 proprias

209 1609 321 1689 solum
343 1610 528 1700 analogica
551 1608 809 1700 significatione
833 1608 994 1679 adhiberi
1016 1614 1142 1698 potest,
1160 1613 1197 1677 et
1211 1613 1335 1690 cartas

209 1739 276 1787 nus
299 1716 392 1787 clare
414 1717 583 1808 exprimit
606 1716 743 1791 modum
767 1716 867 1787 illius
887 1715 1006 1799 divini
1029 1718 1136 1793 insece
1158 1738 1222 1806 per
1256 1715 1335 1791 iden

210 1830 318 1903 tatem
338 1823 524 1906 essentiae.
543 1823 668 1892 Omnes
691 1815 829 1916 quidem
852 1822 973 1903 fideles
989 1821 1123 1902 dicunt:
1142 1822 1203 1903 ubi
1219 1843 1335 1914 praesa

209 1937 263 2017 est
285 1953 355 2015 uua
378 1953 547 2023 persona,
574 1938 774 2024 praesentes
797 1938 881 2001 sunt
903 1953 1019 2011 omnes
1041 1937 1115 2013 tres
1138 1953 1320 2022 personam

209 2039 325 2121 nascio
347 2061 393 2109 au
416 2039 591 2129 patienter
614 2039 768 2124 ferrent,
795 2040 828 2109 si
850 2038 932 2132 quis
954 2038 1086 2118 diceret
1108 2062 1139 2108 e.
1153 2064 1191 2129 g.
1209 2038 1335 2130 Spiritt

210 2147 377 2227 Sanctum
394 2161 606 2236 praesectam
627 2168 702 2219 esee
725 2147 797 2216 Deo
819 2145 922 2217 Patri
944 2152 980 2231 st
1001 2146 1107 2229 Filio.
1125 2146 1248 2240 Neque
1270 2146 1335 2238 igit

209 2253 477 2339 caretratione,
502 2253 587 2323 licet
601 2275 624 2322 a
637 2254 891 2337 recentioribus
913 2253 988 2325 illis
1005 2253 1235 2339 Scholasticis
1248 2253 1335 2327 reiis

207 2367 292 2447 tur,
318 2361 408 2454 quod
431 2362 485 2432 ait
507 2362 684 2437 Aureolus
699 2362 884 2453 theologus
900 2362 1054 2453 apprime
1072 2362 1239 2447 subtilis:
1259 2382 1335 2454 «prr

209 2469 409 2547 sentialitas
432 2470 673 2546 videturesse
696 2469 822 2540 relatio
845 2470 1039 2561 importans
1053 2469 1335 2545 distinctionem

208 2600 309 2663 rum,
335 2598 423 2671 quae
446 2576 728 2668 praesentialiter
755 2577 931 2649 assistunt
943 2602 952 2665 3
986 2577 1076 2660 idem
1104 2578 1200 2647 euim
1229 2599 1335 2651 nont

209 2684 275 2754 sibi
298 2706 485 2776 praesens3
512 2684 572 2753 sed
595 2690 671 2753 tota
693 2706 840 2775 persona
862 2707 930 2771 non
946 2684 1183 2775 distinguitur
1199 2706 1222 2769 a
1236 2707 1335 2776 perso

208 2790 395 2861 secundum
419 2791 616 2876 essentiam,
631 2812 717 2880 ergo
733 2791 921 2869 secuudum
938 2791 1123 2875 essentiam
1139 2814 1209 2875 non
1225 2790 1295 2861 erit
1315 2813 1335 2860 s

209 2903 294 2986 (una
316 2898 435 2986 altari)
453 2923 615 2989 praescus
637 2899 760 2968 intime
783 2899 843 2970 sed
867 2900 1004 2983 omnino
1025 2899 1142 2984 idem,
1176 2922 1240 2970 neo
1267 2905 1335 2990 pote

207 3004 292 3083 talis
314 3004 439 3073 intima
461 3005 747 3096 praesentialitas
771 3006 906 3076 attendi
928 3005 999 3079 nisi
1030 3006 1219 3097 secundum
1240 3007 1335 3078 relat

208 3133 290 3196 nes,
315 3132 403 3204 quae
425 3111 569 3182 realiter
592 3112 884 3203 distinguuntur3
910 3119 947 3183 et
969 3118 1085 3185 tamen
1101 3118 1240 3195 constat
1262 3136 1335 3187 seon

208 3219 290 3288 dnm
312 3218 490 3303 Hilarium
514 3225 551 3290 et
572 3220 812 3311 Augustinum
829 3270 837 3306 ,
857 3222 948 3313 quod
961 3221 1206 3302 circumcessio
1221 3244 1335 3313 persop

208 3347 285 3409 rum
308 3326 506 3409 attenditur
527 3350 630 3421 penes
660 3328 881 3398 identitatem
912 3328 1108 3413 esseutiae,
1133 3351 1224 3421 quae
1246 3333 1325 3405 tota

209 3434 364 3526 perfecta
387 3434 551 3505 subsistit
565 3435 603 3504 in
621 3436 779 3505 tribus...
796 3436 885 3505 Tota
900 3436 1135 3526 personalitas
1150 3436 1239 3506 Filii
1253 3436 1335 3528 iupt¹

208 3541 396 3612 sonalitate
420 3541 578 3632 Spiritus
602 3543 724 3613 Sancti
748 3543 801 3612 ita
824 3544 925 3613 debet
956 3543 1136 3633 intelligi,
1162 3549 1206 3631 ut
1226 3567 1335 3633 nacp

207 3647 377 3732 illabatur
401 3649 506 3720 alteri
528 3655 593 3732 aut
610 3650 897 3741 praesentialiter
927 3653 1128 3734 intimetur,
1161 3676 1205 3719 ac
1229 3676 1297 3743 pcc·
1325 3653 1335 3718 l

208 3757 448 3853 concipiuntur
473 3756 703 3829 essentialiter
728 3756 915 3837 distinctae
928 3806 939 3841 ‚
967 3763 1121 3830 autnon
1145 3759 1243 3828 uniri
1257 3758 1335 3841 iden

207 3865 281 3945 tate
303 3862 341 3931 in
365 3862 546 3955 aliquare
569 3863 779 3954 simpliciter
802 3886 895 3953 una;
923 3866 982 3933 loc
1005 3868 1094 3945 caim
1109 3864 1248 3935 uidetur
1266 3866 1335 3937 aaa

207 3984 375 4061 respectus
392 3972 744 4060 praesentialitate'sn
770 3970 809 4039 in
833 3972 864 4042 1.
881 3973 965 4042 dist.
982 3972 1036 4055 19.
1053 3994 1111 4060 aa.
1132 3972 1164 4042 1.
1184 3980 1222 4045 et
1235 3973 1272 4056 ὃ.

273 4074 325 4161 At
346 4074 403 4153 his
426 4077 584 4162 omnibus
606 4078 713 4165 etiam
737 4076 874 4155 omissis
898 4084 1082 4170 conceptus
1113 4079 1175 4150 ille
1199 4079 1335 4163 airam

207 4181 372 4267 cessionis
394 4207 456 4275 per
478 4185 709 4276 praesentiam
733 4187 919 4258 secundum
941 4185 1213 4257 immensitatem
1234 4211 1301 4261 sen
1320 4187 1335 4261 i

207 4311 361 4377 mensum
383 4291 444 4359 cti
466 4314 508 4362 ex
531 4291 613 4363 aliis
636 4294 833 4372 rationibus
857 4294 1078 4379 convincitur
1095 4294 1235 4379 omnino
1253 4295 1335 4367 falst

205 4395 294 4466 Nam
319 4398 361 4468 1·.
375 4396 501 4485 intima
522 4399 607 4481 talis
630 4401 830 4490 praesentia
853 4401 918 4472 Dei
942 4408 996 4473 ast
1027 4401 1065 4472 in
1095 4404 1258 4493 omnibns
1290 4425 1335 4475 ort
