3172 4950
712 329 749 343 -
770 298 832 359 31⁰
852 328 890 345 -

214 403 488 495 metaphysicam
511 403 779 493 repugnantiam
802 402 954 473 unitatis
978 399 1129 474 naturae
1153 404 1190 471 in
1211 402 1365 473 distinctis

214 513 383 605 personis,
408 534 507 581 nemo
536 512 611 579 sine
642 512 780 601 ingenti
810 511 1016 601 arrogantia
1038 518 1075 581 et
1096 511 1294 601 ignorantia
1311 509 1365 579 sili

215 620 396 689 vindicare
420 625 536 709 potest
558 619 663 687 talem
687 619 882 689 evidentem
914 618 1190 688 intellectionem
1217 618 1364 688 essentiae

214 736 249 798 et
272 728 477 819 hypostasis
498 727 655 798 divinae.
681 729 776 811 Quia
799 729 936 798 scilicet
955 729 1110 798 essentia
1125 728 1249 798 divina
1261 729 1364 798 eminet

214 860 318 927 super
340 843 450 905 totam
473 836 643 904 rationein
667 836 759 904 entis
787 836 897 905 creati
920 843 957 905 et
979 836 1086 921 finiti,
1105 858 1170 905 nec
1191 857 1265 904 eam
1285 834 1364 904 utin

215 967 250 1012 se
273 949 328 1012 est
351 943 595 1032 intelligimus,
614 942 739 1010 lumini
757 942 909 1011 rationis
925 965 994 1011 non
1011 950 1126 1033 potest
1141 964 1217 1011 esse
1231 939 1367 1025 evidens*

215 1056 334 1119 utrum
366 1051 414 1120 sit
436 1051 494 1119 vel
516 1073 583 1118 non
609 1049 658 1118 sit
680 1049 753 1116 alia
776 1050 935 1118 formalis
969 1049 1062 1117 ratio
1097 1050 1258 1119 infinitae
1285 1048 1369 1116 illiu-

213 1159 387 1249 spiritalis
409 1164 556 1226 naturae
571 1167 607 1226 et
622 1158 696 1225 alia
717 1156 946 1248 hypostaseos
962 1157 1104 1226 divinae
1120 1158 1186 1242 ita,
1204 1163 1246 1226 ut
1258 1163 1366 1229 natal!¹

214 1289 356 1335 manens
379 1289 449 1335 una
479 1265 601 1354 exigat
624 1266 680 1334 sui
705 1265 1047 1334 communicationem
1082 1289 1145 1356 per
1180 1264 1362 1333 intrinseca

213 1382 313 1443 actus
326 1373 467 1456 vitales,
482 1379 586 1464 atque
601 1373 679 1441 ideo
695 1373 759 1440 aab
775 1372 915 1440 formali
932 1372 1070 1441 ratione
1082 1377 1234 1440 naturae
1248 1368 1360 1463 quiden

214 1483 265 1551 sit
287 1483 417 1565 unitas,
443 1481 508 1548 sub
531 1481 672 1549 formali
694 1487 810 1548 autem
834 1481 969 1549 ratione
993 1480 1226 1570 hypostaseos
1246 1475 1361 1567 sitple·

214 1589 352 1659 ralitas.
367 1590 442 1658 Hoc
458 1611 562 1658 sensu
577 1589 735 1678 intelligi
750 1597 877 1679 potest,
892 1582 1354 1680 quodaitSuareal.1.c.12

214 1723 249 1767 n.
268 1700 324 1766 20:
346 1696 469 1765 «illud
492 1696 715 1787 principium,
736 1722 824 1788 quoe
846 1711 927 1763 sunt
950 1696 1063 1763 eadm
1086 1699 1152 1762 ami
1175 1697 1285 1775 tertio,
1299 1705 1355 1761 us

214 1803 327 1871 eedem
352 1807 444 1869 inter
457 1828 504 1883 se,
520 1802 605 1872 licet
619 1803 656 1870 in
671 1804 775 1871 rebus
790 1804 904 1872 finitis
918 1805 967 1871 sit
982 1803 1234 1872 universaliter
1250 1822 1353 1885 verum
1368 1874 1370 1883 ,

214 1914 250 1981 in
274 1935 312 1982 re
335 1920 451 1981 autem
475 1910 616 1979 infinita
639 1911 871 1980 demonstrari
894 1934 962 1979 non
985 1916 1101 2002 potest
1130 1934 1194 2001 per
1215 1894 1370 1997 mdeste}

213 2019 428 2105 naturalem
455 2028 490 2087 et
512 2018 590 2086 ideo
612 2041 651 2086 eo
675 2018 784 2101 modo,
810 2041 878 2110 quo
904 2024 958 2087 est
980 2019 1137 2103 evidens,
1156 2020 1370 2105 nonestoorf

211 2130 363 2198 tranium
394 2126 477 2196 hnic
508 2126 676 2216 mysterio
691 2154 722 2194 n.
750 2125 927 2196 Videlicet
952 2126 990 2193 in
1016 2127 1122 2195 rebus
1153 2125 1264 2195 finitis
1282 2140 1355 2192 nuni

213 2261 317 2331 quam
329 2245 413 2306 sunt
428 2237 495 2306 duo
512 2236 577 2304 sub
598 2235 719 2327 aliqua
734 2236 870 2304 ratione
882 2235 1027 2305 realiter
1047 2235 1195 2304 interae
1210 2229 1349 2315 distincti.
1368 2276 1370 2289 ·

212 2355 248 2417 et
274 2348 340 2416 sub
366 2346 440 2414 alia
461 2344 596 2414 ratione
611 2345 756 2415 realiter
779 2367 819 2413 ae
846 2370 981 2413 numero
1006 2368 1141 2431 anum,
1170 2344 1230 2414 sed
1257 2343 1370 2412 solare·¹

213 2455 311 2523 modo
341 2461 426 2523 sunt
455 2477 562 2522 unum
593 2453 718 2543 specie.
752 2454 804 2521 At
835 2454 968 2523 veritas
990 2459 1045 2522 est
1068 2453 1245 2539 revelata,
1268 2468 1350 2521 usar

212 2564 298 2631 tiam
321 2561 495 2630 infinitam
518 2560 571 2628 ita
595 2560 805 2631 identificari
829 2583 908 2630 cnm
930 2584 999 2629 uno
1015 2561 1179 2644 relativo,
1198 2568 1240 2630 ut
1256 2582 1292 2629 ex
1307 2572 1351 2624 sua

212 2667 353 2736 infinita
375 2667 563 2736 eminentia
589 2672 626 2735 et
644 2667 998 2736 communicabilitate
1023 2667 1128 2736 simul
1149 2667 1355 2737 identificatur-

212 2797 289 2842 cum
305 2773 457 2842 relativo
472 2773 595 2856 altero,
613 2782 719 2866 atque
731 2775 808 2843 ideo
820 2775 893 2842 sint
904 2775 973 2844 duo
985 2773 1132 2842 realiter
1145 2772 1295 2844 distincti
1306 2766 1350 2838 sul

212 2881 347 2950 ratione
362 2880 603 2966 relativorum,
614 2891 650 2952 et
659 2883 762 2952 iidem
775 2883 848 2952 sint
860 2905 965 2950 unam
979 2883 1044 2950 sub
1055 2883 1193 2952 ratione
1204 2880 1349 2950 absolue

211 2989 394 3070 essentiae,
413 2989 503 3079 quod
519 2997 645 3076 totum,
665 2999 707 3059 nt
722 3000 832 3082 petet,
850 2991 993 3081 perinde
1016 2991 1123 3060 etiam
1139 2990 1236 3059 valet
1249 2989 1286 3058 de
1297 3005 1348 3076 per

212 3118 296 3164 sona
317 3095 437 3164 tertia.
455 3096 496 3164 ln
519 3098 586 3166 tali
609 3122 691 3168 vero
715 3099 1065 3168 communicabilitate
1088 3099 1247 3168 infinitae
1267 3112 1348 3165 esaar

211 3204 294 3286 tiae,
313 3204 414 3272 cuius
430 3205 654 3275 intrinsecam
670 3208 852 3291 rationem,
872 3213 913 3275 ut
929 3207 966 3275 in
983 3212 1099 3290 esest,
1119 3228 1188 3274 non
1211 3195 1348 3288 intelligi

211 3334 300 3395 mus,
325 3311 518 3380 evidentem
543 3316 810 3404 repugnantiam
828 3337 981 3384 asserere
995 3319 1050 3384 est
1064 3313 1246 3385 evidenter
1260 3311 1347 3379 ebor

132 3435 135 3441 '
211 3417 305 3485 dum.
327 3417 406 3501 «Si,
425 3420 585 3508 quoniam
603 3421 667 3489 hoe
684 3422 720 3489 in
736 3422 818 3490 aliis
838 3423 942 3491 rebus
957 3445 1025 3490 non
1048 3421 1160 3504 videt,
1178 3414 1347 3490 necinus

211 3525 412 3614 intelligere
436 3526 576 3613 valeat,
602 3532 751 3599 sufferat
781 3530 957 3621 paulisper
979 3529 1138 3620 aliquid,
1165 3528 1255 3619 quod
1274 3516 1352 3615 intel

210 3632 323 3702 lectus
346 3632 423 3701 eius
447 3618 628 3724 pcnetrdre
651 3661 718 3706 non
741 3638 864 3729 possit,
890 3660 963 3706 esse
987 3637 1024 3704 in
1047 3637 1120 3705 Deo
1134 3664 1151 3698 n
1171 3636 1209 3706 S.
1222 3628 1345 3702 Anselm

211 3740 261 3809 De
277 3741 344 3809 fide
369 3741 468 3810 Trin.
485 3766 513 3811 c.
531 3745 563 3811 7.
594 3745 756 3814 Ceterum
780 3746 869 3814 illud
895 3744 1129 3835 principium,
1158 3765 1272 3835 equae
1289 3736 1355 3807 saul·

209 3847 325 3915 eadem
339 3849 401 3916 uni
416 3851 523 3919 tertio
535 3858 641 3936 etan,
654 3853 759 3922 hahet
776 3852 1048 3942 metaphysicam
1067 3851 1264 3935 veritatem,
1278 3845 1349 3915 edo

209 3979 274 4049 que
297 3957 335 4024 in
359 3957 484 4049 quovis
506 3960 626 4029 ordine
651 3960 747 4030 valet
770 3961 812 4029 de
834 3958 986 4028 infinitis
1001 3982 1070 4028 non
1087 3960 1205 4028 minus
1221 3978 1313 4051 quam
1323 3949 1357 4019 lt

208 4062 332 4148 finitis,
351 4063 532 4132 dummodo
547 4064 584 4133 in
600 4088 684 4135 vero
700 4090 762 4136 suo
778 4089 882 4135 sensu
906 4064 1144 4156 intelligatur,
1162 4067 1206 4135 de
1220 4087 1284 4160 quo
1295 4074 1353 4130 mot

208 4169 373 4242 dicemus.

272 4281 367 4352 Haeo
391 4283 638 4375 quodammodo
662 4284 835 4353 indirecta
862 4282 991 4352 solutio
1015 4281 1276 4366 difficultatum,
1301 4273 1358 4370 qui·

206 4389 270 4459 bus
289 4391 486 4462 adversarii
499 4391 582 4461 fidei
595 4391 708 4462 velint
722 4392 958 4461 demonstrare
975 4389 1295 4475 contradictionem,
1307 4406 1370 4456 nou·
