3172 4950
533 335 572 354 ·-
594 306 654 368 467
674 336 713 354 -

68 411 155 476 cetera
174 407 313 500 quidem
335 408 436 500 plene
458 414 494 479 et
515 419 676 482 accurate
698 412 842 484 definita
864 421 960 502 sunt,
985 416 1114 507 partim
1127 404 1205 511 qui·

67 514 123 583 dem
141 516 180 585 ad
203 517 416 587 emendanda
439 540 526 611 quae
549 521 644 589 lassu
667 522 819 607 fuerant,
845 525 976 612 partim
999 525 1043 593 ad
1066 550 1206 615 praeca·

67 626 154 694 venda
173 647 262 718 quae
285 627 488 696 suboritura
510 630 814 718 praevidebantur;
840 631 999 701 doctrina
1025 641 1141 703 autem
1165 637 1207 705 de

10 802 20 819 „
69 730 176 822 Spiritu
199 733 329 805 Sancto
357 740 582 806 transeunter
605 739 719 827 posita
741 743 795 807 est
821 734 863 826 (ἐν
881 735 1057 832 παραδρομῃ
1081 739 1204 831 κειται),

10 868 14 887 =
69 862 114 909 nec
131 841 234 911 ullam
256 841 537 935 disquisitionem
555 844 633 916 visa
647 845 837 936 requirere,
855 869 893 915 eo
917 848 1008 939 quod
1023 855 1107 918 tunc
1122 872 1209 919 non·

10 956 17 995 ῑ
71 947 129 1016 dun
147 949 230 1019 haee
252 956 345 1020 mota
367 956 459 1020 esset
474 953 642 1043 quaestio,
668 952 728 1021 sed
751 952 825 1021 sine
841 953 979 1022 insidiis
994 955 1104 1025 insita
1119 961 1210 1026 esset

74 1054 255 1127 trebatium
278 1058 403 1127 animis
426 1059 468 1127 de
490 1082 529 1130 eo
553 1058 703 1150 (Spiritu
726 1060 868 1146 Sancto)
886 1063 1058 1131 sententia
1085 1059 1209 1150 (ἀνεπι-

10 1212 15 1259 .·
74 1157 202 1245 βωλευτον
224 1165 399 1256 ἐνυπαρχειν
423 1187 487 1238 ταις
511 1187 706 1232 πιστευοντων
730 1166 841 1254 ψυχαις
862 1190 915 1231 την
939 1191 1005 1260 περι
1028 1164 1119 1233 dureo
1135 1163 1211 1232 δια-

10 1276 19 1341 i
75 1268 153 1366 aar).
167 1268 343 1341 Paulatim
360 1295 441 1344 vero
453 1294 640 1363 progressu
655 1273 847 1363 impietatis
863 1274 954 1341 mala
969 1275 1111 1361 semina,
1123 1296 1211 1367 quae

10 1380 13 1385 ’
76 1381 193 1472 prinum
215 1379 354 1472 quidem
376 1380 420 1447 ab
441 1379 529 1447 Ario
557 1378 710 1448 haeresis
736 1386 877 1449 auctore
900 1401 1022 1470 sparsa
1051 1379 1212 1470 deinceps

78 1495 164 1557 autem
184 1489 228 1557 ab
250 1486 307 1570 iis,
333 1485 394 1577 qui
417 1485 492 1554 eius
515 1507 649 1554 errores
665 1487 816 1576 improbe
832 1492 1065 1578 susceperant,
1083 1486 1121 1555 in
1136 1510 1212 1579 per·

10 1592 12 1597 ’
78 1594 173 1664 riciem
192 1592 429 1664 Ecclesismm
450 1593 608 1660 enutrita
631 1598 726 1676 sunt,
752 1599 856 1685 atque
882 1595 1126 1686 consequentia
1149 1593 1213 1662 im·

79 1699 189 1790 potede
211 1694 276 1789 (και
300 1698 319 1767 i
344 1693 532 1762 decoloria
554 1720 606 1770 της
630 1694 783 1785 ἀσεβειας)
813 1701 851 1769 in
872 1700 1120 1792 blasphemiam
1136 1723 1214 1769 con·

79 1811 122 1875 tra
131 1808 292 1900 Spiritum
304 1811 495 1895 eruperunt
512 1805 623 1875 eBas.
638 1801 1213 1897 cpias.(a1.78).n.3.1acciam

80 1911 242 2004 Gregorius
264 1913 351 1985 Naz.
377 1913 564 2002 profitetur
590 1913 691 1983 fidem
713 1913 912 1998 Nicaenom,
938 1915 997 1983 sed
1013 1913 1215 1985 distinctius

79 2021 256 2110 explicando
274 2041 388 2112 aquae
405 2020 481 2090 illic
494 2018 606 2089 obiter
625 2016 776 2110 (ἑλλιπως)
802 2021 897 2091 dicta
920 2028 1003 2091 sunt
1024 2021 1066 2091 de
1079 2021 1216 2113 Spiritu

79 2122 201 2215 Samio,
225 2149 266 2197 eo
289 2126 380 2219 quod
402 2132 487 2195 tunc
510 2125 594 2195 haec
624 2127 775 2195 nondum
798 2134 890 2196 mota
912 2135 1003 2196 esset
1026 2128 1213 2219 quaestion

78 2235 210 2322 apaan
225 2233 365 2303 Cledon.
382 2232 423 2301 T.
438 2233 487 2301 11.
502 2256 536 2323 p.
552 2233 606 2301 94.
626 2232 785 2303 Ceterum
808 2241 900 2303 recte
923 2241 1038 2333 monet
1059 2235 1216 2303 Athana-

78 2338 151 2429 sius,
171 2365 235 2434 pro
257 2340 409 2432 simplici
431 2341 522 2425 fide,
548 2362 650 2433 quarn
672 2341 823 2409 nondum
845 2342 1013 2412 adversus
1036 2342 1217 2431 impugna·

77 2446 149 2519 iores
166 2448 261 2521 tueri
283 2447 498 2540 propositum
519 2446 585 2531 sit,
612 2448 766 2517 sufficere
792 2448 891 2516 illum
913 2446 1158 2538 professionem
1180 2449 1219 2516 in

74 2556 208 2636 embolo
230 2554 418 2647 apostolico
440 2576 483 2623 ex
505 2553 591 2645 ipsis
615 2553 807 2645 Scripturis
830 2559 1124 2646 transsumptam,
1150 2575 1220 2645 qua

73 2662 225 2732 oeffimus
257 2661 296 2731 in
330 2683 436 2729 unum
469 2659 579 2728 Deum
613 2660 752 2729 Patrem
774 2668 810 2731 et
831 2659 966 2729 Filium
987 2667 1024 2730 et
1047 2659 1220 2751 Spiritum

69 2752 240 2839 doctum:
267 2763 407 2860 cneque
436 2767 541 2837 etium
573 2767 743 2857 Spiritum
771 2768 937 2838 Sanctum
960 2766 1119 2854 (Nicaeni
1133 2768 1220 2853 PP.)

63 2871 202 2946 ⁸Petre
224 2880 261 2945 et
281 2873 375 2944 Filio
398 2873 551 2943 alienum
573 2875 668 2944 credi
690 2876 934 2965 permiserunt,
952 2874 1012 2944 sed
1035 2874 1102 2942 imo
1117 2869 1220 2942 illum

58 2980 407 3072 conglomeraverunt
425 3002 502 3049 cum
517 2980 624 3048 Patre
647 2987 683 3050 et
703 2980 797 3049 Filio
819 2980 857 3048 in
881 3001 951 3048 una
974 2980 1010 3048 S.
1030 2977 1221 3047 Trinitatis

52 3062 135 3174 fide,
159 3087 243 3180 quia
266 3109 336 3156 una
357 3093 411 3156 eat
433 3087 470 3154 in
494 3087 531 3156 S.
555 3087 730 3158 Trinitate
757 3087 870 3172 deitas
884 3114 901 3149 n
927 3087 964 3157 S.
982 3085 1069 3157 Ath.
1085 3109 1140 3178 ep.
1162 3087 1219 3155 ad.

46 3171 168 3265 Iovio.
181 3195 347 3286 Imperet.
361 3216 396 3263 n.
410 3194 445 3262 4.
461 3194 503 3262 r.
517 3194 548 3263 1.
562 3218 597 3285 p.
612 3195 704 3282 aas(
726 3195 752 3284 ).

112 3405 153 3482 (1)
169 3411 210 3463 De
228 3407 357 3476 proiectu
375 3407 590 3474 intelligentiae
609 3409 684 3462 cirea
704 3404 861 3463 doctrinam
881 3407 914 3461 de
933 3408 1044 3476 Spiritu
1063 3408 1165 3463 Sancto
1183 3409 1225 3461 io·

38 3490 160 3552 autur
177 3498 263 3553 stiam
283 3497 643 3563 sternutamentum.
658 3498 703 3550 37.
726 3518 738 3545 a
753 3500 842 3553 Vetus
862 3500 1082 3565 Testamentum,
1103 3497 1222 3565 inquit,

36 3564 171 3642 Pttrem
188 3590 287 3656 aperte
306 3585 508 3654 praedicebat,
522 3587 629 3640 Filium
643 3587 800 3655 obscurius,
813 3603 917 3641 novum
930 3588 1141 3640 Testamentum
1155 3599 1224 3637 vero

38 3652 167 3730 pum
184 3679 283 3745 aperte
296 3673 441 3742 ostendit,
463 3673 591 3743 Spiritus
610 3674 796 3730 divinitatem
810 3674 1020 3739 subindicavit,
1042 3688 1116 3725 nuuc
1129 3675 1224 3725 autem

41 3747 187 3824 Spiritu
206 3765 353 3820 nobiscum
372 3767 506 3818 versatur
524 3766 673 3819 clariorem
692 3764 775 3819 nobis
794 3765 934 3818 exhibens
952 3763 998 3817 sui
1017 3761 1225 3815 manifestatio-

44 3850 152 3903 uem„
170 3855 210 3908 ib.
222 3869 252 3908 n.
264 3852 310 3906 26.

124 3940 170 3999 Sed
187 3960 223 4001 ne
241 3946 396 4012 Gregorius
408 3947 590 4016 praepostere
604 3945 799 4011 intelligutur,
815 3943 869 3996 duo
881 3942 1134 3998 animadvertenda
1147 3943 1227 3996 sunt.

52 4016 104 4074 ¹⁶·
122 4027 145 4081 Β·
158 4035 260 4088 Ductor
277 4039 343 4103 post
359 4035 513 4091 adrentum
532 4034 644 4089 christi
662 4035 721 4086 tria
739 4037 865 4100 tempora
883 4032 1050 4100 distinguit,
1066 4037 1132 4086 ante
1145 4031 1227 4086 chri-

54 4108 106 4159 sti
125 4121 355 4176 resurrectionem
374 4137 424 4177 seu
443 4119 562 4194 (nteit)
581 4121 696 4176 initium
717 4121 885 4188 Evangelii,
906 4124 971 4187 post
989 4119 1227 4173 resurrectionem

56 4201 153 4264 ''Qe
166 4210 201 4265 ad
214 4226 361 4264 asmnsum
373 4211 404 4265 in
417 4213 534 4280 coelum,
543 4214 609 4279 post
619 4211 820 4266 ascensionem.
835 4211 952 4265 Nomine
962 4210 1031 4264 novi
1038 4208 1225 4275 Testamenti,

53 4273 89 4327 ¹¹¹
111 4300 292 4368 ⁰1>positioue
311 4297 347 4354 ad
366 4303 450 4355 retus
463 4302 676 4355 Testamentum
695 4300 837 4368 simulque
856 4298 893 4353 ad
912 4301 1019 4353 statum
1039 4297 1151 4350 christi
1168 4295 1227 4346 iam

54 4363 217 4445 “meas
230 4387 267 4446 aa
285 4387 432 4460 rasoria
449 4391 560 4459 Patris,
581 4390 634 4445 buu
652 4390 711 4445 1000
729 4389 875 4456 inaurat
894 4392 1003 4459 empus
1029 4384 1140 4440 cirrati
1162 4398 1228 4439 con-
