3172 4950
531 368 569 382 -
594 337 651 397 137
672 369 710 382 -

63 452 123 527 tm,
145 441 283 534 inquit,
309 442 455 511 abusum
479 441 658 533 quemdam
680 463 754 509 esse
778 441 1063 526 consuetudinis,
1090 447 1130 510 ut
1153 465 1211 511 eos

63 550 107 642 qui
124 556 248 618 natura
268 547 414 617 discreti
429 569 497 615 non
515 553 608 633 sunt,
627 571 687 638 per
704 547 817 639 ipsum
832 553 979 616 naturae
996 569 1117 615 nomen
1133 549 1209 639 plu·

62 656 162 725 miter
182 655 398 725 nominemus
424 676 466 725 ac
488 655 656 725 dicamus:
682 655 784 724 multi
808 655 985 742 homines3
1013 656 1071 724 oui
1095 656 1209 725 simile

61 772 109 848 cst,
123 764 153 833 si
167 765 247 857 quis
270 764 377 833 dicat:
395 762 525 833 multae
541 769 689 834 naturae
710 765 922 834 humanae...
944 763 1051 833 Multi
1073 764 1210 855 quidam

11 912 13 943 :
61 880 124 942 sunt
143 873 286 942 candem
309 871 428 941 sortiti
442 876 616 955 naturam,
642 894 733 941 unus
749 894 832 941 vero
848 871 885 940 in
901 871 1059 942 omnibus
1081 877 1136 940 est
1152 871 1210 940 bo·

11 1008 16 1077 p
59 1003 134 1049 no...
151 980 220 1050 Sed
235 979 471 1070 hypostaseon
482 979 621 1070 quidem
636 979 728 1049 ratio
740 1003 800 1070 per
815 1001 886 1065 aas,
902 1001 989 1071 qnae
1005 979 1043 1048 in
1059 1000 1210 1070 unoquo·

11 1084 15 1187 j
59 1112 107 1182 que
127 1088 393 1158 considerantur
414 1087 669 1180 proprietates,
696 1087 972 1179 dispertitionem
995 1086 1154 1155 admittit
1176 1092 1212 1155 et

11 1190 15 1303 l
57 1197 402 1289 percomputationem
417 1196 456 1265 in
471 1219 614 1265 numero
630 1195 883 1283 consideratum
898 1201 1026 1264 natura
1043 1217 1125 1265 vero
1141 1215 1212 1262 nna

11 1308 13 1335 ²
56 1310 104 1388 est,
120 1305 196 1396 ipsa
212 1327 329 1373 secum
344 1304 524 1388 unificata,
543 1325 584 1372 ac
598 1302 784 1372 individua
796 1326 939 1393 prorsus
952 1302 1071 1371 unitas
1093 1297 1208 1388 (μονοις)

56 1420 104 1496 cst,
128 1434 217 1504 qnae
239 1434 350 1504 neque
371 1411 563 1482 adiectione
587 1417 738 1501 augetur
762 1434 873 1503 neque
896 1409 1132 1479 subtractione
1149 1409 1210 1478 mi-

56 1520 171 1608 nuitur3
197 1518 272 1604 sed,
297 1519 388 1611 quod
410 1526 476 1605 est¹
502 1542 609 1587 unum
632 1540 848 1609 permanans,
867 1517 1005 1587 etiamsi
1028 1517 1065 1586 in
1088 1517 1211 1586 multis

55 1650 112 1696 csse
133 1633 312 1712 cernatur,
337 1626 579 1712 indivisibilis,
598 1626 774 1710 continua,
791 1626 941 1715 integra
955 1632 1020 1710 est,
1041 1646 1128 1716 quae
1143 1646 1211 1692 non

56 1757 111 1803 nna
124 1759 200 1805 cnm
217 1734 472 1826 singularibus,
490 1735 551 1828 qui
565 1734 641 1803 eius
657 1733 846 1824 participes
869 1739 963 1817 sunt,
990 1732 1207 1801 dividitur...

57 1851 88 1912 ut
104 1844 211 1914 multo
234 1844 367 1913 rectius
400 1843 513 1913 fuerit
542 1848 717 1913 errantem
740 1841 776 1908 in
800 1841 899 1909 nobis
930 1840 1211 1910 consuetudinem

59 1952 213 2041 corrigere
236 1956 273 2022 et
283 1948 365 2020 'non
387 1951 537 2043 amplius
560 1957 707 2020 naturae
736 1973 859 2020 nomen
882 1951 926 2020 ad
949 1949 1211 2020 multitudinem

60 2057 240 2145 extendere,
267 2080 370 2152 quam
393 2058 637 2128 consuetudini
665 2057 858 2128 servientes
890 2079 1039 2126 errorem
1070 2057 1131 2149 qni
1154 2055 1212 2124 bic

10 2162 15 2213 ἱ
62 2162 150 2251 latet,
175 2164 349 2234 etiamad
372 2165 532 2235 divinum
555 2166 680 2255 dogma
702 2165 952 2234 transferre...
978 2163 1099 2253 Igitur
1121 2185 1211 2231 unus

64 2273 139 2341 nobis
166 2273 384 2344 confitendus
406 2281 462 2345 est
482 2274 577 2343 Deus
599 2273 701 2343 iuxta
725 2273 931 2362 Scripturae
952 2271 1187 2340 testimonium
1201 2295 1232 2339 ι’

66 2379 126 2448 sudi
144 2381 268 2466 Israel,
292 2381 461 2451 Dominus
475 2381 570 2451 Deus
584 2386 669 2451 tuus
690 2380 860 2449 Dominus
883 2401 974 2447 unns
989 2383 1054 2465 est;
1073 2376 1212 2446 etiamsi

68 2506 161 2557 nomen
186 2487 332 2558 deitatis
361 2489 407 2559 ad
428 2495 539 2559 totam
566 2489 742 2578 pertineat
770 2493 927 2556 sanctam
956 2484 1166 2554 Trinitatem
1192 2511 1208 2545 n

70 2588 186 2682 bragar.
200 2595 310 2685 Nyss.
326 2594 353 2663 l.
369 2596 415 2666 ad
436 2595 627 2665 Ablavium
643 2595 686 2664 Τ.
703 2595 754 2663 Π.
774 2620 808 2687 p.
826 2593 916 2681 449;
938 2593 964 2661 1.
983 2592 1025 2661 de
1040 2614 1208 2661 commun.

72 2700 172 2770 ration
187 2703 228 2771 Τ.
243 2701 275 2771 Ι.
290 2726 324 2793 p.
340 2702 418 2774 915.
435 2726 528 2796 seqq.
557 2704 634 2773 Non
658 2703 761 2773 valde
784 2701 972 2772 dissimilia
993 2723 1036 2769 ex
1052 2700 1212 2791 Nysseno

75 2804 201 2879 derivata
221 2811 353 2880 babent
374 2818 496 2882 auctor
519 2810 652 2902 dialogi
677 2811 720 2880 de
744 2811 844 2879 Trin.
871 2810 979 2897 (inter
994 2808 1081 2900 Opp.
1100 2807 1212 2876 Atha·

78 2919 140 2999 na)
162 2924 195 2988 st
216 2918 387 2990 Theodor.
407 2919 572 2990 Abucara
594 2940 711 3007 opusc.
731 2917 780 2988 H.
