3172 4950
709 305 871 366 ..34-

207 431 284 495 atra
307 426 464 515 Vulgata
487 446 569 494 sane
603 431 738 509 exstat,
770 431 810 493 ut
840 424 1026 517 utrobique
1056 424 1209 495 dicatur:
1250 456 1268 490 a
1286 433 1323 498 et
1336 429 1380 498 ‘hi

209 540 281 603 tres
306 557 412 602 unum
436 539 520 602 sunt
537 556 568 620 »3
594 531 853 623 parallelismus
875 537 992 613 tamen
1022 530 1130 601 realis
1153 554 1236 602 sana
1260 536 1380 625 negari

211 643 322 711 debet.
350 641 551 710 Subiectum
576 640 612 707 in
636 646 783 731 utroque
796 645 961 710 commate
973 645 1027 708 est
1038 638 1331 728 diversissimum,
1347 643 1380 711 in

211 751 321 843 priori
336 751 453 834 Pater,
471 750 624 819 Verbum
640 756 676 818 et
692 748 849 839 Spiritus
865 749 1028 834 Sanctus,
1042 749 1081 817 iu
1093 748 1206 819 altero
1217 752 1380 844 spiritus,

210 880 302 952 aqua
325 863 361 927 et
384 855 539 946 sanguis.
555 858 607 924 At
618 879 681 947 pro
693 857 901 926 diversitate
917 857 1151 927 subiectorum
1162 858 1380 930 modificatur

212 968 318 1037 etiam
342 965 556 1056 significatio
579 966 794 1056 praedicati,
810 967 958 1034 maxims
982 966 1013 1034 si
1036 964 1229 1035 subiectum
1253 967 1292 1035 in
1316 991 1380 1038 uua

213 1073 447 1166 propositione
464 1072 512 1140 sit
526 1072 633 1155 Deus,
660 1073 696 1140 in
720 1071 834 1140 altera
848 1071 984 1164 aliquid
1001 1079 1177 1159 creatum;
1196 1075 1279 1165 quis
1294 1075 1380 1144 enim

212 1182 307 1250 dicat
329 1180 419 1250 idem
443 1179 640 1269 significari
663 1203 692 1249 e.
711 1203 746 1268 g.
766 1178 968 1269 praedicato
985 1179 1177 1269 sapientiae
1192 1180 1230 1249 in
1249 1181 1380 1272 duplici

212 1288 458 1380 propositione:
485 1288 579 1356 Deus
595 1292 649 1356 est
663 1287 813 1377 sapiens,
830 1285 966 1355 -homo
988 1292 1043 1355 est
1065 1286 1222 1378 sapiens?
1237 1287 1316 1356 Iam
1340 1290 1380 1358 si·

212 1397 393 1487 gnificatio
424 1395 573 1465 subiecti
596 1395 634 1462 in
659 1417 765 1464 versu
782 1396 816 1462 7ο
832 1400 888 1464 est
909 1394 1054 1464 evidens
1077 1397 1200 1465 saltem
1224 1402 1380 1483 eatenus¹

213 1505 303 1597 quod
326 1505 431 1573 Pater
447 1509 502 1572 est
517 1525 622 1571 varus
646 1503 751 1586 Deus,
771 1502 861 1595 quod
878 1503 1032 1572 Verbum
1046 1509 1084 1572 et
1099 1504 1258 1594 Spiritus
1279 1504 1380 1576 Sauc-

212 1620 271 1682 tus
295 1634 363 1680 non
387 1617 471 1680 suut
493 1610 676 1680 adtributa
699 1610 833 1694 divina,
860 1610 920 1679 sed
944 1617 1028 1680 sunt
1049 1610 1193 1680 realiter
1222 1611 1380 1683 distincti

212 1729 288 1792 tum
312 1744 333 1789 a
355 1721 460 1789 Patre
483 1727 557 1788 tum
582 1719 674 1787 inter
697 1740 745 1805 se;
772 1717 939 1790 dicuntur
962 1719 1053 1788 enim
1075 1742 1149 1789 esse
1175 1719 1246 1788 ahi
1263 1725 1380 1791 masa.

215 1830 306 1899 Sunt
337 1827 451 1917 igitur
481 1849 542 1917 per
572 1848 607 1894 sa
638 1826 888 1911 subsistentes,
921 1832 1056 1895 etcum
1084 1849 1126 1895 ax
1150 1827 1225 1918 ipso
1248 1830 1380 1903 nomine

217 1934 357 2002 Verbum
378 1942 414 2003 et
436 1934 590 2024 Spiritus
613 1934 757 2000 Sanctus
780 1938 845 2019 (ne
867 1953 959 2001 nunc
982 1934 1027 2002 ad
1049 1933 1252 2004 universam
1268 1938 1380 2028 Scrip-

213 2048 373 2111 turarum
397 2041 590 2110 doctrinam
618 2039 852 2131 appellemus)
876 2039 1155 2112 demonstrentur
1181 2066 1256 2114 esse
1283 2052 1380 2115 natu·

215 2172 274 2220 rae
308 2149 582 2234 intellectualia,
609 2154 692 2218 suut
721 2155 794 2217 tres
826 2170 1003 2238 personae.
1040 2149 1126 2217 Tres
1163 2151 1284 2243 itaque
1310 2176 1380 2243 per·

216 2279 329 2343 sonae,
356 2279 503 2351 quarum
527 2279 597 2326 uua
623 2257 756 2324 nemine
783 2278 825 2324 ue
851 2256 1026 2326 haeretico
1049 2258 1188 2349 quidem
1215 2259 1380 2331 diffitente

216 2372 309 2435 certe
332 2365 427 2434 Deus
449 2369 514 2449 est,
539 2363 788 2454 praedicentur
807 2388 910 2429 onum
934 2387 1020 2444 επις
1044 2363 1149 2456 idque
1171 2387 1241 2432 uon
1264 2367 1380 2433 cabaa

216 2471 373 2540 merendo
397 2472 456 2542 sed
479 2471 661 2542 evidenter
677 2469 945 2538 connumerando
969 2477 1042 2540 tres
1064 2493 1243 2562 personas:
1266 2475 1304 2541 ii
1322 2490 1380 2542 tres

216 2606 321 2652 uuum
346 2587 430 2663 sunt
453 2582 560 2670 (vide
582 2578 711 2649 Coroll.
727 2579 759 2649 1.
779 2581 823 2648 ad
846 2579 899 2648 th.
915 2579 1005 2666 ΙΠ).
1024 2579 1077 2649 De
1090 2580 1158 2650 tali
1174 2587 1294 2651 autam
1311 2608 1380 2650 coa·

216 2691 450 2756 numeratione
468 2712 693 2777 personarum
716 2687 948 2757 certissimum
964 2693 1020 2757 est
1034 2686 1248 2780 principium
1266 2690 1303 2759 S.
1315 2692 1380 2760 Au·

216 2797 364 2888 gustini.
387 2797 550 2864 Affirmat
572 2795 796 2885 Augustinus
819 2795 985 2887 principii
1001 2795 1115 2865 instar
1136 2796 1380 2869 hermeneutici

216 2914 252 2976 et
278 2905 491 2995 dogmatici,
528 2926 715 2997 numquam
750 2905 787 2972 in
822 2903 1018 2994 Scripturis
1052 2906 1249 2995 praedicari
1284 2935 1380 2975 unam

217 3012 448 3103 simpliciter,
474 3035 619 3103 quorum
643 3011 783 3081 diversa
805 3017 860 3082 est
883 3012 1082 3081 substantia
1100 3012 1163 3101 (1).
1183 3013 1220 3083 S.
1236 3015 1380 3085 Thomas

217 3120 308 3189 illud
331 3119 518 3208 restringit
541 3119 585 3188 ad
608 3118 700 3188 huno
724 3142 874 3205 sensum,
899 3141 1087 3212 numquam
1109 3121 1219 3190 Deum
1243 3129 1280 3192 et
1295 3147 1380 3194 crea·

217 3233 335 3297 turam
358 3227 431 3296 diei
451 3251 554 3291 onom
577 3225 784 3316 simpliciter
808 3226 864 3313 (S.
881 3226 948 3295 Th.
965 3226 1002 3294 in
1017 3226 1067 3295 Io.
1083 3227 1129 3295 X.
1146 3228 1190 3295 30
1204 3227 1288 3300 leot.
1305 3231 1350 3302 V·
1359 3236 1380 3318 ).

217 3334 430 3403 Bellarmino
454 3333 518 3421 (de
534 3332 673 3402 Christo
688 3333 713 3403 i.
729 3335 759 3402 l.
775 3357 805 3405 c.
822 3334 855 3402 6.
871 3341 904 3416 5.
926 3335 1000 3404 aad
1012 3334 1125 3404 locum
1141 3334 1192 3404 Io.
1207 3337 1322 3408 XVII
1336 3361 1380 3409 re·

218 3440 365 3532 spondet
382 3445 426 3525 n)
450 3440 566 3508 visum
589 3445 644 3508 est
665 3440 879 3532 principium
910 3440 1016 3510 etiam
1046 3442 1112 3511 hoc
1135 3465 1240 3513 seusu
1270 3447 1380 3516 minua

217 3551 375 3634 firmum;
409 3548 502 3616 siout
525 3548 615 3616 euim
643 3549 785 3617 dicitur:
815 3549 907 3642 aqui
923 3548 1088 3618 adhaeret
1110 3551 1269 3638 Domino,
1296 3576 1380 3623 uuus

216 3657 365 3747 spiritus
388 3662 471 3724 estu
498 3654 530 3724 1.
544 3654 621 3726 Cor.
638 3655 702 3723 VI.
719 3657 772 3743 17;
793 3656 846 3725 ita
868 3657 922 3725 ait
936 3679 1035 3746 posse
1051 3657 1157 3726 etiam
1171 3656 1257 3728 dici:
1280 3683 1380 3730 uuum

216 3770 271 3832 est
294 3785 372 3832 oum
394 3762 478 3849 Deo;
507 3784 616 3832 anam
640 3786 731 3833 unus
754 3763 903 3854 spiritus
925 3770 979 3835 est
1003 3785 1072 3833 una
1095 3787 1164 3851 res,
1189 3787 1330 3838 uuares
1352 3774 1380 3838 et

286 3989 328 4064 (1)
348 4012 361 4039 a
373 3992 415 4045 'iu
434 3991 460 4045 si
478 3992 524 4046 vis
542 3992 655 4061 aliquid
678 3991 865 4062 respondere,
894 3992 1010 4047 ostende
1029 3992 1180 4047 secuudum
1205 3993 1380 4064 Scriptum

218 4088 342 4138 sanctam
362 4082 396 4136 de
414 4082 561 4151 aliquibus
580 4084 665 4137 rebus
683 4083 750 4150 dici,
772 4099 857 4152 unum
878 4087 961 4150 sunt,
983 4098 1103 4151 quarum
1122 4084 1167 4137 est
1186 4082 1305 4140 divaru
1323 4088 1380 4142 snb·

217 4175 359 4228 stantia...
371 4175 470 4227 Potest
489 4188 555 4239 ergo
575 4175 725 4242 quisquam
744 4174 909 4228 Sanctorum
921 4173 1023 4239 dicore¹
1045 4190 1096 4240 ago
1110 4175 1227 4228 etDeua
1246 4177 1335 4231 uuum
1347 4192 1380 4232 su

216 4267 296 4317 musi
314 4263 401 4318 Absit
418 4265 470 4318 hoc
488 4280 505 4315 a
523 4264 655 4318 cordibus
674 4268 703 4317 et
721 4265 820 4318 oribus
833 4266 951 4319 sanctia.
966 4266 1039 4319 Puto
1060 4268 1165 4332 autem,
1181 4265 1256 4334 quod
1276 4270 1308 4320 et
1327 4281 1377 4322 vos

217 4370 233 4406 a
253 4368 426 4421 quocumque
440 4352 641 4421 iocunditatis,
663 4353 830 4408 horrescitis
842 4375 854 4401 r
867 4359 921 4408 ato.
934 4352 1380 4420 lug.contr.1axiuu.Ariau

216 4445 237 4495 i.
251 4444 290 4496 Π.
306 4460 329 4497 c.
344 4444 389 4496 22.
404 4461 432 4497 u.
448 4447 473 4497 2.
490 4444 526 4496 of.
541 4443 581 4497 ib.
597 4446 617 4498 i.
632 4446 656 4498 Ι.
669 4461 692 4498 c.
705 4446 747 4512 12;
762 4446 851 4499 Serui.
868 4446 929 4499 140.
942 4462 972 4499 n.
983 4446 1010 4499 4.
