<?xml version="1.0" encoding="UTF-8"?>
<!DOCTYPE html PUBLIC "-//W3C//DTD XHTML 1.0 Transitional//EN"
    "http://www.w3.org/TR/xhtml1/DTD/xhtml1-transitional.dtd">
<html xmlns="http://www.w3.org/1999/xhtml" xml:lang="en" lang="en">
 <head>
  <title>
</title>
<meta http-equiv="Content-Type" content="text/html;charset=utf-8" />
  <meta name='ocr-system' content='tesseract 3.04.00' />
  <meta name='ocr-capabilities' content='ocr_page ocr_carea ocr_par ocr_line ocrx_word'/>
</head>
<body>
  <div class='ocr_page' id='page_1' title='image "./tractatusdedeot00frangoog/tractatusdedeot00frangoog_0557.png"; bbox 0 0 3180 4944; ppageno 0'>
   <div class='ocr_carea' id='block_1_1' title="bbox 143 329 1378 4491">
    <p class='ocr_par' dir='ltr' id='par_1_1' title="bbox 207 329 1377 740">
     <span class='ocr_line' id='line_1_1' title="bbox 705 329 885 392; baseline 0.006 -1"><span class='ocrx_word' id='word_1_1' title='bbox 705 362 743 376; x_wconf 96' lang='lat'>-</span> <span class='ocrx_word' id='word_1_2' title='bbox 764 329 825 392; x_wconf 79' lang='lat'><strong>546</strong></span> <span class='ocrx_word' id='word_1_3' title='bbox 847 362 885 376; x_wconf 98' lang='lat'><em>-</em></span> 
     </span>
     <span class='ocr_line' id='line_1_2' title="bbox 207 431 1377 526; baseline -0.006 -20"><span class='ocrx_word' id='word_1_4' title='bbox 207 435 364 506; x_wconf 89' lang='lat' dir='ltr'><strong>Nestorii</strong></span> <span class='ocrx_word' id='word_1_5' title='bbox 394 435 557 524; x_wconf 82' lang='lat' dir='ltr'><strong>dogmata</strong></span> <span class='ocrx_word' id='word_1_6' title='bbox 589 456 677 526; x_wconf 90' lang='lat' dir='ltr'><strong>quae</strong></span> <span class='ocrx_word' id='word_1_7' title='bbox 699 441 736 505; x_wconf 86' lang='lat' dir='ltr'><strong>et</strong></span> <span class='ocrx_word' id='word_1_8' title='bbox 758 435 913 504; x_wconf 86' lang='lat' dir='ltr'><strong>subnexa</strong></span> <span class='ocrx_word' id='word_1_9' title='bbox 936 442 1039 519; x_wconf 90' lang='lat' dir='ltr'><strong>sunt,</strong></span> <span class='ocrx_word' id='word_1_10' title='bbox 1066 431 1273 502; x_wconf 86' lang='lat' dir='ltr'><strong>subiaceant</strong></span> <span class='ocrx_word' id='word_1_11' title='bbox 1301 453 1377 500; x_wconf 88' lang='lat' dir='ltr'><strong>scn-</strong></span> 
     </span>
     <span class='ocr_line' id='line_1_3' title="bbox 208 538 1376 632; baseline -0.003 -21"><span class='ocrx_word' id='word_1_12' title='bbox 208 543 341 611; x_wconf 85' lang='lat' dir='ltr'><strong>teutiae</strong></span> <span class='ocrx_word' id='word_1_13' title='bbox 371 548 510 613; x_wconf 87' lang='lat' dir='ltr'><strong>sanctae</strong></span> <span class='ocrx_word' id='word_1_14' title='bbox 542 541 650 610; x_wconf 90' lang='lat' dir='ltr'><strong>huius</strong></span> <span class='ocrx_word' id='word_1_15' title='bbox 681 547 719 612; x_wconf 88' lang='lat' dir='ltr'><strong>et</strong></span> <span class='ocrx_word' id='word_1_16' title='bbox 749 542 962 613; x_wconf 88' lang='lat' dir='ltr'><strong>universalis</strong></span> <span class='ocrx_word' id='word_1_17' title='bbox 997 541 1172 632; x_wconf 62' lang='lat' dir='ltr'><strong>synodis</strong></span> <span class='ocrx_word' id='word_1_18' title='bbox 1201 538 1324 627; x_wconf 85' lang='lat' dir='ltr'><strong>(Hard.</strong></span> <span class='ocrx_word' id='word_1_19' title='bbox 1348 539 1376 608; x_wconf 89' lang='grc' dir='ltr'><strong>Ι.</strong></span> 
     </span>
     <span class='ocr_line' id='line_1_4' title="bbox 208 649 425 740; baseline 0.014 -23"><span class='ocrx_word' id='word_1_20' title='bbox 208 672 290 740; x_wconf 86' lang='lat' dir='ltr'><strong>pag.</strong></span> <span class='ocrx_word' id='word_1_21' title='bbox 311 649 425 736; x_wconf 77' lang='lat'><strong>1526).</strong></span> 
     </span>
    </p>

    <p class='ocr_par' dir='ltr' id='par_1_2' title="bbox 143 754 1378 4491">
     <span class='ocr_line' id='line_1_5' title="bbox 276 754 1378 838; baseline -0.001 -14"><span class='ocrx_word' id='word_1_22' title='bbox 276 756 370 838; x_wconf 76' lang='lat' dir='ltr'><strong>Quid</strong></span> <span class='ocrx_word' id='word_1_23' title='bbox 393 758 463 825; x_wconf 89' lang='lat' dir='ltr'><strong>iam</strong></span> <span class='ocrx_word' id='word_1_24' title='bbox 486 758 528 827; x_wconf 93' lang='lat' dir='ltr'><strong>de</strong></span> <span class='ocrx_word' id='word_1_25' title='bbox 551 757 617 826; x_wconf 88' lang='lat' dir='ltr'><strong>hec</strong></span> <span class='ocrx_word' id='word_1_26' title='bbox 640 757 842 826; x_wconf 90' lang='lat' dir='ltr'><strong>definitione</strong></span> <span class='ocrx_word' id='word_1_27' title='bbox 865 757 1080 825; x_wconf 88' lang='lat' dir='ltr'><strong>sentiendum</strong></span> <span class='ocrx_word' id='word_1_28' title='bbox 1105 755 1186 825; x_wconf 76' lang='lat' dir='ltr'><strong>esti</strong></span> <span class='ocrx_word' id='word_1_29' title='bbox 1212 754 1252 825; x_wconf 84' lang='lat' dir='ltr'><strong>si</strong></span> <span class='ocrx_word' id='word_1_30' title='bbox 1276 755 1306 823; x_wconf 91' lang='lat'><strong>1·</strong></span> <span class='ocrx_word' id='word_1_31' title='bbox 1328 776 1378 824; x_wconf 88' lang='lat' dir='ltr'><strong>res</strong></span> 
     </span>
     <span class='ocr_line' id='line_1_6' title="bbox 209 862 1378 956; baseline -0.001 -25"><span class='ocrx_word' id='word_1_32' title='bbox 209 863 247 931; x_wconf 92' lang='lat' dir='ltr'><strong>in</strong></span> <span class='ocrx_word' id='word_1_33' title='bbox 271 885 307 933; x_wconf 88' lang='lat' dir='ltr'><strong>se</strong></span> <span class='ocrx_word' id='word_1_34' title='bbox 331 870 519 954; x_wconf 79' lang='lat' dir='ltr'>spectetur,</span> <span class='ocrx_word' id='word_1_35' title='bbox 540 865 652 956; x_wconf 88' lang='lat' dir='ltr'><strong>quoad</strong></span> <span class='ocrx_word' id='word_1_36' title='bbox 675 864 998 934; x_wconf 80' lang='lat' dir='ltr'><strong>determinationem</strong></span> <span class='ocrx_word' id='word_1_37' title='bbox 1022 863 1174 953; x_wconf 86' lang='lat' dir='ltr'><strong>symboli</strong></span> <span class='ocrx_word' id='word_1_38' title='bbox 1191 885 1255 933; x_wconf 89' lang='lat' dir='ltr'><strong>seu</strong></span> <span class='ocrx_word' id='word_1_39' title='bbox 1271 862 1378 932; x_wconf 85' lang='lat' dir='ltr'><strong>solem·</strong></span> 
     </span>
     <span class='ocr_line' id='line_1_7' title="bbox 209 970 1378 1064; baseline -0.003 -24"><span class='ocrx_word' id='word_1_40' title='bbox 209 972 265 1040; x_wconf 90' lang='lat' dir='ltr'><strong>nis</strong></span> <span class='ocrx_word' id='word_1_41' title='bbox 290 972 459 1041; x_wconf 84' lang='lat' dir='ltr'><strong>formulae</strong></span> <span class='ocrx_word' id='word_1_42' title='bbox 483 994 552 1064; x_wconf 90' lang='lat' dir='ltr'><strong>que</strong></span> <span class='ocrx_word' id='word_1_43' title='bbox 574 973 660 1042; x_wconf 90' lang='lat' dir='ltr'><strong>fides</strong></span> <span class='ocrx_word' id='word_1_44' title='bbox 683 972 857 1041; x_wconf 89' lang='lat' dir='ltr'><strong>catholica</strong></span> <span class='ocrx_word' id='word_1_45' title='bbox 879 972 1121 1062; x_wconf 82' lang='lat' dir='ltr'><strong>exprimetur,</strong></span> <span class='ocrx_word' id='word_1_46' title='bbox 1157 970 1284 1062; x_wconf 87' lang='lat' dir='ltr'><strong>alique</strong></span> <span class='ocrx_word' id='word_1_47' title='bbox 1304 975 1378 1038; x_wconf 87' lang='lat' dir='ltr'><strong>sunt</strong></span> 
     </span>
     <span class='ocr_line' id='line_1_8' title="bbox 210 1076 1375 1167; baseline -0.001 -21"><span class='ocrx_word' id='word_1_48' title='bbox 210 1079 301 1148; x_wconf 90' lang='lat' dir='ltr'><strong>iuris</strong></span> <span class='ocrx_word' id='word_1_49' title='bbox 324 1079 439 1148; x_wconf 86' lang='lat' dir='ltr'><strong>divini</strong></span> <span class='ocrx_word' id='word_1_50' title='bbox 455 1079 762 1166; x_wconf 89' lang='lat' dir='ltr'><strong>incommutabilis,</strong></span> <span class='ocrx_word' id='word_1_51' title='bbox 785 1081 857 1147; x_wconf 90' lang='lat' dir='ltr'><strong>alia</strong></span> <span class='ocrx_word' id='word_1_52' title='bbox 874 1080 1057 1148; x_wconf 89' lang='lat' dir='ltr'><strong>subiacent</strong></span> <span class='ocrx_word' id='word_1_53' title='bbox 1077 1077 1310 1167; x_wconf 81' lang='lat' dir='ltr'><strong>dispositioni</strong></span> <span class='ocrx_word' id='word_1_54' title='bbox 1323 1076 1375 1145; x_wconf 85' lang='lat' dir='ltr'><strong>Eo·</strong></span> 
     </span>
     <span class='ocr_line' id='line_1_9' title="bbox 209 1182 1373 1278; baseline -0.003 -24"><span class='ocrx_word' id='word_1_55' title='bbox 209 1185 347 1254; x_wconf 84' lang='lat' dir='ltr'><strong>clasiae.</strong></span> <span class='ocrx_word' id='word_1_56' title='bbox 374 1186 470 1255; x_wconf 87' lang='lat' dir='ltr'><strong>Iuris</strong></span> <span class='ocrx_word' id='word_1_57' title='bbox 493 1187 607 1258; x_wconf 91' lang='lat' dir='ltr'><strong>divini</strong></span> <span class='ocrx_word' id='word_1_58' title='bbox 631 1193 707 1274; x_wconf 91' lang='lat' dir='ltr'><strong>est,</strong></span> <span class='ocrx_word' id='word_1_59' title='bbox 734 1194 776 1257; x_wconf 91' lang='lat' dir='ltr'><strong>nt</strong></span> <span class='ocrx_word' id='word_1_60' title='bbox 799 1187 956 1278; x_wconf 87' lang='lat' dir='ltr'><strong>symbolo</strong></span> <span class='ocrx_word' id='word_1_61' title='bbox 972 1184 1060 1277; x_wconf 77' lang='lat' dir='ltr'><strong>fidei</strong></span> <span class='ocrx_word' id='word_1_62' title='bbox 1082 1183 1274 1252; x_wconf 67' lang='lat' dir='ltr'><strong>medendos</strong></span> <span class='ocrx_word' id='word_1_63' title='bbox 1295 1182 1373 1251; x_wconf 88' lang='lat' dir='ltr'><strong>nibil</strong></span> 
     </span>
     <span class='ocr_line' id='line_1_10' title="bbox 210 1291 1369 1386; baseline -0.001 -26"><span class='ocrx_word' id='word_1_64' title='bbox 210 1293 412 1378; x_wconf 89' lang='lat' dir='ltr'><strong>inseretur,</strong></span> <span class='ocrx_word' id='word_1_65' title='bbox 446 1295 537 1386; x_wconf 89' lang='lat' dir='ltr'><strong>quod</strong></span> <span class='ocrx_word' id='word_1_66' title='bbox 569 1295 618 1365; x_wconf 88' lang='lat' dir='ltr'><strong>sit</strong></span> <span class='ocrx_word' id='word_1_67' title='bbox 648 1301 770 1364; x_wconf 91' lang='lat' dir='ltr'><strong>contra</strong></span> <span class='ocrx_word' id='word_1_68' title='bbox 798 1295 856 1363; x_wconf 92' lang='lat' dir='ltr'><strong>vel</strong></span> <span class='ocrx_word' id='word_1_69' title='bbox 879 1301 1016 1385; x_wconf 88' lang='lat' dir='ltr'><strong>praeter</strong></span> <span class='ocrx_word' id='word_1_70' title='bbox 1047 1293 1149 1362; x_wconf 90' lang='lat' dir='ltr'><strong>fidem</strong></span> <span class='ocrx_word' id='word_1_71' title='bbox 1179 1291 1369 1361; x_wconf 83' lang='lat' dir='ltr'><strong>revelatam.</strong></span> 
     </span>
     <span class='ocr_line' id='line_1_11' title="bbox 208 1400 1369 1492; baseline -0.002 -25"><span class='ocrx_word' id='word_1_72' title='bbox 208 1400 369 1470; x_wconf 87' lang='lat' dir='ltr'><strong>Ecclesia</strong></span> <span class='ocrx_word' id='word_1_73' title='bbox 392 1402 562 1470; x_wconf 89' lang='lat' dir='ltr'><strong>veritates</strong></span> <span class='ocrx_word' id='word_1_74' title='bbox 585 1402 667 1470; x_wconf 92' lang='lat' dir='ltr'><strong>fidei</strong></span> <span class='ocrx_word' id='word_1_75' title='bbox 690 1425 758 1471; x_wconf 90' lang='lat' dir='ltr'><strong>non</strong></span> <span class='ocrx_word' id='word_1_76' title='bbox 785 1403 863 1492; x_wconf 90' lang='lat' dir='ltr'><strong>ipsa</strong></span> <span class='ocrx_word' id='word_1_77' title='bbox 886 1403 996 1487; x_wconf 87' lang='lat' dir='ltr'><strong>facit,</strong></span> <span class='ocrx_word' id='word_1_78' title='bbox 1028 1401 1087 1470; x_wconf 90' lang='lat' dir='ltr'><strong>sed</strong></span> <span class='ocrx_word' id='word_1_79' title='bbox 1110 1422 1172 1469; x_wconf 90' lang='lat' dir='ltr'><strong>eas</strong></span> <span class='ocrx_word' id='word_1_80' title='bbox 1196 1420 1219 1467; x_wconf 89' lang='lat' dir='ltr'><strong>a</strong></span> <span class='ocrx_word' id='word_1_81' title='bbox 1239 1400 1312 1467; x_wconf 92' lang='lat' dir='ltr'><strong>Deo</strong></span> <span class='ocrx_word' id='word_1_82' title='bbox 1332 1420 1369 1466; x_wconf 81' lang='lat' dir='ltr'><strong>re</strong></span> 
     </span>
     <span class='ocr_line' id='line_1_12' title="bbox 209 1507 1367 1598; baseline -0.004 -22"><span class='ocrx_word' id='word_1_83' title='bbox 209 1507 346 1576; x_wconf 86' lang='lat' dir='ltr'><strong>velatas</strong></span> <span class='ocrx_word' id='word_1_84' title='bbox 369 1507 609 1576; x_wconf 84' lang='lat' dir='ltr'><strong>infallibiliter</strong></span> <span class='ocrx_word' id='word_1_85' title='bbox 631 1509 798 1593; x_wconf 80' lang='lat' dir='ltr'><strong>custodit,</strong></span> <span class='ocrx_word' id='word_1_86' title='bbox 824 1509 999 1598; x_wconf 85' lang='lat' dir='ltr'><strong>explicat,</strong></span> <span class='ocrx_word' id='word_1_87' title='bbox 1025 1507 1063 1575; x_wconf 92' lang='lat' dir='ltr'><strong>in</strong></span> <span class='ocrx_word' id='word_1_88' title='bbox 1087 1529 1151 1575; x_wconf 92' lang='lat' dir='ltr'><strong>suo</strong></span> <span class='ocrx_word' id='word_1_89' title='bbox 1176 1527 1262 1576; x_wconf 88' lang='lat' dir='ltr'><strong>vero</strong></span> <span class='ocrx_word' id='word_1_90' title='bbox 1284 1526 1367 1572; x_wconf 87' lang='lat' dir='ltr'><strong>semu</strong></span> 
     </span>
     <span class='ocr_line' id='line_1_13' title="bbox 210 1611 1364 1705; baseline -0.004 -22"><span class='ocrx_word' id='word_1_91' title='bbox 210 1619 331 1683; x_wconf 87' lang='lat' dir='ltr'><strong>contra</strong></span> <span class='ocrx_word' id='word_1_92' title='bbox 354 1612 747 1705; x_wconf 85' lang='lat' dir='ltr'><strong>multiplices’errorum</strong></span> <span class='ocrx_word' id='word_1_93' title='bbox 764 1618 894 1684; x_wconf 81' lang='lat' dir='ltr'><strong>formas</strong></span> <span class='ocrx_word' id='word_1_94' title='bbox 917 1615 1059 1699; x_wconf 88' lang='lat' dir='ltr'><strong>definit,</strong></span> <span class='ocrx_word' id='word_1_95' title='bbox 1086 1619 1123 1683; x_wconf 90' lang='lat' dir='ltr'><strong>et</strong></span> <span class='ocrx_word' id='word_1_96' title='bbox 1144 1619 1188 1682; x_wconf 91' lang='lat' dir='ltr'><strong>ut</strong></span> <span class='ocrx_word' id='word_1_97' title='bbox 1210 1611 1364 1682; x_wconf 83' lang='lat' dir='ltr'><strong>revelatus</strong></span> 
     </span>
     <span class='ocr_line' id='line_1_14' title="bbox 209 1721 1362 1814; baseline -0.002 -27"><span class='ocrx_word' id='word_1_98' title='bbox 209 1721 372 1790; x_wconf 89' lang='lat' dir='ltr'><strong>fidelibus</strong></span> <span class='ocrx_word' id='word_1_99' title='bbox 395 1723 577 1812; x_wconf 75' lang='lat' dir='ltr'><strong>proponit,</strong></span> <span class='ocrx_word' id='word_1_100' title='bbox 604 1723 696 1791; x_wconf 91' lang='lat' dir='ltr'><strong>unde</strong></span> <span class='ocrx_word' id='word_1_101' title='bbox 718 1723 749 1791; x_wconf 89' lang='lat' dir='ltr'><strong>si</strong></span> <span class='ocrx_word' id='word_1_102' title='bbox 773 1723 940 1812; x_wconf 88' lang='lat' dir='ltr'><strong>symbolo,</strong></span> <span class='ocrx_word' id='word_1_103' title='bbox 960 1722 1049 1814; x_wconf 87' lang='lat' dir='ltr'><strong>quod</strong></span> <span class='ocrx_word' id='word_1_104' title='bbox 1067 1727 1284 1812; x_wconf 88' lang='lat' dir='ltr'><strong>proponatur</strong></span> <span class='ocrx_word' id='word_1_105' title='bbox 1298 1726 1362 1788; x_wconf 81' lang='lat' dir='ltr'><strong>tum·</strong></span> 
     </span>
     <span class='ocr_line' id='line_1_15' title="bbox 210 1823 1360 1922; baseline -0.005 -26"><span class='ocrx_word' id='word_1_106' title='bbox 210 1852 312 1918; x_wconf 90' lang='lat' dir='ltr'><strong>quam</strong></span> <span class='ocrx_word' id='word_1_107' title='bbox 337 1830 536 1919; x_wconf 86' lang='lat' dir='ltr'><strong>complexus</strong></span> <span class='ocrx_word' id='word_1_108' title='bbox 567 1830 697 1922; x_wconf 86' lang='lat' dir='ltr'><strong>aliquis</strong></span> <span class='ocrx_word' id='word_1_109' title='bbox 731 1834 913 1897; x_wconf 69' lang='lat' dir='ltr'><strong>veritatum</strong></span> <span class='ocrx_word' id='word_1_110' title='bbox 937 1830 1168 1897; x_wconf 78' lang='lat' dir='ltr'><strong>revelatorum</strong></span> <span class='ocrx_word' id='word_1_111' title='bbox 1192 1844 1224 1895; x_wconf 82' lang='lat' dir='ltr'><strong>et</strong></span> <span class='ocrx_word' id='word_1_112' title='bbox 1240 1826 1309 1918; x_wconf 72' lang='lat' dir='ltr'><strong>fide</strong></span> <span class='ocrx_word' id='word_1_113' title='bbox 1324 1823 1360 1891; x_wconf 85' lang='lat' dir='ltr'><strong>di·</strong></span> 
     </span>
     <span class='ocr_line' id='line_1_16' title="bbox 210 1935 1358 2027; baseline -0.003 -25"><span class='ocrx_word' id='word_1_114' title='bbox 210 1939 292 2003; x_wconf 77' lang='lat' dir='ltr'><strong>vino</strong></span> <span class='ocrx_word' id='word_1_115' title='bbox 313 1936 595 2027; x_wconf 78' lang='lat' dir='ltr'><strong>profitendarum,</strong></span> <span class='ocrx_word' id='word_1_116' title='bbox 620 1939 858 2007; x_wconf 84' lang='lat' dir='ltr'><strong>insererentur</strong></span> <span class='ocrx_word' id='word_1_117' title='bbox 881 1936 1064 2004; x_wconf 80' lang='lat' dir='ltr'><strong>credendae</strong></span> <span class='ocrx_word' id='word_1_118' title='bbox 1085 1960 1156 2005; x_wconf 91' lang='lat' dir='ltr'><strong>non</strong></span> <span class='ocrx_word' id='word_1_119' title='bbox 1184 1935 1292 2005; x_wconf 89' lang='lat' dir='ltr'><strong>solum</strong></span> <span class='ocrx_word' id='word_1_120' title='bbox 1305 1953 1358 2025; x_wconf 85' lang='lat' dir='ltr'><strong>pro</strong></span> 
     </span>
     <span class='ocr_line' id='line_1_17' title="bbox 209 2043 1356 2137; baseline -0.003 -26"><span class='ocrx_word' id='word_1_121' title='bbox 209 2043 398 2133; x_wconf 86' lang='lat' dir='ltr'><strong>positiones</strong></span> <span class='ocrx_word' id='word_1_122' title='bbox 421 2051 543 2113; x_wconf 90' lang='lat' dir='ltr'><strong>contra</strong></span> <span class='ocrx_word' id='word_1_123' title='bbox 565 2046 667 2114; x_wconf 91' lang='lat' dir='ltr'><strong>fidem</strong></span> <span class='ocrx_word' id='word_1_124' title='bbox 690 2045 842 2137; x_wconf 85' lang='lat' dir='ltr'><strong>adeoque</strong></span> <span class='ocrx_word' id='word_1_125' title='bbox 865 2045 1060 2113; x_wconf 79' lang='lat' dir='ltr'><strong>haereticae</strong></span> <span class='ocrx_word' id='word_1_126' title='bbox 1082 2043 1265 2113; x_wconf 87' lang='lat' dir='ltr'><strong>sedetiam</strong></span> <span class='ocrx_word' id='word_1_127' title='bbox 1286 2061 1356 2132; x_wconf 86' lang='lat' dir='ltr'><strong>prae·</strong></span> 
     </span>
     <span class='ocr_line' id='line_1_18' title="bbox 211 2148 1356 2244; baseline -0.006 -25"><span class='ocrx_word' id='word_1_128' title='bbox 211 2156 266 2219; x_wconf 89' lang='lat' dir='ltr'><strong>ter</strong></span> <span class='ocrx_word' id='word_1_129' title='bbox 288 2151 390 2221; x_wconf 89' lang='lat' dir='ltr'><strong>fidem</strong></span> <span class='ocrx_word' id='word_1_130' title='bbox 413 2150 449 2221; x_wconf 87' lang='lat' dir='ltr'><strong>h.</strong></span> <span class='ocrx_word' id='word_1_131' title='bbox 469 2174 498 2221; x_wconf 85' lang='lat' dir='ltr'><strong>e.</strong></span> <span class='ocrx_word' id='word_1_132' title='bbox 533 2153 679 2244; x_wconf 90' lang='lat' dir='ltr'><strong>quaein</strong></span> <span class='ocrx_word' id='word_1_133' title='bbox 702 2152 916 2222; x_wconf 88' lang='lat' dir='ltr'><strong>revelatione</strong></span> <span class='ocrx_word' id='word_1_134' title='bbox 946 2175 1014 2220; x_wconf 91' lang='lat' dir='ltr'><strong>non</strong></span> <span class='ocrx_word' id='word_1_135' title='bbox 1045 2151 1288 2235; x_wconf 88' lang='lat' dir='ltr'><strong>continentur,</strong></span> <span class='ocrx_word' id='word_1_136' title='bbox 1312 2148 1356 2213; x_wconf 91' lang='lat' dir='ltr'><strong>hoc</strong></span> 
     </span>
     <span class='ocr_line' id='line_1_19' title="bbox 209 2257 1355 2350; baseline -0.005 -24"><span class='ocrx_word' id='word_1_137' title='bbox 209 2258 285 2348; x_wconf 91' lang='lat' dir='ltr'><strong>ipso</strong></span> <span class='ocrx_word' id='word_1_138' title='bbox 308 2259 394 2327; x_wconf 89' lang='lat' dir='ltr'><strong>fides</strong></span> <span class='ocrx_word' id='word_1_139' title='bbox 425 2259 632 2330; x_wconf 87' lang='lat' dir='ltr'><strong>violaretur.</strong></span> <span class='ocrx_word' id='word_1_140' title='bbox 664 2260 707 2328; x_wconf 92' lang='lat' dir='ltr'><strong>In</strong></span> <span class='ocrx_word' id='word_1_141' title='bbox 736 2261 811 2350; x_wconf 88' lang='lat' dir='ltr'><strong>ipso</strong></span> <span class='ocrx_word' id='word_1_142' title='bbox 834 2260 898 2328; x_wconf 91' lang='lat' dir='ltr'><strong>illo</strong></span> <span class='ocrx_word' id='word_1_143' title='bbox 920 2282 1061 2329; x_wconf 89' lang='lat' dir='ltr'><strong>munere</strong></span> <span class='ocrx_word' id='word_1_144' title='bbox 1092 2257 1292 2340; x_wconf 88' lang='lat' dir='ltr'><strong>custodiae,</strong></span> <span class='ocrx_word' id='word_1_145' title='bbox 1315 2276 1355 2322; x_wconf 84' lang='lat' dir='ltr'><strong>cx·</strong></span> 
     </span>
     <span class='ocr_line' id='line_1_20' title="bbox 209 2359 1355 2455; baseline -0.004 -22"><span class='ocrx_word' id='word_1_146' title='bbox 209 2365 409 2455; x_wconf 90' lang='lat' dir='ltr'><strong>plicationis</strong></span> <span class='ocrx_word' id='word_1_147' title='bbox 433 2374 469 2436; x_wconf 89' lang='lat' dir='ltr'><strong>et</strong></span> <span class='ocrx_word' id='word_1_148' title='bbox 491 2368 682 2437; x_wconf 84' lang='lat' dir='ltr'><strong>strictioris</strong></span> <span class='ocrx_word' id='word_1_149' title='bbox 712 2368 927 2437; x_wconf 89' lang='lat' dir='ltr'><strong>definitionis</strong></span> <span class='ocrx_word' id='word_1_150' title='bbox 957 2367 1149 2439; x_wconf 88' lang='lat' dir='ltr'><strong>veritatum</strong></span> <span class='ocrx_word' id='word_1_151' title='bbox 1173 2365 1253 2435; x_wconf 90' lang='lat' dir='ltr'><strong>fidei</strong></span> <span class='ocrx_word' id='word_1_152' title='bbox 1274 2359 1355 2432; x_wconf 86' lang='lat' dir='ltr'><strong>couti·</strong></span> 
     </span>
     <span class='ocr_line' id='line_1_21' title="bbox 209 2467 1354 2565; baseline -0.004 -26"><span class='ocrx_word' id='word_1_153' title='bbox 209 2473 393 2541; x_wconf 83' lang='lat' dir='ltr'><strong>maturius</strong></span> <span class='ocrx_word' id='word_1_154' title='bbox 417 2481 453 2542; x_wconf 91' lang='lat' dir='ltr'><strong>et</strong></span> <span class='ocrx_word' id='word_1_155' title='bbox 475 2498 538 2564; x_wconf 88' lang='lat' dir='ltr'><strong>pro</strong></span> <span class='ocrx_word' id='word_1_156' title='bbox 568 2475 620 2543; x_wconf 89' lang='lat' dir='ltr'><strong>rei</strong></span> <span class='ocrx_word' id='word_1_157' title='bbox 650 2475 858 2544; x_wconf 89' lang='lat' dir='ltr'><strong>necessitate</strong></span> <span class='ocrx_word' id='word_1_158' title='bbox 889 2497 929 2544; x_wconf 90' lang='lat' dir='ltr'><strong>ac</strong></span> <span class='ocrx_word' id='word_1_159' title='bbox 953 2473 1215 2565; x_wconf 88' lang='lat' dir='ltr'><strong>opportunitate</strong></span> <span class='ocrx_word' id='word_1_160' title='bbox 1236 2467 1354 2538; x_wconf 86' lang='lat' dir='ltr'><strong>officium</strong></span> 
     </span>
     <span class='ocr_line' id='line_1_22' title="bbox 209 2571 1352 2671; baseline -0.005 -25"><span class='ocrx_word' id='word_1_161' title='bbox 209 2579 387 2648; x_wconf 76' lang='lat' dir='ltr'><strong>Ecclesiae</strong></span> <span class='ocrx_word' id='word_1_162' title='bbox 421 2582 591 2651; x_wconf 91' lang='lat' dir='ltr'><strong>condendi</strong></span> <span class='ocrx_word' id='word_1_163' title='bbox 622 2580 780 2671; x_wconf 81' lang='lat' dir='ltr'><strong>symbola</strong></span> <span class='ocrx_word' id='word_1_164' title='bbox 811 2582 920 2668; x_wconf 81' lang='lat' dir='ltr'><strong>fidei3</strong></span> <span class='ocrx_word' id='word_1_165' title='bbox 957 2580 992 2650; x_wconf 91' lang='lat' dir='ltr'><strong>b.</strong></span> <span class='ocrx_word' id='word_1_166' title='bbox 1024 2603 1055 2648; x_wconf 89' lang='lat' dir='ltr'><strong>e.</strong></span> <span class='ocrx_word' id='word_1_167' title='bbox 1101 2571 1352 2654; x_wconf 88' lang='lat' dir='ltr'><strong>determinandi,</strong></span> 
     </span>
     <span class='ocr_line' id='line_1_23' title="bbox 209 2685 1354 2779; baseline -0.008 -24"><span class='ocrx_word' id='word_1_168' title='bbox 209 2710 376 2777; x_wconf 89' lang='lat' dir='ltr'><strong>quaenam</strong></span> <span class='ocrx_word' id='word_1_169' title='bbox 408 2712 449 2755; x_wconf 85' lang='lat' dir='ltr'><strong>ex</strong></span> <span class='ocrx_word' id='word_1_170' title='bbox 473 2687 687 2757; x_wconf 88' lang='lat' dir='ltr'><strong>veritatibus</strong></span> <span class='ocrx_word' id='word_1_171' title='bbox 709 2687 876 2757; x_wconf 90' lang='lat' dir='ltr'><strong>revelatis</strong></span> <span class='ocrx_word' id='word_1_172' title='bbox 907 2694 943 2756; x_wconf 91' lang='lat' dir='ltr'><strong>et</strong></span> <span class='ocrx_word' id='word_1_173' title='bbox 973 2708 1043 2779; x_wconf 89' lang='lat' dir='ltr'><strong>qua</strong></span> <span class='ocrx_word' id='word_1_174' title='bbox 1065 2688 1249 2756; x_wconf 88' lang='lat' dir='ltr'><strong>verborum</strong></span> <span class='ocrx_word' id='word_1_175' title='bbox 1271 2685 1354 2752; x_wconf 80' lang='lat' dir='ltr'><strong>forma</strong></span> 
     </span>
     <span class='ocr_line' id='line_1_24' title="bbox 209 2795 1354 2885; baseline -0.005 -25"><span class='ocrx_word' id='word_1_176' title='bbox 209 2795 245 2861; x_wconf 93' lang='lat' dir='ltr'><strong>in</strong></span> <span class='ocrx_word' id='word_1_177' title='bbox 265 2796 477 2885; x_wconf 88' lang='lat' dir='ltr'><strong>oppositione</strong></span> <span class='ocrx_word' id='word_1_178' title='bbox 501 2796 634 2864; x_wconf 90' lang='lat' dir='ltr'><strong>directa</strong></span> <span class='ocrx_word' id='word_1_179' title='bbox 657 2796 826 2866; x_wconf 87' lang='lat' dir='ltr'><strong>adversus</strong></span> <span class='ocrx_word' id='word_1_180' title='bbox 849 2817 984 2864; x_wconf 89' lang='lat' dir='ltr'><strong>errores</strong></span> <span class='ocrx_word' id='word_1_181' title='bbox 1006 2795 1213 2883; x_wconf 84' lang='lat' dir='ltr'><strong>ingruentes</strong></span> <span class='ocrx_word' id='word_1_182' title='bbox 1236 2805 1354 2877; x_wconf 82' lang='lat' dir='ltr'><strong>compre·</strong></span> 
     </span>
     <span class='ocr_line' id='line_1_25' title="bbox 209 2899 1354 2993; baseline -0.004 -25"><span class='ocrx_word' id='word_1_183' title='bbox 209 2901 410 2972; x_wconf 90' lang='lat' dir='ltr'><strong>handendee</strong></span> <span class='ocrx_word' id='word_1_184' title='bbox 433 2911 469 2972; x_wconf 95' lang='lat' dir='ltr'><strong>et</strong></span> <span class='ocrx_word' id='word_1_185' title='bbox 491 2904 655 2993; x_wconf 85' lang='lat' dir='ltr'><strong>explicite</strong></span> <span class='ocrx_word' id='word_1_186' title='bbox 678 2903 891 2993; x_wconf 91' lang='lat' dir='ltr'><strong>profitendae</strong></span> <span class='ocrx_word' id='word_1_187' title='bbox 914 2903 1039 2970; x_wconf 92' lang='lat' dir='ltr'><strong>sintin</strong></span> <span class='ocrx_word' id='word_1_188' title='bbox 1055 2899 1255 2969; x_wconf 89' lang='lat' dir='ltr'><strong>huiusmodi</strong></span> <span class='ocrx_word' id='word_1_189' title='bbox 1276 2905 1354 2966; x_wconf 83' lang='lat' dir='ltr'><strong>tesse-</strong></span> 
     </span>
     <span class='ocr_line' id='line_1_26' title="bbox 208 3001 1353 3098; baseline -0.005 -23"><span class='ocrx_word' id='word_1_190' title='bbox 208 3008 259 3076; x_wconf 89' lang='lat' dir='ltr'><strong>ris</strong></span> <span class='ocrx_word' id='word_1_191' title='bbox 282 3011 510 3098; x_wconf 85' lang='lat' dir='ltr'><strong>professionis</strong></span> <span class='ocrx_word' id='word_1_192' title='bbox 534 3011 737 3080; x_wconf 88' lang='lat' dir='ltr'><strong>catholicae.</strong></span> <span class='ocrx_word' id='word_1_193' title='bbox 771 3013 845 3079; x_wconf 88' lang='lat' dir='ltr'><strong>Hoc</strong></span> <span class='ocrx_word' id='word_1_194' title='bbox 868 3011 925 3078; x_wconf 89' lang='lat' dir='ltr'><strong>ius</strong></span> <span class='ocrx_word' id='word_1_195' title='bbox 948 3016 985 3078; x_wconf 92' lang='lat' dir='ltr'><strong>et</strong></span> <span class='ocrx_word' id='word_1_196' title='bbox 1008 3009 1157 3078; x_wconf 88' lang='lat' dir='ltr'><strong>officium</strong></span> <span class='ocrx_word' id='word_1_197' title='bbox 1181 3013 1235 3076; x_wconf 90' lang='lat' dir='ltr'><strong>est</strong></span> <span class='ocrx_word' id='word_1_198' title='bbox 1256 3001 1353 3075; x_wconf 89' lang='lat' dir='ltr'><strong>intriu-</strong></span> 
     </span>
     <span class='ocr_line' id='line_1_27' title="bbox 210 3105 1354 3209; baseline -0.007 -27"><span class='ocrx_word' id='word_1_199' title='bbox 210 3138 326 3183; x_wconf 89' lang='lat' dir='ltr'><strong>secum</strong></span> <span class='ocrx_word' id='word_1_200' title='bbox 349 3118 470 3188; x_wconf 88' lang='lat' dir='ltr'><strong>divino</strong></span> <span class='ocrx_word' id='word_1_201' title='bbox 486 3126 523 3188; x_wconf 89' lang='lat' dir='ltr'><strong>et</strong></span> <span class='ocrx_word' id='word_1_202' title='bbox 539 3120 604 3186; x_wconf 91' lang='lat' dir='ltr'><strong>sub</strong></span> <span class='ocrx_word' id='word_1_203' title='bbox 621 3120 825 3187; x_wconf 84' lang='lat' dir='ltr'><strong>assistentia</strong></span> <span class='ocrx_word' id='word_1_204' title='bbox 846 3118 1001 3209; x_wconf 87' lang='lat' dir='ltr'><strong>Spiritus</strong></span> <span class='ocrx_word' id='word_1_205' title='bbox 1019 3116 1184 3186; x_wconf 87' lang='lat' dir='ltr'><strong>veritatis</strong></span> <span class='ocrx_word' id='word_1_206' title='bbox 1200 3105 1354 3183; x_wconf 65' lang='lat' dir='ltr'><strong>infallibili</strong></span> 
     </span>
     <span class='ocr_line' id='line_1_28' title="bbox 209 3213 1355 3314; baseline -0.003 -28"><span class='ocrx_word' id='word_1_207' title='bbox 209 3220 413 3309; x_wconf 85' lang='lat' dir='ltr'><strong>magisterio</strong></span> <span class='ocrx_word' id='word_1_208' title='bbox 436 3224 633 3310; x_wconf 88' lang='lat' dir='ltr'><strong>Ecclesiac;</strong></span> <span class='ocrx_word' id='word_1_209' title='bbox 666 3248 734 3291; x_wconf 91' lang='lat' dir='ltr'><strong>non</strong></span> <span class='ocrx_word' id='word_1_210' title='bbox 766 3247 849 3314; x_wconf 91' lang='lat' dir='ltr'><strong>ergo</strong></span> <span class='ocrx_word' id='word_1_211' title='bbox 880 3224 995 3290; x_wconf 91' lang='lat' dir='ltr'><strong>minus</strong></span> <span class='ocrx_word' id='word_1_212' title='bbox 1017 3222 1198 3291; x_wconf 86' lang='lat' dir='ltr'><strong>Ecclesiae</strong></span> <span class='ocrx_word' id='word_1_213' title='bbox 1222 3213 1355 3307; x_wconf 83' lang='lat' dir='ltr'><strong>competit</strong></span> 
     </span>
     <span class='ocr_line' id='line_1_29' title="bbox 209 3326 1354 3420; baseline 0 -27"><span class='ocrx_word' id='word_1_214' title='bbox 209 3326 397 3416; x_wconf 88' lang='lat' dir='ltr'><strong>posteriori</strong></span> <span class='ocrx_word' id='word_1_215' title='bbox 429 3350 532 3418; x_wconf 90' lang='lat' dir='ltr'><strong>quam</strong></span> <span class='ocrx_word' id='word_1_216' title='bbox 556 3329 666 3419; x_wconf 91' lang='lat' dir='ltr'><strong>priori</strong></span> <span class='ocrx_word' id='word_1_217' title='bbox 700 3335 839 3414; x_wconf 86' lang='lat' dir='ltr'><strong>aetate,</strong></span> <span class='ocrx_word' id='word_1_218' title='bbox 874 3329 979 3420; x_wconf 89' lang='lat' dir='ltr'><strong>idque</strong></span> <span class='ocrx_word' id='word_1_219' title='bbox 1010 3351 1053 3395; x_wconf 87' lang='lat' dir='ltr'><strong>ex</strong></span> <span class='ocrx_word' id='word_1_220' title='bbox 1076 3328 1155 3417; x_wconf 90' lang='lat' dir='ltr'><strong>ipsa</strong></span> <span class='ocrx_word' id='word_1_221' title='bbox 1176 3329 1228 3396; x_wconf 90' lang='lat' dir='ltr'><strong>rei</strong></span> <span class='ocrx_word' id='word_1_222' title='bbox 1251 3326 1287 3394; x_wconf 89' lang='lat' dir='ltr'><strong>de</strong></span> <span class='ocrx_word' id='word_1_223' title='bbox 1305 3338 1354 3411; x_wconf 70' lang='lat' dir='ltr'><strong>qut</strong></span> 
     </span>
     <span class='ocr_line' id='line_1_30' title="bbox 209 3432 1353 3528; baseline -0.005 -28"><span class='ocrx_word' id='word_1_224' title='bbox 209 3433 332 3522; x_wconf 88' lang='lat' dir='ltr'><strong>agitur</strong></span> <span class='ocrx_word' id='word_1_225' title='bbox 354 3442 506 3521; x_wconf 85' lang='lat' dir='ltr'><strong>nature,</strong></span> <span class='ocrx_word' id='word_1_226' title='bbox 533 3460 600 3504; x_wconf 92' lang='lat' dir='ltr'><strong>non</strong></span> <span class='ocrx_word' id='word_1_227' title='bbox 624 3459 665 3503; x_wconf 84' lang='lat' dir='ltr'><strong>ex</strong></span> <span class='ocrx_word' id='word_1_228' title='bbox 690 3436 918 3525; x_wconf 90' lang='lat' dir='ltr'><strong>dispositione</strong></span> <span class='ocrx_word' id='word_1_229' title='bbox 942 3436 1063 3528; x_wconf 87' lang='lat' dir='ltr'><strong>aliqua</strong></span> <span class='ocrx_word' id='word_1_230' title='bbox 1086 3441 1150 3503; x_wconf 91' lang='lat' dir='ltr'><strong>aut</strong></span> <span class='ocrx_word' id='word_1_231' title='bbox 1172 3435 1250 3522; x_wconf 89' lang='lat' dir='ltr'><strong>lege</strong></span> <span class='ocrx_word' id='word_1_232' title='bbox 1271 3432 1353 3499; x_wconf 83' lang='lat' dir='ltr'><strong>muta·</strong></span> 
     </span>
     <span class='ocr_line' id='line_1_31' title="bbox 209 3536 1354 3633; baseline -0.003 -26"><span class='ocrx_word' id='word_1_233' title='bbox 209 3541 272 3608; x_wconf 92' lang='lat' dir='ltr'><strong>bili</strong></span> <span class='ocrx_word' id='word_1_234' title='bbox 304 3543 363 3612; x_wconf 91' lang='lat' dir='ltr'><strong>sed</strong></span> <span class='ocrx_word' id='word_1_235' title='bbox 395 3567 436 3610; x_wconf 84' lang='lat' dir='ltr'><strong>ex</strong></span> <span class='ocrx_word' id='word_1_236' title='bbox 460 3544 582 3612; x_wconf 90' lang='lat' dir='ltr'><strong>divina</strong></span> <span class='ocrx_word' id='word_1_237' title='bbox 606 3551 641 3611; x_wconf 90' lang='lat' dir='ltr'><strong>et</strong></span> <span class='ocrx_word' id='word_1_238' title='bbox 664 3543 843 3611; x_wconf 86' lang='lat' dir='ltr'><strong>essentiali</strong></span> <span class='ocrx_word' id='word_1_239' title='bbox 866 3543 1080 3633; x_wconf 88' lang='lat' dir='ltr'><strong>proprietate</strong></span> <span class='ocrx_word' id='word_1_240' title='bbox 1102 3564 1144 3610; x_wconf 86' lang='lat' dir='ltr'><strong>ac</strong></span> <span class='ocrx_word' id='word_1_241' title='bbox 1165 3536 1354 3611; x_wconf 81' lang='lat' dir='ltr'><strong>constitutio</strong></span> 
     </span>
     <span class='ocr_line' id='line_1_32' title="bbox 208 3650 1354 3741; baseline -0.004 -25"><span class='ocrx_word' id='word_1_242' title='bbox 208 3672 251 3716; x_wconf 89' lang='lat' dir='ltr'><strong>ne</strong></span> <span class='ocrx_word' id='word_1_243' title='bbox 276 3650 468 3720; x_wconf 86' lang='lat' dir='ltr'><strong>intrinseca</strong></span> <span class='ocrx_word' id='word_1_244' title='bbox 490 3652 604 3740; x_wconf 89' lang='lat' dir='ltr'><strong>ipsius</strong></span> <span class='ocrx_word' id='word_1_245' title='bbox 626 3652 816 3721; x_wconf 86' lang='lat' dir='ltr'><strong>Ecclesiae.</strong></span> <span class='ocrx_word' id='word_1_246' title='bbox 853 3653 1043 3741; x_wconf 84' lang='lat' dir='ltr'><strong>Repugnat</strong></span> <span class='ocrx_word' id='word_1_247' title='bbox 1066 3672 1151 3739; x_wconf 86' lang='lat' dir='ltr'><strong>ergo</strong></span> <span class='ocrx_word' id='word_1_248' title='bbox 1173 3659 1310 3719; x_wconf 88' lang='lat' dir='ltr'><strong>naturae</strong></span> <span class='ocrx_word' id='word_1_249' title='bbox 1327 3659 1354 3706; x_wconf 78' lang='lat' dir='ltr'><strong>vv</strong></span> 
     </span>
     <span class='ocr_line' id='line_1_33' title="bbox 209 3744 1354 3847; baseline 0 -26"><span class='ocrx_word' id='word_1_250' title='bbox 209 3754 318 3822; x_wconf 89' lang='lat' dir='ltr'><strong>indoli</strong></span> <span class='ocrx_word' id='word_1_251' title='bbox 341 3756 536 3845; x_wconf 82' lang='lat' dir='ltr'><strong>magisterii</strong></span> <span class='ocrx_word' id='word_1_252' title='bbox 561 3757 735 3825; x_wconf 88' lang='lat' dir='ltr'><strong>divinitus</strong></span> <span class='ocrx_word' id='word_1_253' title='bbox 758 3757 939 3842; x_wconf 90' lang='lat' dir='ltr'><strong>instituti,</strong></span> <span class='ocrx_word' id='word_1_254' title='bbox 965 3762 1007 3824; x_wconf 91' lang='lat' dir='ltr'><strong>ut</strong></span> <span class='ocrx_word' id='word_1_255' title='bbox 1029 3756 1179 3840; x_wconf 89' lang='lat' dir='ltr'><strong>decreto,</strong></span> <span class='ocrx_word' id='word_1_256' title='bbox 1206 3776 1272 3847; x_wconf 90' lang='lat' dir='ltr'><strong>quo</strong></span> <span class='ocrx_word' id='word_1_257' title='bbox 1291 3744 1354 3821; x_wconf 76' lang='lat' dir='ltr'><strong>veii-</strong></span> 
     </span>
     <span class='ocr_line' id='line_1_34' title="bbox 208 3855 1353 3954; baseline -0.007 -25"><span class='ocrx_word' id='word_1_258' title='bbox 208 3868 360 3930; x_wconf 81' lang='lat' dir='ltr'><strong>tumeat</strong></span> <span class='ocrx_word' id='word_1_259' title='bbox 386 3864 524 3932; x_wconf 73' lang='lat' dir='ltr'><strong>«aliam</strong></span> <span class='ocrx_word' id='word_1_260' title='bbox 553 3864 654 3933; x_wconf 91' lang='lat' dir='ltr'><strong>fidem</strong></span> <span class='ocrx_word' id='word_1_261' title='bbox 682 3866 839 3954; x_wconf 87' lang='lat' dir='ltr'><strong>proferre</strong></span> <span class='ocrx_word' id='word_1_262' title='bbox 863 3893 902 3948; x_wconf 77' lang='lat' dir='ltr'><strong>n,</strong></span> <span class='ocrx_word' id='word_1_263' title='bbox 936 3862 1096 3932; x_wconf 87' lang='lat' dir='ltr'><strong>Ecclesia</strong></span> <span class='ocrx_word' id='word_1_264' title='bbox 1130 3862 1198 3931; x_wconf 90' lang='lat' dir='ltr'><strong>sibi</strong></span> <span class='ocrx_word' id='word_1_265' title='bbox 1230 3855 1353 3951; x_wconf 78' lang='lat' dir='ltr'><strong>ipsiius</strong></span> 
     </span>
     <span class='ocr_line' id='line_1_35' title="bbox 208 3959 1352 4060; baseline -0.003 -24"><span class='ocrx_word' id='word_1_266' title='bbox 208 3970 434 4058; x_wconf 87' lang='lat' dir='ltr'><strong>abrogaverit</strong></span> <span class='ocrx_word' id='word_1_267' title='bbox 467 3972 636 4041; x_wconf 87' lang='lat' dir='ltr'><strong>veritates</strong></span> <span class='ocrx_word' id='word_1_268' title='bbox 667 3972 863 4056; x_wconf 88' lang='lat' dir='ltr'><strong>revelatas,</strong></span> <span class='ocrx_word' id='word_1_269' title='bbox 890 3971 995 4039; x_wconf 89' lang='lat' dir='ltr'><strong>etiam</strong></span> <span class='ocrx_word' id='word_1_270' title='bbox 1021 3992 1108 4060; x_wconf 88' lang='lat' dir='ltr'><strong>quae</strong></span> <span class='ocrx_word' id='word_1_271' title='bbox 1140 3969 1301 4038; x_wconf 90' lang='lat' dir='ltr'><strong>hactenus</strong></span> <span class='ocrx_word' id='word_1_272' title='bbox 1327 3959 1352 4027; x_wconf 73' lang='lat'><strong>111</strong></span> 
     </span>
     <span class='ocr_line' id='line_1_36' title="bbox 208 4065 1353 4168; baseline -0.002 -24"><span class='ocrx_word' id='word_1_273' title='bbox 208 4077 364 4165; x_wconf 85' lang='lat' dir='ltr'><strong>symbolo</strong></span> <span class='ocrx_word' id='word_1_274' title='bbox 387 4078 552 4167; x_wconf 86' lang='lat' dir='ltr'><strong>explicite</strong></span> <span class='ocrx_word' id='word_1_275' title='bbox 574 4103 643 4147; x_wconf 92' lang='lat' dir='ltr'><strong>non</strong></span> <span class='ocrx_word' id='word_1_276' title='bbox 666 4079 941 4162; x_wconf 84' lang='lat' dir='ltr'><strong>continerentur,</strong></span> <span class='ocrx_word' id='word_1_277' title='bbox 967 4100 1030 4168; x_wconf 90' lang='lat' dir='ltr'><strong>pro</strong></span> <span class='ocrx_word' id='word_1_278' title='bbox 1052 4098 1171 4144; x_wconf 85' lang='lat' dir='ltr'><strong>rerum</strong></span> <span class='ocrx_word' id='word_1_279' title='bbox 1194 4083 1231 4144; x_wconf 91' lang='lat' dir='ltr'><strong>et</strong></span> <span class='ocrx_word' id='word_1_280' title='bbox 1252 4065 1353 4164; x_wconf 72' lang='lat' dir='ltr'><strong>opposi-</strong></span> 
     </span>
     <span class='ocr_line' id='line_1_37' title="bbox 207 4172 1351 4274; baseline 0.001 -23"><span class='ocrx_word' id='word_1_281' title='bbox 207 4189 323 4252; x_wconf 87' lang='lat' dir='ltr'><strong>torum</strong></span> <span class='ocrx_word' id='word_1_282' title='bbox 354 4207 510 4253; x_wconf 87' lang='lat' dir='ltr'><strong>errorum</strong></span> <span class='ocrx_word' id='word_1_283' title='bbox 544 4185 660 4254; x_wconf 92' lang='lat' dir='ltr'><strong>indole</strong></span> <span class='ocrx_word' id='word_1_284' title='bbox 692 4193 755 4255; x_wconf 88' lang='lat' dir='ltr'><strong>aut</strong></span> <span class='ocrx_word' id='word_1_285' title='bbox 787 4186 944 4274; x_wconf 78' lang='lat' dir='ltr'><strong>symbolo</strong></span> <span class='ocrx_word' id='word_1_286' title='bbox 978 4185 1147 4254; x_wconf 89' lang='lat' dir='ltr'><strong>distincto</strong></span> <span class='ocrx_word' id='word_1_287' title='bbox 1170 4172 1351 4273; x_wconf 81' lang='lat' dir='ltr'><strong>proponendi</strong></span> 
     </span>
     <span class='ocr_line' id='line_1_38' title="bbox 143 4289 1351 4383; baseline -0.005 -25"><span class='ocrx_word' id='word_1_288' title='bbox 143 4336 147 4344; x_wconf 86' lang='lat'><em>-</em></span> <span class='ocrx_word' id='word_1_289' title='bbox 206 4289 368 4360; x_wconf 89' lang='lat' dir='ltr'><strong>fidelibus</strong></span> <span class='ocrx_word' id='word_1_290' title='bbox 391 4300 456 4361; x_wconf 90' lang='lat' dir='ltr'><strong>aut</strong></span> <span class='ocrx_word' id='word_1_291' title='bbox 477 4293 653 4363; x_wconf 88' lang='lat' dir='ltr'><strong>inserendi</strong></span> <span class='ocrx_word' id='word_1_292' title='bbox 675 4294 712 4361; x_wconf 90' lang='lat' dir='ltr'><strong>in</strong></span> <span class='ocrx_word' id='word_1_293' title='bbox 736 4295 887 4363; x_wconf 88' lang='lat' dir='ltr'><strong>formula</strong></span> <span class='ocrx_word' id='word_1_294' title='bbox 901 4292 1169 4383; x_wconf 72' lang='lat' dir='ltr'><strong>praeexistente⁸</strong></span> <span class='ocrx_word' id='word_1_295' title='bbox 1195 4292 1351 4360; x_wconf 80' lang='lat' dir='ltr'><strong>Decretum</strong></span> 
     </span>
     <span class='ocr_line' id='line_1_39' title="bbox 208 4385 1349 4491; baseline -0.003 -28"><span class='ocrx_word' id='word_1_296' title='bbox 208 4396 327 4488; x_wconf 88' lang='lat' dir='ltr'><strong>itaque</strong></span> <span class='ocrx_word' id='word_1_297' title='bbox 350 4399 535 4488; x_wconf 90' lang='lat' dir='ltr'><strong>prohibens</strong></span> <span class='ocrx_word' id='word_1_298' title='bbox 561 4430 578 4464; x_wconf 80' lang='lat' dir='ltr'><strong>c</strong></span> <span class='ocrx_word' id='word_1_299' title='bbox 592 4401 698 4470; x_wconf 88' lang='lat' dir='ltr'><strong>aliem</strong></span> <span class='ocrx_word' id='word_1_300' title='bbox 719 4401 821 4470; x_wconf 89' lang='lat' dir='ltr'><strong>fidem</strong></span> <span class='ocrx_word' id='word_1_301' title='bbox 837 4403 996 4491; x_wconf 82' lang='lat' dir='ltr'><strong>proferre</strong></span> <span class='ocrx_word' id='word_1_302' title='bbox 1014 4427 1045 4486; x_wconf 83' lang='lat' dir='ltr'><strong>n,</strong></span> <span class='ocrx_word' id='word_1_303' title='bbox 1065 4397 1258 4470; x_wconf 86' lang='lat' dir='ltr'><strong>necessario</strong></span> <span class='ocrx_word' id='word_1_304' title='bbox 1272 4385 1349 4463; x_wconf 83' lang='lat' dir='ltr'><strong>intel·</strong></span> 
     </span>
    </p>
   </div>
   <div class='ocr_carea' id='block_1_2' title="bbox 0 0 1594 4944">
    <p class='ocr_par' dir='ltr' id='par_1_3' title="bbox 0 0 1594 4944">
     <span class='ocr_line' id='line_1_40' title="bbox 0 0 1594 4944; baseline 0 0"><span class='ocrx_word' id='word_1_305' title='bbox 0 0 1594 4944; x_wconf 95' lang='lat' dir='ltr'><strong> </strong></span> 
     </span>
    </p>
   </div>
  </div>
 </body>
</html>
