3172 4950
686 366 724 381 -
746 334 807 396 243
831 367 869 383 -·

190 442 454 536 agnoscimus,
477 462 548 510 non
571 446 687 532 potest
709 441 845 531 concipi
867 442 1033 532 praecisis
1056 442 1243 513 attributis
1267 445 1364 514 abso·

190 551 293 634 lutis,
320 550 411 643 quin
433 548 532 617 notio
563 547 734 617 esseutiae
764 548 907 617 divinae
938 556 1187 639 pervertatur;
1223 551 1277 618 ita
1307 573 1362 621 ea·

190 659 256 730 lem
271 656 444 740 essentia,
464 663 507 725 ut
530 677 605 724 eam
628 656 697 724 fide
719 657 970 745 cognoscimus,
997 681 1064 724 nou
1089 666 1203 749 potest
1226 659 1362 751 concipi

190 770 353 857 praecisis
385 765 619 835 relationibus
654 765 970 850 substantialibus,
1010 767 1094 858 quin
1128 768 1262 858 pariter
1300 792 1363 840 re·

190 875 330 945 sedatur
351 894 375 941 a
397 873 539 941 notione
562 872 744 954 essentiae,
760 871 875 963 qualis
899 873 1069 942 obiective
1092 896 1217 943 revera
1239 876 1363 945 existit

190 991 215 1055 st
236 983 345 1052 nobis
367 1004 430 1073 per
453 981 556 1050 fidem
579 988 635 1051 est
656 980 913 1070 cognoscibilis.
941 980 1041 1049 Unde
1071 981 1164 1052 sicut
1186 985 1361 1054 attributa

190 1093 347 1162 obsolute
370 1091 424 1159 ita
446 1090 553 1158 etiam
577 1089 823 1158 substantivae
845 1088 1034 1159 relationes
1051 1111 1112 1159 seu
1128 1092 1362 1182 proprietates

189 1200 386 1295 personales
409 1222 476 1268 nou
501 1198 638 1292 aliquid
660 1198 797 1267 addunt
819 1197 1015 1283 essentiae,
1040 1220 1081 1268 ao
1109 1198 1140 1267 si
1162 1221 1235 1267 eam
1262 1199 1363 1270 velut

189 1308 402 1401 complerent
422 1306 467 1376 ad
490 1306 742 1398 plenitudinem
767 1303 1005 1397 perfectiouis,
1026 1307 1085 1376 sed
1110 1314 1194 1375 sunt
1216 1307 1293 1399 ipsa
1308 1331 1360 1378 es·

189 1416 298 1487 sautia
320 1415 447 1485 diviua
469 1415 535 1483 sub
558 1415 630 1483 alia
651 1420 689 1483 et
711 1413 937 1483 alienatione
961 1436 1023 1484 seu
1047 1415 1238 1484 iunctione.
1260 1417 1357 1503 (Vid.

189 1523 305 1593 macc.
323 1522 367 1592 de
391 1522 490 1609 Deo).
516 1521 610 1590 Hinc
624 1522 729 1589 etiam
746 1519 903 1590 vicissim
926 1542 1153 1613 unaquaeque
1166 1523 1361 1613 proprietas

189 1630 380 1724 personalis
403 1651 465 1699 seu
487 1628 613 1699 relatio
637 1629 862 1698 substantiva
886 1651 947 1698 seu
963 1651 1109 1719 persona
1126 1633 1229 1722 (quae
1245 1633 1361 1701 omnia

191 1741 275 1811 idem
297 1739 506 1830 significant
527 1737 611 1808 licet
633 1739 732 1807 modo
756 1738 911 1824 diverso)
934 1745 1118 1830 propterea
1142 1739 1233 1831 quod
1256 1739 1360 1809 reali·

192 1852 317 1918 torcat
339 1846 419 1937 ipsa
440 1846 594 1915 essentia
617 1846 763 1931 divina,
788 1853 843 1915 est
866 1847 971 1915 etiam
995 1845 1176 1936 plenitudo
1200 1845 1293 1916 antis
1308 1846 1360 1916 di·

194 1956 286 2041 vini,
310 1977 353 2026 ac
375 1955 546 2047 perfectio
569 1942 733 2040 infinita;
759 1960 796 2023 et
818 1954 901 2047 quia
918 1955 1080 2044 singulae
1096 1936 1262 2044 personae
1277 1962 1362 2026 sunt

195 2063 302 2133 eadem
325 2064 479 2150 essentia
501 2085 544 2133 ac
566 2063 748 2154 plenitudo
771 2062 889 2148 entis,
921 2064 985 2130 sub
1009 2062 1146 2131 ratione
1172 2063 1360 2152 perfectio·

196 2172 245 2238 sis
263 2178 383 2258 (sensu
406 2171 471 2240 boc
495 2172 637 2262 proprio
660 2171 838 2257 vocabuli)
861 2190 930 2238 non
954 2171 1023 2239 sibi
1046 2179 1281 2261 opponuntur,
1300 2169 1361 2240 aad

201 2285 293 2348 atres
305 2302 411 2347 uuum
426 2286 521 2348 sunt.
540 2306 556 2340 n
576 2279 635 2348 Sic
647 2279 761 2368 igitur
779 2307 795 2341 s
810 2299 943 2347 summa
959 2279 1024 2347 illa
1039 2301 1107 2363 res,
1126 2305 1142 2341 n
1161 2301 1248 2371 quae
1265 2279 1360 2348 Deua

198 2393 266 2470 at,
290 2386 367 2457 sive
386 2388 450 2456 sub
474 2387 610 2456 ratione
633 2408 798 2478 expressa
821 2388 1018 2472 essentiae,
1044 2388 1119 2456 sive
1142 2388 1207 2454 sub
1221 2388 1360 2456 ratione

198 2512 347 2586 expressa
369 2517 536 2585 personae
558 2495 685 2580 unius,
712 2495 787 2564 sive
810 2496 875 2563 sub
898 2497 1033 2564 ratione
1056 2517 1220 2586 expressa
1245 2495 1361 2564 Triui-

198 2605 273 2672 istis
286 2613 341 2674 est
356 2626 427 2672 uua
441 2611 477 2674 et
488 2605 606 2673 eadem
620 2604 801 2695 plenitudo
818 2604 950 2672 infiniti
965 2605 1064 2684 Esse,
1079 2612 1183 2696 atque
1199 2603 1277 2672 ideo
1289 2628 1360 2671 unu

200 2709 364 2804 “demque
381 2714 554 2801 perfectio
579 2734 682 2780 seusu
698 2711 838 2802 proprio
857 2710 963 2781 huius
979 2711 1142 2781 nominis.

252 2818 358 2888 Dixi:
383 2841 452 2887 uon
476 2818 544 2887 sibi
567 2818 716 2888 invicem
745 2824 969 2908 opponuntur
1001 2839 1167 2908 personae
1200 2818 1265 2887 sub
1293 2839 1358 2886 ra·

198 2926 277 2998 time
291 2927 519 3017 perfectiouis
535 2930 679 3017 propria
704 2925 827 2996 dictae.
854 2928 944 2996 Nam
969 2927 1166 3018 iutellipere
1182 2926 1358 2997 notionale

196 3035 378 3126 producens
400 3035 552 3104 Verbum
576 3042 630 3104 est
652 3035 773 3128 utique
797 3035 966 3126 perfectio
990 3036 1049 3105 sed
1073 3059 1140 3104 uon
1164 3034 1237 3105 alia
1254 3057 1357 3128 quam

196 3144 381 3234 iutellipcre
402 3142 623 3227 absolutum,
650 3142 741 3235 quod
766 3151 820 3212 est
842 3165 1020 3213 commuue
1049 3145 1166 3213 tribus
1198 3145 1356 3235 personis

195 3257 303 3344 etque
326 3249 404 3353 ipsa
426 3249 600 3336 essentia3
626 3250 762 3340 pariter
786 3250 946 3318 formalis
978 3251 1070 3320 ratio
1091 3251 1200 3321 Verbi
1233 3258 1275 3321 ut
1303 3258 1358 3321 est

195 3356 355 3427 terminus
368 3355 580 3426 intrinsecus
592 3357 809 3427 necessarius
823 3357 1072 3428 intellectiouis
1085 3366 1262 3450 paternae,
1274 3380 1357 3430 sane

194 3472 239 3536 co
258 3464 452 3559 perfectio,
478 3465 537 3533 scd
561 3488 631 3533 non
654 3467 823 3557 perfectio
847 3466 919 3534 alia
943 3488 1044 3558 quam
1069 3469 1244 3559 sapientia
1258 3469 1355 3537 abso·

193 3571 692 3667 luta,quaeoom1'nuuisest
720 3574 859 3660 tribus3
885 3574 976 3643 idem
1006 3576 1104 3645 valet
1134 3576 1176 3644 de
1206 3576 1355 3643 termino

192 3680 372 3753 intrinseco
394 3681 589 3751 necessario
612 3682 812 3752 dilectionis
833 3683 952 3752 Patris
975 3704 1016 3753 ac
1031 3684 1118 3753 Filii
1140 3707 1202 3753 seu
1218 3684 1259 3753 de
1278 3682 1354 3774 Spi-

193 3789 256 3860 ritu
279 3790 422 3860 Sancto.

247 3896 370 3966 Diues:
396 3896 483 3965 baec
506 3896 620 3966 omnia
643 3895 755 3965 solum
779 3897 990 3982 ostendunt,
1016 3897 1263 3988 perfectionem
1296 3899 1353 3966 ab·

193 4004 327 4071 uictam
350 4026 425 4074 esse
448 4026 552 4073 unam
576 4004 793 4095 singularem
810 4011 846 4075 et
860 4004 970 4074 trium
994 4006 1099 4074 simul
1116 4027 1351 4097 personarum;

193 4113 242 4183 ssu
256 4111 409 4181 nondum
426 4112 627 4196 ostendunt,
643 4113 810 4206 quomodo
826 4113 1056 4204 perfectiones
1071 4115 1252 4195 relativae,
1267 4136 1355 4208 quae

194 4229 350 4292 mnttres
361 4221 457 4290 iuter
468 4243 505 4289 se
522 4220 723 4306 distinctae,
742 4245 809 4290 non
825 4222 898 4290 siut
912 4222 992 4311 plus
1008 4223 1239 4314 perfectiouis
1252 4245 1355 4316 quam

193 4347 264 4400 ma.
289 4329 515 4421 Respondeo:
534 4329 577 4397 1·.
596 4329 681 4398 haec
705 4329 820 4399 omnia
843 4332 1043 4415 ostendunt,
1059 4331 1288 4420 perfectiones
1303 4353 1354 4399 re·

195 4433 313 4507 lotium
335 4446 409 4507 tres
432 4437 619 4507 &eductas
634 4437 717 4530 ,dici
734 4438 935 4530 improprie.
962 4438 1136 4509 Perfectio
1153 4438 1245 4508 euim
1275 4459 1351 4529 pro·
