3172 4950
610 351 648 365 ..
669 317 727 380 551
751 351 789 366 ..

188 448 229 494 cm
265 424 401 494 additio
436 424 542 493 huius
580 424 826 514 explicationis
860 424 899 493 in
937 422 1093 512 symbolo
1130 445 1194 513 per
1227 430 1288 492 to-

212 531 423 603 cccidentem
447 534 520 601 fere
548 532 619 601 iam
649 533 863 603 universalis
893 538 1079 616 evaserat,
1114 532 1287 624 simulque

188 663 241 708 ca
263 640 389 709 Photio
413 641 524 710 medio
547 640 685 709 saeculo
708 641 773 709 IX.
796 639 1028 711 contradictio
1052 638 1287 709 schismatico·

188 752 338 816 [contra
360 747 474 838 ipsum
498 748 623 836 dogma
646 747 888 818 necessitatem
912 748 969 818 vel
1000 752 1094 817 certe
1125 753 1288 838 opportu-

188 860 263 924 .tem
286 854 386 923 illius
409 854 599 945 explicitae
621 855 848 945 professionis
871 856 1077 940 adduxerat,
1103 855 1290 924 Pontifices

188 961 264 1030 nani
287 964 380 1032 facto
404 963 479 1052 ipso
502 985 577 1030 eam
600 968 713 1032 ratem
738 963 937 1033 habuerunt
960 970 997 1033 st
1012 963 1050 1031 in
1066 965 1222 1031 Romana
1234 970 1289 1031 et·

220 1070 258 1136 in
290 1069 456 1138 universa
485 1068 645 1138 Ecclesia
675 1069 789 1138 latine
819 1070 1033 1160 adoptarunt
1063 1075 1100 1138 et
1129 1091 1290 1160 suprema

188 1176 330 1246 toritate
364 1177 604 1247 sanciverunt.
639 1177 740 1259 Quod
773 1177 856 1268 qnia
890 1200 958 1245 non
994 1177 1138 1246 solemni
1172 1176 1292 1269 aliquo

188 1290 257 1352 reto
280 1285 339 1353 sed
363 1308 430 1353 usu
452 1285 529 1375 ipso
552 1287 685 1354 factum
709 1291 786 1369 est,
813 1285 854 1354 de
878 1291 1114 1376 temporeque
1138 1277 1290 1374 primum

189 1392 379 1481 acceperit
401 1414 475 1460 esse
499 1390 724 1476 universalis,
742 1413 811 1459 non
830 1391 964 1482 liquido
988 1396 1126 1460 constat
1150 1390 1291 1463 varian·
1372 1451 1373 1455 ,

188 1521 219 1567 ro
242 1499 458 1568 eruditorum
481 1499 666 1569 sententiis
688 1501 781 1568 inter
804 1499 954 1567 medium
978 1499 1153 1568 saeculum
1177 1499 1242 1567 IX.
1258 1506 1295 1568 et

188 1629 213 1674 c.
231 1607 295 1674 XI.
312 1629 333 1672 a
355 1606 500 1676 Nicolao
523 1607 554 1674 Ι.
570 1607 614 1675 ad
637 1606 865 1675 Benedictum
892 1607 995 1675 VIII.
1022 1606 1112 1676 Vide
1136 1607 1292 1698 Loquisn

188 1735 281 1783 naso.
293 1714 323 1781 Ι.
334 1737 369 1783 n.
381 1714 437 1783 28.
450 1714 526 1805 (qui
540 1714 638 1783 ultra
650 1714 763 1783 adhuc
775 1714 819 1782 ad
832 1714 984 1805 aliquem
995 1713 1176 1783 Benedicti
1189 1715 1292 1783 VIII.

188 1843 353 1889 cessorem
377 1844 486 1913 usqne
509 1821 554 1889 ad
577 1823 723 1890 Leonem
747 1822 811 1890 IX.
839 1845 880 1890 ex
896 1821 1092 1890 rationibus
1107 1822 1295 1891 non'valde
1392 1810 1394 1814 ⁷

189 1929 363 1997 habilibus
386 1951 514 1998 morem
538 1929 741 2019 protrahit);
761 1929 803 1997 de
826 1928 958 1997 Rnbcis
981 1928 1025 1996 ad
1049 1928 1159 1998 vitam
1187 1929 1293 1998 Geor·

202 2037 327 2126 Cyprii
350 2036 490 2106 dissert.
511 2037 625 2126 dogm.
640 2036 690 2104 II.
710 2061 740 2104 c.
754 2036 788 2103 4.
803 2060 838 2103 n.
857 2037 890 2104 5.
903 2059 937 2124 p.
962 2035 1039 2104 190.
1062 2059 1161 2128 sqq.;
1185 2061 1214 2106 c.
1238 2037 1293 2123 5.;

188 2144 469 2234 Hergenroether
492 2145 529 2213 in
553 2167 616 2213 suo
640 2145 766 2212 Proto
790 2143 832 2211 Τ.
847 2144 877 2211 Ι.
895 2167 930 2233 p.
947 2144 1024 2211 705.
1040 2166 1116 2234 sqq.

188 2408 268 2475 o...⁴
282 2393 433 2456 utrumqne
452 2391 516 2443 fleri
535 2389 646 2457 possit,
667 2394 700 2442 nt
723 2389 798 2456 qnod
820 2388 877 2442 iem
905 2404 980 2442 nnnc
998 2405 1016 2440 a
1035 2388 1195 2454 qnibneqne
1215 2389 1297 2455 prins

188 2481 319 2535 :lantibus
338 2483 414 2533 recte
432 2479 569 2546 credltnr,
590 2479 731 2545 credatur,
746 2483 776 2532 et
795 2483 890 2532 tamon
908 2478 1017 2532 illicita
1031 2477 1167 2532 cantandi
1180 2493 1298 2530 consue-

188 2571 277 2623 tsine
297 2569 434 2635 cuiusque
456 2569 522 2622 fidei
542 2569 669 2622 laesIone
691 2569 836 2623 tollatur»
859 2566 932 2620 ibid.
