3172 4950
543 394 581 409 -
605 356 663 422 117
684 393 722 409 -

51 478 131 555 rent,
158 468 419 555 continebatur,
444 469 676 539 substantiam
700 492 761 539 seu
775 472 886 563 ,οὐσιαν
903 471 1034 556 Patris,
1058 468 1225 560 principii

52 576 259 669 generantis,
286 598 362 646 esse
384 576 527 646 eandem
549 575 643 645 Filio
667 580 967 650 communicatum.

106 684 199 754 Hinc
222 683 255 751 2·
278 682 446 774 Episcopi
468 668 506 751 in
529 679 696 770 Concilio,
722 691 764 754 ut
786 684 954 777 explicite
977 685 1084 755 etiam
1108 683 1221 754 decla·
1269 748 1273 753 .

52 799 163 862 rerent
178 799 344 862 naturam
359 792 398 862 in
412 792 506 862 Filio
521 793 809 864 communicatam
825 817 846 862 a
861 795 979 880 Patre,¹
1017 793 1223 878 edixerunt,

53 899 264 969 scribendum
287 923 361 970 esse
378 899 531 970 Verbum
547 900 719 971 virtutem
743 923 861 971 veram
885 903 1140 994 imaginemque
1160 899 1226 968 Pa-

53 1007 109 1077 tris
131 1031 221 1094 esse,
247 1015 286 1079 et
307 1006 408 1078 Patri
432 1007 506 1078 sine
528 1007 605 1078 ulle
627 1008 799 1079 varietate
823 1004 1011 1079 secundum
1035 1010 1151 1077 omnia
1178 1008 1227 1077 si·

56 1114 136 1201 nile,
154 1119 194 1186 et
207 1114 504 1201 incommutabile,
523 1121 559 1184 et
575 1136 725 1207 semper,
744 1122 781 1185 et
795 1115 1081 1207 inseparabilium
1097 1115 1134 1183 in
1150 1115 1226 1206 ipso

57 1222 181 1311 (Patre)
197 1247 288 1313 esse;
305 1246 368 1293 neo
384 1223 475 1294 enim
492 1245 654 1316 umquam
667 1223 820 1293 Verbum
833 1246 902 1294 non
917 1232 1006 1309 erat,
1021 1224 1081 1294 sed
1095 1245 1229 1314 semper

56 1340 120 1403 eret
141 1333 374 1404 aeternaliter
397 1333 551 1402 existens
566 1332 659 1425 apud
676 1334 828 1419 Patrem,
846 1340 888 1403 ut
904 1332 1067 1424 splendor
1087 1332 1179 1402 lucis
1194 1360 1224 1401 n.

57 1442 140 1513 ilaec
155 1464 243 1513 sene
264 1443 379 1513 omnia
394 1448 558 1513 naturam
575 1441 731 1512 divinam
747 1443 785 1512 in
803 1442 896 1533 Filio
913 1443 1002 1513 eatis
1026 1441 1228 1532 significare

60 1552 277 1639 videbantur,
295 1551 525 1623 nihilominus
541 1551 670 1622 Atiam
685 1574 725 1623 ea
742 1553 779 1621 in
795 1575 933 1623 sensum
949 1551 1102 1621 alienum
1115 1550 1230 1620 adbuc

59 1661 250 1755 detorqueri
285 1684 383 1753 posse
419 1661 658 1732 confidebant:
695 1690 712 1725 a
734 1661 940 1754 deprehensi
967 1666 1051 1730 sunt
1074 1661 1168 1729 inter
1193 1681 1230 1728 se

60 1767 177 1838 iterum
200 1790 422 1839 murmurare
445 1768 624 1861 oculisque
651 1769 817 1855 innuere,
851 1769 940 1838 istas
973 1790 1075 1837 voces
1102 1766 1228 1848 simile,
1336 1769 1338 1773 ’

63 1900 190 1968 uesper,
215 1880 392 1960 virtatem,
418 1880 512 1944 etin
536 1880 623 1968 ipso,
642 1877 742 1945 nobis
766 1899 844 1947 cum
866 1875 962 1946 Filio
984 1897 1059 1945 esse
1083 1898 1229 1945 commu·
1336 1870 1359 1927 ἶ

64 2008 112 2054 nes
124 2012 156 2053 n.
182 1985 366 2055 Hactenus
389 1984 526 2056 scilicet
548 1984 741 2055 Concilium
757 2009 826 2055 nou
843 1985 974 2056 diserte
988 1985 1231 2055 nominaverat

65 2101 215 2162 naturam
237 2093 381 2163 eandem
403 2091 491 2160 Filii
515 2114 604 2184 quse
620 2098 673 2162 est
687 2092 818 2177 Patris,
839 2093 899 2162 sed
915 2114 991 2162 eam
1006 2091 1045 2160 in
1059 2091 1134 2160 suis
1147 2091 1228 2161 cha·

68 2197 252 2267 ueteribus
268 2204 304 2267 et
319 2196 598 2289 proprietaribns
615 2198 851 2289 descripserat
872 2198 1082 2284 nominibus,
1102 2195 1229 2289 quibus

70 2302 225 2375 haeretici
249 2327 388 2374 sensum
412 2304 641 2395 improprium
665 2304 792 2375 subiici
817 2328 916 2397 posse
939 2306 1123 2396 putebant.

120 2412 177 2482 Ad
200 2411 293 2481 hanc
317 2411 475 2483 baudem
498 2412 726 2484 avertendam
750 2413 862 2483 coacti
878 2418 963 2483 sunt
977 2413 1101 2482 Patres
1116 2413 1232 2503 expri-

71 2541 147 2589 nere
162 2520 276 2612 ipsam
292 2541 396 2589 unam
411 2520 531 2591 Patris
558 2527 594 2590 et
616 2521 704 2590 Filii
720 2529 895 2607 naturam,
914 2522 967 2590 ita
982 2526 1024 2589 ut
1039 2519 1144 2588 simul
1161 2541 1231 2588 ser-

71 2634 204 2698 varetur
229 2627 338 2697 realis
366 2642 592 2718 personarum
616 2627 811 2699 distinctio.
829 2629 904 2697 Iam
921 2627 1086 2697 dixerant
1100 2625 1233 2695 Filium

70 2734 212 2821 genitum
236 2734 497 2802 archotamia
522 2736 663 2818 Patris,
698 2734 763 2806 hoc
794 2736 869 2829 ipso
899 2736 1015 2827 igitur
1048 2734 1231 2804 dicebatur

70 2843 255 2913 subustis
284 2844 403 2914 eadem
431 2845 681 2915 communicata
705 2867 727 2913 a
747 2846 854 2916 Patre
886 2846 923 2914 in
953 2844 1104 2930 Filium,
1139 2842 1233 2913 alius

70 2955 172 3021 antem
197 2957 253 3022 est
273 2951 380 3022 Pater
394 2958 431 3023 et
446 2951 539 3022 elius
553 2952 681 3038 Filius,
701 2976 804 3046 quam
828 2954 1051 3025 identitatem
1073 2953 1234 3023 substen-

69 3058 126 3128 tias
141 3059 180 3128 in
194 3058 290 3128 Filio
305 3080 328 3126 a
341 3057 448 3129 Patre
464 3058 635 3151 simulque
651 3059 910 3131 distinctionem
924 3060 1082 3144 duorum,
1099 3057 1161 3150 qui
1172 3058 1233 3145 ba·

70 3163 138 3236 lent
160 3186 268 3235 unam
290 3164 447 3236 divinam
463 3168 578 3249 ὲυσιαν,
594 3167 872 3257 praeclarissime
895 3166 1044 3259 exprimi
1068 3165 1235 3236 videbant

66 3270 122 3346 lec
155 3282 315 3347 essere:
341 3277 457 3345 Filios
485 3290 533 3344 est
559 3276 708 3364 ὃμοουσιος
735 3275 1078 3364 (consubstantialis)
1114 3271 1232 3341 Patri.

66 3384 161 3457 «Ubi
175 3384 346 3477 Episcopi
368 3384 625 3455 sinulationem
649 3406 767 3454 eorum
790 3382 856 3452 bec
881 3404 1016 3476 quoque
1038 3381 1076 3449 in
1100 3403 1138 3450 re
1161 3380 1235 3479 scni-¹

63 3491 336 3576 madverterunt,
354 3491 465 3561 coacti
490 3495 631 3561 suntet
653 3490 723 3583 ipsi
745 3492 874 3559 iterum
889 3511 1027 3558 sensum
1050 3508 1092 3557 ex
1117 3475 1235 3575 Sorip·
1353 3533 1356 3537 -

61 3601 149 3670 turis
171 3598 360 3691 colligere,
386 3606 422 3669 et
445 3620 533 3691 quae
557 3599 657 3690 prius
680 3597 863 3682 dixerant,
890 3595 1008 3665 eadem
1032 3592 1165 3663 clarius
1188 3592 1234 3660 si·

61 3708 231 3799 gnifiare,
258 3712 294 3777 et
316 3706 467 3776 scribere
499 3706 632 3776 Filium
663 3729 737 3776 esse
769 3703 1092 3773 omesobstonts'clem
1116 3699 1234 3782 Porri,

60 3825 99 3888 nt
121 3815 262 3888 scilicet
283 3814 399 3885 Filius
421 3838 489 3885 non
512 3820 651 3885 tantum
675 3813 822 3899 similis,
849 3812 909 3882 sed
933 3808 1166 3882 similitudine
1193 3829 1235 3876 ex

59 3924 163 3995 Patre
186 3945 295 4007 unum
322 3921 480 4014 idemque
506 3943 581 3993 esse
603 3921 895 4012 significareturn
916 3920 966 4009 (1)
987 3918 1074 3989 ibid.
1099 3915 1234 3986 Athen.

60 4056 93 4102 n.
109 4031 168 4102 20.
1185 4054 1189 4061 ·

125 4212 412 4292 (1)Ἤναγκασθησαν
427 4234 472 4267 και
483 4212 559 4267 αὐτοι
572 4212 646 4275 dcte<
660 4233 825 4284 σαναγαγιιν
838 4212 864 4266 ir
876 4231 923 4265 rar
935 4223 1041 4284 γραφων
1055 4228 1101 4267 την
1112 4211 1238 4261 desectae.

59 4330 101 4362 και
120 4309 192 4377 άπερ
204 4324 327 4376 προτερον
340 4304 442 4376 turpes,
452 4324 539 4360 ταυτα
553 4311 633 4358 ratas
647 4309 801 4375 broxorspos
811 4301 894 4357 ιἰπιιν
908 4324 950 4355 και
962 4300 1079 4373 rypodes,
1091 4299 1234 4369 ipeoooosos

61 4400 124 4451 inm
145 4419 180 4466 τῳ
192 4416 273 4466 {urps
288 4414 333 4447 ror
346 4394 409 4459 daos,
423 4393 468 4449 isa
479 4415 517 4466 μη
531 4413 611 4466 μονον
626 4395 715 4465 epactes
729 4413 772 4446 ros
787 4392 850 4452 icor.
861 4393 940 4446 ἄλλα
953 4389 1050 4445 sciuros
1066 4410 1097 4460 τῃ
1114 4388 1235 4458 ὁμοιωσει

63 4489 88 4539 iz
103 4507 149 4540 rev
170 4504 272 4557 πατρος
287 4484 352 4538 ieras
364 4503 522 4556 σημαινωσι.
