3172 4950
648 396 686 413 ·-
708 365 766 427 211
790 396 828 412 -

178 471 288 542 riatur
310 471 415 541 Patri
438 470 626 541 secundum
648 471 885 541 characterem
908 472 1136 564 personalem,
1155 477 1327 565 quatenus

178 588 200 651 tt
220 578 440 672 principium
463 580 614 649 omnium
637 579 894 671 processionum
917 581 960 648 ad
992 579 1111 668 intra;
1140 579 1235 649 Filio
1266 602 1325 648 au-

178 713 230 774 rm,
253 694 431 781 quatenus
454 694 508 757 est
530 687 683 757 Verbum
707 711 769 778 per
793 687 884 781 quod
911 688 1006 757 facta
1029 693 1114 756 sunt
1129 688 1256 773 omnia,
1275 693 1328 756 at·

178 820 213 867 na
236 797 321 866 iude
344 819 407 886 per
429 796 748 887 appropriationem
772 795 953 866 brachium
976 795 1042 865 Dei
1072 795 1216 883 Patris3
1242 795 1327 864 item

178 903 305 996 piritui
330 903 459 972 Sancto
482 908 523 971 ut
554 902 754 993 procedenti
788 926 850 993 per
882 903 1103 972 dilectionem
1128 901 1328 994 appropria·

178 1036 209 1083 rr
230 1011 346 1082 omnis
367 1010 506 1081 effectio
529 1011 780 1081 charismatum
804 994 1102 1081 sanctificantium
1128 1017 1233 1103 atque
1249 1010 1326 1079 ideo

178 1124 274 1189 aaa.
307 1121 401 1191 Hinc
431 1127 506 1207 est,
534 1122 624 1212 quod
651 1120 743 1191 illud
774 1121 861 1190 Luc.
887 1122 917 1190 Ι.
937 1121 1021 1188 dia:
1049 1123 1194 1187 evictas
1215 1119 1328 1188 Altis·

178 1229 232 1299 imi
253 1227 475 1297 obumbrabit
495 1227 607 1313 tibi,n
633 1229 757 1297 Patres
779 1227 844 1296 alii
868 1229 909 1298 de
933 1227 1071 1318 Spiritu
1095 1227 1235 1312 Sancto,
1262 1226 1327 1295 alii

178 1336 322 1421 aFilio,
347 1335 412 1404 alii
439 1335 481 1405 da
503 1336 609 1405 Patre
633 1337 925 1427 interpretantur,
952 1357 1039 1428 quae
1063 1334 1253 1404 diversitas
1276 1333 1324 1402 lo·

178 1466 230 1513 um
253 1442 392 1512 nullum
415 1442 569 1528 haberet,
588 1443 619 1513 si
635 1445 875 1535 appropriatio
899 1442 1085 1512 secundum
1110 1463 1217 1509 unum
1241 1463 1326 1510 sem·

178 1574 215 1621 er
237 1551 375 1620 modum
396 1557 477 1620 rata
495 1558 587 1621 esset
609 1573 649 1621 ac
672 1552 755 1619 fixa.
772 1552 941 1620 Attamen
973 1549 1168 1618 similitudo
1190 1569 1251 1616 seu
1273 1548 1326 1615 af-

178 1658 273 1729 'nitas
294 1659 547 1728 attributorum
568 1659 807 1729 absolutorum
829 1681 869 1728 ac
893 1657 1132 1748 operationum
1149 1679 1226 1725 cum
1250 1678 1326 1747 pro·

178 1766 364 1838 rietatibus
377 1752 619 1858 personalibus
636 1767 886 1839 consideranda
901 1774 956 1836 est
971 1756 1159 1836 secundum
1176 1765 1324 1849 modum,

178 1896 223 1967 quo
243 1873 281 1943 in
306 1874 503 1965 Scripturis
525 1874 711 1945 exhibetur
726 1881 762 1944 et
785 1875 974 1945 secundum
989 1896 1144 1944 normam
1162 1872 1327 1944 catholici

178 1981 366 2051 ntcllectus.
394 1982 463 2051 Est
489 1981 581 2051 enim
613 1981 651 2051 in
682 1982 890 2074 Scriptura,
924 1983 961 2050 iu
996 1981 1189 2072 symbolis,
1224 2003 1327 2072 penes

178 2088 220 2159 la.
239 2090 361 2160 Patres
384 2091 622 2182 appropriatio
645 2090 733 2160 satis
756 2092 942 2184 frequens,
969 2096 1011 2159 ut
1026 2089 1106 2159 inde
1122 2089 1325 2158 fundamen-

178 2216 230 2265 um
251 2203 287 2266 et
302 2196 424 2266 modus
439 2196 688 2287 applicationis
705 2197 811 2268 facile
828 2197 984 2287 intelligi
1001 2202 1117 2288 queat.
1134 2195 1324 2288 Aliquibus

178 2303 501 2397 uanplishactenus
524 2303 620 2375 dicta
642 2297 877 2375 confirmanda
892 2311 975 2374 sunt
987 2310 1023 2373 et
1045 2303 1197 2394 amplius
1213 2301 1326 2372 decla-

178 2411 276 2481 anda.

222 2520 268 2588 Il.
291 2520 335 2589 In
359 2519 567 2612 Scripturis,
593 2522 654 2590 ubi
670 2522 757 2591 duae
773 2521 831 2591 vel
846 2542 961 2590 omnes
978 2526 1051 2590 tres
1067 2539 1233 2611 personae
1246 2540 1324 2587 con·

178 2635 391 2716 numerantur,
418 2631 618 2723 frequenter
641 2630 912 2721 distinguuntur
927 2629 1139 2721 praedicatis
1156 2625 1327 2696 absolutis

178 2754 225 2804 aon
244 2759 325 2807 sane
347 2736 450 2807 velut
471 2737 636 2829 propriis,
663 2760 740 2808 cum
769 2760 810 2806 aa
835 2737 921 2807 alibi
945 2737 1326 2806 demonstrenturcom·

178 2843 271 2912 nunia
291 2845 409 2914 tribus
442 2844 623 2936 personis,
649 2845 709 2915 sed
732 2845 777 2915 ad
801 2844 1054 2935 designandum
1089 2845 1326 2913 characterem

178 2953 366 3039 personalem
389 2952 543 3044 singulis
566 2953 756 3045 proprium.
784 2952 855 3022 Sic:
888 2951 1112 3022 «divisiones
1127 2953 1326 3042 pretiorum

178 3046 375 3152 itfllww)
404 3068 500 3148 sunt,
527 3063 611 3133 item
634 3068 751 3132 autem
776 3063 945 3153 Spiritus·
968 3066 1003 3131 at
1018 3060 1209 3130 divisiones
1222 3062 1324 3126 mini-

178 3154 358 3236 manum
384 3164 563 3255 (linaearum)
579 3176 674 3256 aunt,
688 3171 779 3240 idem
800 3176 915 3239 autem
934 3170 1114 3252 Dominum·
1130 3174 1165 3239 eh
1181 3167 1325 3239 divisio·

178 3294 220 3347 tta
237 3281 472 3370 operationum
497 3275 727 3370 (ἐνεργηματων)
749 3285 844 3364 sunt,
860 3279 950 3349 idem
961 3299 1045 3346 vero
1058 3278 1160 3360 Deus,
1175 3277 1236 3368 qui
1250 3299 1325 3366 ope·

178 3390 254 3455 aar
276 3382 306 3476 (ὸ
322 3381 458 3477 ἐνεργεῖν)
484 3387 598 3454 omnia
621 3386 657 3455 in
681 3385 839 3454 omnibus
859 3412 875 3446 n
902 3386 935 3454 1.
950 3385 1029 3455 Cor.
1041 3386 1125 3455 XII.
1140 3387 1174 3454 4.
1190 3408 1242 3476 sq.
1259 3384 1327 3455 Hic

178 3488 252 3562 vita
273 3493 592 3585 appropriationem
616 3493 808 3584 duplicem
835 3493 932 3593 prior
955 3500 1009 3563 est
1032 3493 1097 3561 illa
1119 3493 1324 3572 notissima,

178 3618 225 3688 qu
243 3602 280 3671 in
303 3602 608 3673 connumeratione
631 3602 736 3672 Pater
760 3601 891 3671 dicitur
908 3602 1011 3684 Deus,
1027 3601 1144 3670 Filius
1160 3602 1326 3669 Dominae

178 3706 250 3789 [vida
269 3733 377 3801 supra
401 3734 436 3801 p.
454 3710 548 3797 164).
574 3709 869 3801 Appropriatione
893 3709 1007 3778 altera
1029 3709 1130 3778 Patri
1152 3708 1325 3800 principio

178 3810 229 3887 linc
240 3818 416 3911 principio
433 3818 642 3892 tribuuntur
658 3821 873 3909 operationes
886 3818 1062 3888 virtutum
1076 3819 1113 3887 h.
1125 3840 1154 3888 a.
1174 3818 1323 3887 miracu·

178 3918 274 4014 loram
289 3926 385 3997 sicut
405 3927 494 3996 alibi
516 3926 553 3996 in
577 3927 746 4018 symbolis
761 3932 799 3996 et
814 3948 835 3994 a
852 3927 1017 3995 Patribus
1032 3928 1065 3997 ei
1077 3926 1325 4018 appropriatur

178 4035 410 4128 mipotantia;
435 4034 532 4104 Filio
556 4040 597 4104 ut
620 4034 804 4105 incarnato
828 4057 869 4104 ac
892 4035 1000 4125 capiti
1023 4041 1059 4104 et
1082 4035 1228 4105 Domino
1250 4037 1325 4105 Ec-

178 4140 273 4217 lasiac
294 4146 505 4215 tribuuntur
529 4144 699 4234 disposita
714 4143 913 4213 ministeria
930 4145 967 4212 in
983 4144 1154 4233 Ecclesia;
1170 4144 1324 4235 Spiritui

178 4250 276 4325 meto
297 4251 501 4346 procedenti
517 4274 579 4343 per
594 4273 743 4321 amorem
766 4252 973 4320 tribuuntur
996 4253 1209 4324 charismata
1226 4276 1323 4323 sanc·

178 4360 334 4449 hanua,
352 4381 442 4454 quae
457 4359 595 4452 quidem
619 4359 853 4429 sanctificatio
870 4359 976 4429 talem
993 4360 1098 4430 habet
1118 4360 1322 4430 relationem

178 4469 447 4561 t-cognationem
469 4465 515 4535 ad
536 4466 717 4558 proprium
740 4466 978 4538 characterem
1007 4468 1223 4559 personalem
1246 4466 1324 4559 Spi-
