3172 4950
879 356 919 373 -
939 325 1002 386 512
1021 355 1061 372 -·

388 436 580 507 Photianae
596 434 790 521 concedere3
815 454 925 524 neque
941 430 1030 500 enim
1047 431 1260 500 auctoritate
1275 426 1453 514 hominum,
1464 452 1516 522 quo

389 569 467 616 rum
489 543 547 613 vel
569 543 708 611 nomina
731 543 809 631 ipsa
837 541 895 609 vel
925 540 1050 608 saltem
1080 541 1213 630 scripta
1242 541 1358 608 totius
1383 539 1518 608 &clerieo

390 649 608 718 anathemate
631 648 801 715 infamata
824 652 926 729 sunt,
951 668 1062 737 neque
1073 668 1115 713 ex
1132 645 1275 715 silentio
1289 645 1459 721 Ecclesiae
1470 668 1520 714 eun

390 759 540 849 primum
562 755 649 823 talis
665 757 804 844 negatio
820 754 943 823 audita
958 760 1023 838 est,
1041 755 1280 824 infirmabitur
1294 775 1452 845 umquam
1464 777 1521 823 oon

391 864 507 933 munis
535 885 656 930 sensus
679 868 715 930 et
738 883 935 946 consensus,
950 862 1012 952 qui
1034 869 1109 930 tum
1124 860 1189 930 illo
1212 862 1290 951 ipso
1311 868 1458 951 temporo
1473 868 1524 929 tun

392 969 618 1037 antecedente
641 989 681 1036 ao
712 969 939 1058 subsequente
970 974 1084 1036 aetate
1114 990 1156 1035 ex
1187 966 1356 1036 universo
1385 967 1474 1035 modo
1493 966 1525 1033 lo

393 1075 520 1167 quendi
533 1080 570 1142 et
580 1072 783 1162 disputandi
799 1072 863 1140 SS.
877 1072 1021 1140 Petrum
1034 1073 1076 1141 de
1087 1072 1258 1142 relatione
1270 1073 1427 1164 Spiritus
1438 1072 1528 1142 sou

392 1181 436 1248 ad
459 1179 592 1247 Filium
618 1179 711 1246 sicut
733 1178 777 1247 ad
800 1177 940 1246 Patrem
963 1179 1248 1247 manifestissime
1270 1186 1422 1248 constat.
1447 1179 1530 1247 Siler·

392 1287 483 1354 tium
505 1283 683 1353 Ecclesiae
706 1284 744 1350 in
766 1283 955 1373 hypothesi
979 1304 1048 1376 qua
1069 1284 1265 1376 loquimur,
1292 1285 1339 1353 ad
1360 1283 1425 1354 hoo
1452 1306 1531 1353 uum
1573 1366 1576 1401 1

391 1397 645 1475 revocaretur,
670 1391 761 1480 quod
783 1389 865 1458 dum
888 1397 963 1458 tota
985 1391 1136 1459 attentio
1159 1397 1195 1459 st
1216 1392 1396 1459 contentio
1417 1392 1533 1458 Patruu
1573 1416 1576 1473 ς

392 1509 428 1570 et
439 1498 672 1567 conciliorum
686 1498 788 1565 unice
805 1497 1025 1586 dirigebatur
1040 1496 1085 1565 ad
1100 1497 1382 1586 proscribendum
1393 1496 1534 1566 haeresin
1574 1538 1576 1581 :

391 1614 577 1695 negantem
599 1605 708 1673 Verbi
731 1605 1006 1673 incarnationem
1028 1611 1064 1673 et
1095 1604 1267 1673 unitatem
1297 1604 1535 1695 hypostaticam

392 1713 459 1782 Dei
481 1710 632 1779 hominis
647 1760 655 1794 ,
682 1711 794 1779 obiter
816 1711 968 1779 iniectus
983 1732 1079 1779 error
1094 1711 1132 1778 in
1147 1711 1217 1778 elio
1233 1711 1374 1779 omnino
1389 1712 1533 1800 dogmate,

377 1819 435 1887 'de
460 1842 526 1909 quo
549 1818 649 1886 nulla
664 1818 779 1886 adhue
796 1818 918 1886 audita
934 1818 1053 1886 iuerat
1068 1816 1308 1887 controversia
1324 1825 1361 1887 et
1376 1816 1536 1886 ideonulla

394 1925 557 2014 specialis
579 1925 746 1992 institute
769 1924 978 2016 inquisitio,
1002 1930 1088 1993 tunc
1110 1945 1132 1992 a
1154 1925 1322 1993 Patribus
1337 1926 1537 1994 manumissus

394 2038 486 2100 essct
509 2032 584 2100 sine
607 2031 741 2100 directa
771 2033 1027 2122 oppugnatione
1056 2037 1092 2102 et
1121 2032 1290 2122 explicita
1319 2032 1533 2116 damnatione,

393 2160 437 2207 us
460 2139 612 2206 attentio
634 2139 678 2205 ab
701 2139 833 2207 obiecto
863 2139 1037 2228 principe,
1071 2139 1162 2230 quod
1191 2139 1392 2209 adversarii
1419 2141 1536 2208 maxine

397 2243 615 2328 voluissent,
646 2244 690 2311 ad
718 2244 815 2313 aliud
845 2244 1091 2313 diverteretur.
1116 2245 1194 2315 Nou
1224 2245 1343 2334 igitur
1372 2246 1535 2316 necessitas

395 2352 515 2443 alique
537 2350 582 2419 ad
605 2351 837 2420 defensionem
867 2351 1058 2420 catholicas
1080 2350 1259 2420 doctrinae
1281 2375 1345 2422 seu
1367 2354 1457 2422 ratio
1474 2352 1536 2439 dog

394 2458 533 2541 metica,
552 2457 612 2526 sed
635 2459 786 2526 eruenda
809 2459 942 2528 veritas
965 2459 1002 2527 iu
1024 2459 1173 2527 historia
1195 2459 1399 2549 dogmatum
1421 2483 1475 2529 seu
1491 2480 1536 2549 po

393 2566 468 2636 tius
484 2564 669 2633 haereseon
685 2589 747 2633 nos
761 2564 898 2634 inducit
913 2566 956 2634 ad
968 2566 1232 2635 examinandum
1248 2590 1401 2652 sensum,
1411 2589 1473 2659 quo
1483 2572 1537 2633 nc

393 2670 450 2739 illi
474 2693 536 2738 seu
558 2670 675 2759 potius
698 2671 766 2738 duo
790 2671 977 2760 scriptores
1000 2671 1132 2741 saeculi
1146 2673 1192 2740 V.
1209 2674 1431 2762 negaverint,
1450 2669 1536 2762 Spiri-

394 2784 470 2847 tum
494 2777 661 2846 Sanctum
684 2778 867 2867 procedere
889 2801 931 2846 ex
954 2778 1046 2846 Filio
1069 2801 1131 2847 seu
1153 2801 1214 2868 per
1235 2779 1265 2847 F
1267 2780 1385 2849 ilium.

462 2882 635 2950 Theodori
658 2889 694 2951 et
722 2883 879 2951 Nestorii
909 2884 960 2971 (1)
984 2884 1093 2952 fuisse
1122 2881 1212 2952 hanc
1243 2886 1468 2972 sententiam,
1486 2905 1538 2951 nou

394 2990 537 3059 aliunde
560 2990 699 3059 eruitur
721 3011 824 3082 quam
846 3014 888 3061 ex
912 2992 1094 3081 symbolo,
1121 2992 1212 3082 quod
1243 3013 1265 3058 a
1287 2993 1448 3062 Charisio
1467 3013 1538 3083 pres·

393 3096 518 3186 hytero
548 3095 703 3165 delatum
733 3096 777 3164 ad
808 3095 999 3166 Concilium
1028 3097 1242 3187 Ephesinum
1263 3099 1399 3168 abhoc
1428 3100 1539 3191 ipsoet

448 3323 491 3397 (1)
509 3327 628 3390 Quendo
651 3329 780 3394 cyrillus
804 3328 839 3381 ad
859 3327 1107 3384 demonstrandam
1120 3331 1261 3383 unitatem
1280 3325 1539 3398 hypostaseosilhrl

394 3414 435 3467 ati
455 3415 508 3467 Dei
520 3416 643 3468 hominis
656 3417 789 3471 Nestoris
808 3422 940 3486 opposuit
953 3421 1221 3474 anathematismum
1238 3422 1302 3487 IX.¹
1316 3420 1392 3488 quod
1406 3442 1419 3467 ι
1433 3433 1496 3472 unas
1506 3419 1540 3468 etl

393 3502 530 3555 Dominus
549 3503 653 3557 Noster
665 3506 745 3558 Iesus
759 3507 926 3560 Christus...
939 3511 969 3559 et
987 3510 1120 3575 proprius
1134 3510 1195 3561 eius
1215 3508 1345 3576 Spiritus
1365 3510 1488 3571 Sanetus,
1500 3517 1538 3571 pet

394 3607 476 3659 quem
500 3595 583 3659 signa
603 3600 736 3661 operatua
759 3601 824 3662 est,
842 3618 853 3644 n
874 3598 1023 3650 Nestorius
1047 3613 1104 3650 nou
1123 3598 1247 3662 negabat
1268 3598 1411 3666 Spiritum
1430 3600 1538 3652 Sanetus

394 3683 539 3748 proprium
564 3683 616 3734 Dei
639 3683 744 3748 Verbi,
772 3683 821 3736 aed
839 3700 889 3750 pro
913 3700 964 3737 sus
985 3685 1097 3737 haeresi
1119 3685 1267 3739 dividente
1287 3686 1433 3740 Christum
1445 3689 1473 3739 in
1483 3685 1538 3737 duat

393 3784 549 3836 personas,
575 3773 662 3824 Deum
686 3776 716 3823 et
735 3772 875 3825 hominem
892 3789 1036 3838 seorsum,
1060 3777 1179 3839 negavit
1191 3775 1331 3842 Spiritum
1353 3776 1479 3830 Sanctum
1491 3788 1539 3840 pro

394 3858 487 3923 prium
507 3860 572 3910 Iesu
595 3860 719 3911 hominis
741 3875 792 3926 per
811 3876 840 3913 se
862 3863 1069 3915 subsistentis:
1094 3879 1170 3930 uper
1188 3863 1317 3930 Spiritus
1340 3865 1439 3918 Sancti
1455 3863 1539 3917 nodia·

394 3946 518 4011 tionem,
541 3948 655 4015 iuquit,
677 3950 780 4002 habuit
802 3967 881 4016 eam,
901 3966 972 4016 quae
996 3958 1041 4003 est
1061 3951 1097 4004 ad
1119 3954 1206 4005 Deum
1226 3954 1349 4007 Verbum
1369 3956 1405 4007 ab
1423 3956 1539 4021 ipsacon·

392 4035 521 4100 ceptione
544 4039 770 4091 coninuetionem
793 4039 896 4111 (torma
915 4041 993 4091 servi
1016 4055 1067 4107 per
1087 4056 1116 4093 se
1138 4042 1312 4107 subsistens,
1335 4043 1396 4095 vid.
1416 4039 1539 4096 iraotdt

393 4123 538 4177 Iuearnat.
551 4126 706 4197 tb.XX1.),
729 4144 779 4194 per
798 4145 881 4196 quam
901 4125 1126 4202 (mediationem)
1148 4131 1312 4182 curationes
1331 4134 1457 4184 exercuit
1473 4136 1499 4182 et
1512 4140 1538 4178 ex

394 4228 450 4279 qua
466 4215 652 4278 fugandorum
672 4218 826 4282 spirituum
847 4221 998 4271 eveniebat
1017 4235 1079 4270 esse
1101 4225 1282 4285 potestatem.
1300 4241 1312 4266 ι
1328 4221 1388 4274 Hoc
1406 4230 1450 4273 est
1465 4228 1538 4270 toton

394 4301 466 4366 quod
486 4306 516 4355 in
536 4319 586 4355 suo
605 4306 842 4359 anathematismo
861 4308 912 4358 IX.
932 4309 1093 4359 haereticus
1112 4309 1248 4375 opposuit
1270 4309 1321 4362 illi
1340 4309 1482 4364 docuisse
1497 4307 1539 4371 lly-

392 4389 456 4441 eiiii
474 4390 572 4463 (hierii
592 4393 758 4446 hiematuris
772 4396 844 4463 Opp.
856 4397 887 4449 Τ.
899 4397 939 4449 11.
952 4413 980 4464 p.
997 4394 1072 4468 121).
