3172 4950
528 605 734 719 mom
770 596 1066 718 luusmlr

677 1101 858 1185 SEOTIO
885 1104 918 1184 Ι.

318 1290 543 1352 REVELA'PA
567 1291 775 1354 DOCTRINA
798 1294 849 1353 DE
874 1294 1058 1355 UNITATE
1079 1295 1277 1358 NATURAE

250 1400 304 1460 ET
329 1400 455 1460 REALI
479 1399 766 1462 DISTlNG'PIONE
791 1401 1076 1463 PERSONARUM
1096 1400 1343 1464 DIVINARUM.

210 1578 277 1645 Tu.
302 1576 332 1644 Ι.
447 1575 635 1647 Numerios
659 1576 779 1645 unitas
805 1576 950 1647 deitatis
980 1575 1018 1645 in
1041 1576 1209 1648 universa

514 1684 730 1754 revelatione
762 1685 856 1754 siout
882 1686 1013 1756 veteris
1043 1687 1095 1754 ita
1124 1687 1209 1754 novi

511 1786 734 1861 'Testamenti
765 1793 909 1863 docetur
959 1843 1207 1864 .....
1229 1819 1318 1886 pop.
1365 1795 1387 1862 8

210 1899 276 1969 Tu.
302 1899 353 1967 ΙΙ.
446 1884 653 1990 Complexus
673 1900 853 1970 doctrinae
876 1901 914 1969 in
930 1900 1127 1992 Scripturis
1149 1923 1208 1969 no·
1245 1963 1246 1966 ,

516 2008 555 2076 vi
572 2008 786 2077 Testamenti
802 2008 843 2077 de
857 2009 998 2078 unitate
1010 2015 1158 2079 naturae
1175 2015 1210 2078 et

518 2113 745 2183 distinctione
768 2137 1028 2204 personarum.
1081 2167 1089 2184 .
1139 2167 1147 2185 .
1198 2166 1207 2184 .
1257 2144 1273 2179 n
1345 2115 1389 2185 10

208 2218 273 2287 Tu.
298 2218 367 2287 111.
444 2218 635 2288 Distinctio
658 2242 885 2310 personarum
908 2228 946 2290 et
968 2223 1088 2291 unitas
1106 2228 1208 2290 natu·

511 2346 572 2394 rae
588 2348 630 2394 ex
644 2325 855 2415 specialibus
871 2326 1083 2396 testimoniis
1098 2328 1145 2398 N.
1163 2328 1205 2396 T.

514 2433 774 2501 demonstretur
777 2482 1204 2505 ........
1255 2462 1272 2498 n
1342 2435 1387 2503 16

209 2540 275 2608 Tu.
300 2538 365 2608 IV.
447 2539 501 2607 Ex
521 2539 705 2630 principiis
727 2539 936 2631 theologicis
958 2547 1079 2611 textus
1103 2543 1135 2612 1.
1153 2541 1205 2610 io.

513 2646 558 2715 V.
576 2648 610 2716 7.
628 2648 802 2736 genuinus
825 2648 1087 2718 demonstratur
1136 2700 1144 2719 .
1194 2700 1202 2718 .
1254 2676 1270 2712 n
1341 2650 1385 2717 38

210 2754 274 2823 ΤΗ.
300 2755 345 2824 V.
443 2754 704 2823 Demonstratio
727 2752 790 2824 SS.
818 2755 1008 2825 Trinitatis
1031 2778 1073 2827 ex
1098 2755 1204 2824 1.10.

514 2861 597 2930 V.7
601 2912 1205 2932 ...........
1255 2890 1271 2925 n
1341 2864 1385 2931 75

208 2968 273 3036 Tu.
298 2967 363 3038 VI.
444 2968 615 3037 Doctrina
630 2968 762 3039 veteris
775 2969 989 3040 Testamenti
1005 2971 1046 3040 de
1062 2969 1206 3040 distino-

508 3077 557 3145 tis
580 3077 737 3167 personis
760 3077 893 3146 divinis
950 3129 959 3146 .
1011 3129 1018 3146 .
1062 3090 1078 3146 ·.
1131 3127 1139 3145 .
1190 3127 1199 3145 .
1251 3103 1267 3140 n
1339 3077 1382 3145 91

208 3182 272 3250 Ta.
299 3183 382 3252 VII.
445 3183 636 3253 Distinctio
651 3205 875 3274 personarum
892 3184 1094 3254 divinarum
1109 3182 1206 3253 exhi·

513 3292 588 3358 bita
610 3292 648 3359 in
671 3292 784 3362 veteri
808 3292 1029 3362 Testamento
1052 3293 1205 3383 descrip-

511 3399 666 3468 tionibus
689 3400 890 3491 Sapientiae
913 3402 1080 3491 genitae.
1132 3452 1140 3470 .
1192 3451 1199 3468 .
1252 3427 1267 3460 n
1318 3400 1384 3467 104

207 3506 273 3574 Tu.
299 3506 403 3576 Vm.
444 3505 642 3575 Communis
665 3506 751 3577 fides
774 3509 970 3579 christiana
993 3510 1131 3578 saeculo
1153 3507 1207 3577 IV

514 3613 656 3682 ineunte
668 3613 706 3682 in
718 3613 906 3684 distinctas
920 3635 1085 3706 personas
1100 3613 1206 3681 nnius

510 3720 652 3789 divinae
685 3728 834 3790 naturae
868 3722 1129 3791 demonstratur
1162 3740 1205 3788 ex

512 3827 662 3897 historia
695 3828 852 3898 haeresis
873 3828 1028 3898 Arianae
1061 3828 1204 3919 eiusque

512 3935 794 4008 condemnatione
811 3935 848 4004 in
864 3935 1019 4006 Concilio
1035 3935 1201 4005 Nicaeno.
1252 3961 1268 3997 n
1317 3932 1381 4002 111

207 4040 271 4107 ΤΗ.
297 4039 362 4108 IX.
441 4040 569 4110 Unites
591 4048 739 4112 naturae
766 4043 806 4112 in
834 4042 1015 4112 distinctis
1045 4040 1204 4132 personis

510 4154 583 4217 tam
606 4169 628 4215 a
646 4148 801 4218 Concilio
815 4150 969 4220 Nicaeno
985 4171 1087 4241 quam
1102 4170 1125 4216 e
1138 4150 1203 4217 Pa-

509 4257 625 4324 tribus
643 4257 933 4349 subsequentibus
955 4257 1136 4327 intellecta
1150 4262 1205 4326 est

511 4363 631 4432 unitas
653 4363 918 4454 singularitatis
955 4411 1201 4433 .....
1250 4389 1268 4426 n
1316 4361 1381 4430 119
