3172 4950
550 363 588 376 -
611 331 650 391 33
671 363 709 376 -

68 440 130 509 tetis
150 438 215 509 Dei
238 438 349 507 mei...
367 442 404 506 et
418 460 541 507 nomen
557 459 666 506 meum
684 459 840 506 novumn
861 439 912 525 (1)
930 438 1134 525 (seeundum
1151 440 1216 509 hu·

66 546 243 616 manitatem
262 546 428 614 donatum
443 545 501 614 illi
514 568 650 629 nomen,
670 545 759 636 quod
775 550 949 636 estsuper
972 569 1070 614 omne
1093 570 1217 619 nomen

64 654 136 722 Phil.
150 654 198 722 11.
214 653 267 740 9.)
283 652 393 743 Apoo.
411 653 480 721 ΙΠ.
500 652 555 720 12.
570 652 709 720 Pariter
740 654 999 723 connumeratio
1029 654 1067 721 iu
1098 656 1216 724 eodem

64 763 161 831 ordina
182 761 253 830 et
242 785 281 829 ιιι
303 761 422 831 eadem
445 760 621 848 dignitate
644 760 862 850 intelligitur
885 783 1060 852 expressa,
1080 764 1215 854 quando

57 870 160 959 plures
181 889 350 959 personae
371 874 586 953 numeratae,
611 889 759 959 quarum
783 889 853 936 una
876 874 971 939 oerto
995 869 1118 939 divina
1140 877 1213 956 est,

64 977 171 1046 diserte
192 975 363 1045 dicuntur
385 1000 488 1042 ιιιιιιιιι
506 975 724 1065 simpliciter,
751 976 808 1046 vel
833 954 1085 1046 subsumuntur
1110 980 1215 1047 verbo

64 1086 90 1153 in
104 1106 244 1153 numero
267 1082 414 1174 plurali.
449 1106 544 1172 sego
567 1087 603 1151 et
624 1083 730 1153 Pater
754 1107 861 1153 unum
885 1107 1046 1172 sumus3n
1068 1086 1213 1172 «Pater,

63 1194 193 1262 Verbum
210 1198 248 1261 et
260 1190 418 1282 Spiritus
434 1190 597 1276 Sanetus,
616 1196 652 1260 et
667 1192 704 1260 hi
721 1197 793 1261 tres
817 1216 925 1261 unum
948 1198 1044 1280 snnt;
1061 1222 1077 1256 n
1096 1194 1216 1262 «solus

64 1323 112 1369 ron
133 1323 233 1384 sum,
260 1299 320 1368 sed
343 1322 407 1388 ego
429 1304 466 1368 et
489 1300 550 1391 qui
574 1298 672 1368 misit
693 1322 746 1368 me
768 1301 916 1370 Pater...
936 1301 1083 1369 duorum
1099 1301 1216 1370 homi-

63 1426 125 1475 num
147 1406 384 1475 testimonium
403 1429 525 1475 verum
549 1412 619 1476 est:
641 1429 705 1495 ego
722 1428 797 1475 sum
813 1407 874 1499 qui
888 1407 1125 1476 testimonium
1141 1432 1216 1497 per·

64 1513 144 1583 hibeo
166 1514 209 1583 de
232 1512 395 1604 meipso,
420 1519 457 1582 et
479 1511 716 1583 testimonium
739 1512 900 1603 perhibet
923 1513 965 1582 de
988 1536 1053 1600 me,
1076 1514 1137 1605 qui
1154 1515 1216 1582 mi-

64 1621 98 1691 sit
109 1645 158 1691 me
174 1623 283 1691 Pater
296 1648 313 1684 ιι
328 1621 379 1690 Io.
395 1620 496 1690 VIII.
512 1621 627 1709 1-6-1a;
652 1621 713 1688 usi
729 1621 808 1712 quis
824 1621 946 1710 diligit
958 1644 1052 1691 me...
1067 1627 1104 1691 et
1112 1622 1217 1692 Pater

64 1754 139 1800 neus
160 1730 286 1819 diligit
307 1752 396 1815 eum,
422 1734 457 1798 et
479 1730 523 1798 ad
548 1752 625 1797 eum
648 1732 816 1796 veniemus
839 1735 875 1797 et
890 1730 1101 1798 mansionem
1124 1731 1217 1821 apud

64 1860 122 1907 eum
138 1839 343 1927 sociemus»
361 1837 409 1904 ib.
429 1837 528 1906 XIV.
545 1837 601 1923 235
622 1838 752 1906 «Pater
777 1842 896 1906 saneto
919 1859 1021 1908 serva
1037 1860 1105 1923 eos,
1132 1861 1217 1930 quos

64 1944 173 2015 dedisti
196 1944 297 2030 mihi,
316 1950 357 2014 ut
369 1945 443 2014 sint
465 1967 571 2014 unum
596 1945 704 2033 (inter
720 1950 771 2031 se)
784 1945 877 2014 siout
895 1960 927 2012 et
943 1970 1017 2028 nou·
1031 1973 1048 2008 ιι
1069 1951 1137 2014 atu
1153 1946 1216 2013 Pa-

64 2060 104 2123 ter
123 2056 159 2124 in
181 2076 236 2122 me
263 2058 300 2121 et
329 2075 393 2142 ego
417 2053 455 2121 in
479 2059 537 2138 te,
564 2058 605 2122 ut
627 2058 663 2122 et
690 2053 760 2143 ipsi
783 2055 821 2119 in
845 2053 942 2119 nodie
973 2076 1081 2123 unum
1111 2053 1213 2122 sinte

64 2160 444 2232 erraneum.
936 2136 945 2155 “

114 2270 243 2338 Contra
259 2291 342 2338 vero
359 2268 391 2337 si
406 2268 448 2336 de
464 2267 635 2337 efficentia
656 2266 723 2335 Dei
740 2288 851 2336 sermo
867 2273 921 2336 est
937 2273 973 2337 et
988 2268 1030 2337 de
1046 2268 1217 2337 relatione

63 2377 194 2446 rationis
209 2376 256 2445 ed
278 2375 465 2446 terminum
482 2374 730 2460 extrinsecum
749 2374 843 2443 nihil
858 2375 1015 2465 impedit,
1035 2375 1218 2467 quominus

62 2507 122 2554 orm
135 2488 209 2555 Deo
225 2506 332 2556 eausa
346 2485 459 2575 prima
480 2482 686 2551 nominetur
695 2504 800 2552 eausa
813 2483 963 2554 seeundo
974 2483 1218 2553 ministerialis

62 2594 104 2662 vel
118 2591 410 2677 instrumentalis,
423 2591 617 2661 cuiusmodi
630 2591 906 2660 coniunctionem
915 2590 1131 2683 appellamus
1142 2591 1218 2658 eab-

61 2704 321 2772 remotionem.
346 2700 430 2771 Erit
452 2723 534 2785 vero
558 2701 643 2772 haee
667 2701 809 2770 evidens
834 2700 957 2770 velex
981 2700 1059 2790 ipsa
1082 2699 1134 2769 rei
1158 2721 1217 2767 na·

59 2814 136 2899 tura,
160 2811 369 2903 praesertim
392 2811 423 2880 si
445 2810 710 2880 adnumeratum
741 2833 811 2878 non
834 2810 883 2879 sit
906 2831 1053 2900 persona
1080 2807 1139 2877 sed
1162 2812 1219 2878 re's

58 2922 173 3014 aliqua:
196 2922 298 2990 anisi
320 2920 399 3012 quis
421 2925 565 2990 renatus
593 2919 704 2989 fuerit
726 2943 767 2989 ex
792 2941 883 3012 aqua
905 2925 941 2989 et
957 2919 1095 3011 Spiritu
1111 2918 1217 2989 Sano-

59 3035 111 3098 ton
127 3029 311 3117 10.111.5;
335 3028 393 3098 vel
404 3029 436 3098 si
447 3028 554 3097 etiam
570 3025 713 3097 disertis
727 3028 845 3097 verbis
861 3028 953 3096 ratio
969 3025 1217 3097 ministerialis

60 3139 261 3228 exprimatur
285 3159 316 3205 e.
329 3158 381 3226 g.:
400 3163 417 3200 ιι
432 3135 656 3205 erediderunt
666 3134 813 3203 Domino
828 3139 865 3203 et
878 3133 995 3223 Moysi
1007 3159 1098 3200 servo
1117 3137 1215 3202 einen

60 3243 156 3316 Ixod.
167 3244 268 3316 XIV.
283 3242 647 3313 31.ffin01.10.v.a
662 3229 765 3311 utres
788 3247 873 3312 sunt
896 3243 957 3335 qui
979 3242 1219 3311 testimonium

61 3354 131 3425 dant
142 3356 180 3424 in
195 3360 305 3439 terra,
329 3352 490 3444 spiritus,
509 3372 611 3444 aqua,
630 3356 666 3420 et
682 3352 839 3440 sanguis,
856 3378 872 3414 n
888 3373 966 3420 oum
982 3371 1073 3442 aqua
1089 3356 1125 3419 et
1141 3372 1218 3418 san·

63 3463 128 3585 guis
146 3486 216 3532 non
236 3462 312 3532 sint
332 3480 498 3552 personae
521 3459 582 3528 sed
605 3481 661 3528 res
684 3458 823 3551 aliquae
847 3465 995 3542 orestae,
1021 3462 1138 3547 posset
1160 3480 1218 3524 no·

63 3570 137 3641 uine
158 3570 316 3662 Spiritus
337 3567 494 3668 intelligi
510 3567 666 3658 Spiritus
682 3567 892 3652 Sanetus,
864 3591 895 3636 s1
912 3567 950 3634 in
966 3565 1118 3634 ultimo
1108 3565 1218 3634 moise

65 3681 108 3762 (ut
120 3698 244 3768 graeoa
254 3677 361 3745 habet
372 3664 494 3764 editio)
510 3675 687 3745 indicatus
699 3675 747 3744 sit
760 3673 930 3744 terminus
942 3672 1147 3742 testimonii·
1161 3672 1219 3740 ehi

65 3786 151 3853 tres
141 3808 177 3854 ιιι
198 3807 308 3855 unum
330 3782 388 3855 val
411 3783 456 3852 ad
479 3806 587 3853 uuum
609 3787 702 3851 sunt
717 3782 839 3850 »Tum
863 3803 945 3853 vero
976 3785 1069 3850 esset
1091 3780 1218 3850 subnu-

121 4000 160 4076 (1)
177 4008 214 4059 Το
227 4005 314 4075 ὄνομα
326 4022 372 4056 του
385 4000 448 4056 Scor
461 4022 521 4074 μου,
535 4022 578 4054 ιιαι
593 4020 621 4052 το
636 4001 720 4071 erepta
734 4020 780 4060 της
794 4003 910 4060 nolent.
924 4036 946 4049 ..
963 4019 1005 4050 ιιαι
1022 4017 1049 4050 ro
1063 3997 1149 4067 ὀιομιι
1167 4017 1218 4069 μου

70 4110 91 4141 ιι
100 4112 183 4146 zares.
192 4095 247 4148 Est
265 4093 313 4147 hio
332 4090 413 4146 aliud
427 4095 457 4147 et
470 4091 550 4146 aliud
569 4106 683 4156 nomem
699 4090 852 4144 collatione
865 4089 965 4155 itaque
978 4087 1120 4141 institute
1132 4087 1218 4140 huius

70 4179 112 4233 loel
125 4198 180 4237 eum
199 4182 292 4239 forma
310 4181 550 4250 baptismium
564 4199 709 4251 orepavor
722 4200 777 4232 πατ
779 4198 821 4248 ρος
834 4198 877 4231 ιιαι
892 4175 1066 4230 τουιὶιιυιιαι
1081 4174 1218 4245 τιυιὶγιου

71 4286 168 4340 nuspa
169 4292 203 4335 ις,
215 4273 248 4326 lu
267 4272 321 4325 hae
339 4269 430 4325 torma
449 4269 538 4323 trium
557 4268 769 4322 connumeratio
789 4268 842 4321 sub
863 4266 1051 4321 oneratione
1072 4281 1104 4320 ao
1123 4279 1153 4317 re
1173 4278 1220 4317 no

72 4356 330 4432 munemundus
349 4361 446 4414 unius
464 4360 537 4414 rilii
556 4363 586 4414 et
604 4358 731 4428 SpIritus
751 4357 879 4412 Sancti
869 4373 901 4410 ιιι
921 4372 952 4410 re
971 4355 1096 4410 nominis
1116 4368 1166 4408 seu
1185 4352 1217 4405 ln

73 4445 189 4508 aaron
207 4452 299 4520 nugis
318 4450 512 4508 confirmatur.

491 4572 496 4579 .
1054 4575 1058 4580 ,
1098 4568 1112 4604 0
