3172 4950
548 364 587 379 ..
609 334 649 393 49
670 365 707 379 .-

43 441 300 534 impugnabant
320 438 566 510 auctoritatem
590 436 758 509 librorum
782 437 1168 509 deuterocanonioornm
1184 444 1221 508 et
1272 528 1276 535 Ι

46 555 163 652 partes
180 548 353 641 quasdam
376 546 557 630 librorum,
576 544 629 614 ita
652 545 715 613 sub
738 543 827 613 idem
851 550 986 635 tempus
1009 544 1114 635 paulo
1138 550 1219 614 ante

48 656 237 727 Concilium
259 676 329 723 non
352 652 429 723 sine
452 649 639 723 offensione
662 650 919 721 Catholicorum
935 651 1140 721 reiiciebant
1155 651 1220 721 hoc

52 765 160 857 ipsum
190 782 321 834 comma
355 762 409 828 7·-
431 759 474 831 ds
507 759 699 829 testibus
688 782 726 827 ιιι
758 759 862 828 coelo.
896 757 1076 828 Lutherus
1108 759 1218 850 publi·

56 893 94 943 ca
113 872 149 941 in
179 868 416 961 disputatione
439 890 529 937 anno
566 866 654 935 1522
693 867 918 957 impugnavit
948 867 1217 957 genuinitetom,

58 978 145 1049 etin
166 999 229 1047 sna
250 976 411 1046 versione
434 974 634 1066 germanica
656 974 851 1044 Bibliorum
881 974 996 1045 locum
1019 973 1219 1045 eliminavit

61 1085 243 1175 (Michaelis
257 1084 455 1155 Introduct
478 1082 572 1153 inN.
593 1083 635 1151 Τ.
655 1083 680 1153 l.
701 1106 730 1152 o
746 1088 831 1153 sect
854 1084 914 1170 7);
944 1082 1219 1175 «Bugenhagen

64 1192 183 1283 collega
196 1189 347 1261 Lutheri
363 1210 490 1280 magna
514 1188 743 1259 obtestatione
761 1211 877 1258 omnes
893 1188 1076 1275 deterruit,
1091 1212 1134 1261 ne
1147 1190 1217 1259 dio·

64 1306 128 1369 tum
147 1298 289 1399 posthac
305 1294 542 1368 insererent»
526 1296 728 1386 n.(Bengel
754 1296 925 1418 Apparet.
943 1296 1056 1366 critic.
1074 1295 1167 1365 inh.
1189 1296 1215 1364 l.

66 1414 90 1492 fi
101 1407 143 1491 9)
165 1428 226 1476 nec
247 1403 319 1474 uisi
343 1408 587 1494 postmortem
610 1401 760 1472 Lutheri
783 1402 932 1492 primum
955 1424 1046 1471 anno
1070 1386 1218 1472 1'574111

66 1513 166 1583 Biblia
185 1512 468 1582 Lutheranorum
489 1509 679 1581 admissum
701 1515 767 1578 est
781 1508 1014 1579 Erasmusin
1037 1507 1111 1577 suis
1135 1510 1217 1578 dua·

68 1622 121 1691 bus
138 1619 257 1712 primis
280 1616 493 1688 editionibus
515 1617 599 1685 novi
623 1615 841 1685 Testamenti
872 1616 986 1686 locum
1018 1614 1157 1701 omisit,
1183 1620 1219 1686 et

68 1728 99 1797 in
116 1727 213 1797 tertia
235 1726 372 1795 demum
394 1744 485 1791 anno
508 1722 596 1791 1522
620 1727 796 1813 permotus
828 1722 1069 1813 indignatione
1092 1722 1217 1792 Catho-

68 1835 192 1905 licorum
213 1856 291 1903 eum
315 1854 358 1902 ex
381 1830 455 1902 ood.
484 1831 680 1901 britannico
714 1831 880 1922 suscepit.
909 1832 1113 1923 «Repertus
1135 1838 1216 1918 est,
1300 1888 1303 1893 .
1413 1872 1423 1887 ·

68 1944 112 2013 ait
127 1941 323 2013 Erasmus
311 1965 349 2010 m
372 1939 657 2010 adnotationibus
675 1939 927 2030 posterioribus
943 1940 1040 2010 adh.
1055 1941 1096 2026 l.,
1122 1942 1216 2033 apud

70 2051 183 2143 dnglos
204 2072 353 2143 graecus
376 2030 449 2119 cod.
465 2070 568 2131 unns,
594 2046 632 2115 in
655 2070 723 2139 quo
745 2046 928 2118 habetur
917 2070 959 2114 οτι
983 2072 1058 2140 apag
1077 2055 1143 2120 eto.
1162 2050 1218 2119 Ex

69 2158 121 2230 boo
139 2160 247 2250 igitur
281 2157 396 2228 codice
419 2156 615 2225 britannico
646 2156 889 2247 reposuimus,
915 2157 1045 2250 quod
1031 2183 1068 2223 an
1091 2161 1219 2226 nostris

71 2265 224 2335 dicebatur
255 2265 386 2350 demae,
414 2288 456 2333 ne
482 2267 538 2333 cui
561 2267 608 2332 ιίι
636 2289 722 2332 ansa
747 2266 1015 2363 calumpniandi»
1042 2266 1137 2354 (vid.
1153 2267 1216 2337 Mi-

71 2375 179 2445 chaelis
194 2376 220 2445 l.
238 2398 269 2446 o.
287 2378 372 2445 sect.
392 2374 440 2460 6).
453 2371 639 2445 Caietcnus
663 2374 700 2443 in
717 2372 791 2443 suis
808 2373 1064 2445 commentariis
1080 2373 1118 2444 in
1135 2374 1171 2444 h.
1190 2374 1215 2445 l.

69 2482 153 2551 etism
175 2483 248 2575 ipse
271 2480 516 2551 insinuaverat
539 2481 682 2550 dubium
705 2480 747 2552 de
770 2481 1002 2573 genuinitate.

125 2589 337 2660 Resnmendo
360 2587 476 2679 igitur
499 2588 658 2679 proprias
673 2587 827 2658 rationes
844 2587 951 2657 huius
967 2588 1036 2660 loci
1053 2611 1139 2682 quas
1162 2614 1218 2660 ex-

70 2697 233 2788 posuimus,
260 2695 416 2767 dubitari
438 2696 572 2789 nequit,
591 2695 676 2789 quin
692 2696 829 2767 decreto
846 2704 992 2790 utroque
1008 2698 1217 2768 oecumenici

68 2801 193 2891 concilii
217 2806 259 2874 de
276 2802 437 2895 partibus
453 2801 629 2872 canonicis
645 2802 814 2873 librorum
825 2810 862 2874 et
876 2805 918 2873 de
935 2803 1119 2875 authentia
1131 2803 1217 2873 Vul-

68 2918 152 3000 gatae
173 2910 483 3004 comprehendatur
505 2916 640 2997 textus,
665 2911 727 3004 qui
750 2912 941 2982 certissime
957 2935 1039 3004 pars
1060 2919 1114 2982 est
1133 2911 1217 2983 libri

71 3021 218 3105 canonici,
248 3049 264 3085 ι
273 3023 380 3111 prout
401 3018 440 3088 iu
454 3018 613 3090 Ecclesia
624 3052 627 3059 ·
637 3019 809 3089 catholica
825 3020 897 3112 legi
910 3020 1104 3106 consuevit,
1121 3026 1157 3091 et
1179 3021 1216 3090 in

69 3130 161 3198 veteri
182 3128 333 3219 vulgata
354 3126 468 3197 latina
490 3125 641 3196 editione
665 3126 814 3197 habetur
831 3152 863 3217 n;
890 3129 949 3221 qni
972 3128 1139 3198 eminenti
1162 3149 1217 3197 ra·

68 3232 144 3305 tione
164 3236 317 3328 pertinet
339 3235 383 3303 ad
406 3240 524 3325 partes
547 3256 608 3325 per
632 3256 668 3303 se
692 3234 918 3324 dogmaticas,
939 3256 1026 3328 quas
1041 3235 1217 3305 decretum

69 3362 118 3431 pro
136 3368 194 3415 suc
216 3366 318 3435 scopo
341 3340 568 3434 peculiariter
592 3343 796 3433 spectabat;
821 3344 882 3435 qui
906 3343 1014 3412 simili
1030 3343 1214 3413 feremodo

69 3468 101 3517 oo
118 3448 194 3520 libri
214 3446 518 3520 deuterooanonici
540 3448 610 3517 iam
638 3454 714 3517 tum
737 3472 806 3517 non
835 3448 911 3518 sine
942 3448 1129 3518 offensione
1153 3447 1215 3516 Ca·

70 3554 254 3628 tholicornm
266 3558 305 3627 in
317 3555 460 3626 dubium
473 3560 619 3627 vocatus
636 3576 657 3623 a
672 3556 920 3641 Novatoribus,
931 3555 968 3624 in
984 3556 1100 3626 eodem
1113 3578 1217 3626 censu

70 3684 130 3732 cun
148 3665 248 3736 libris
270 3663 590 3735 deuterooanonicis
606 3686 634 3745 a,
642 3664 797 3735 Concilio
813 3664 992 3734 habendus
1008 3670 1085 3735 erat
1101 3688 1143 3735 ex
1159 3686 1214 3735 ra·
1305 3732 1310 3739 .

70 3768 144 3843 tione
164 3775 240 3864 ipsa
263 3796 349 3842 usus
372 3771 610 3864 antiquissimi
625 3771 664 3840 in
679 3771 839 3842 Ecclesia
856 3772 1039 3858 catholica,
1060 3774 1118 3842 cui
1134 3772 1215 3842 usui

72 3874 163 3950 innixi
173 3882 296 3951 Patres
308 3878 457 3963 Conoilii
472 3900 635 3949 canonem
649 3878 818 3949 librorum
831 3899 1008 3950 sacrorum
1020 3903 1098 3950 cum
1110 3881 1216 3949 omni·

72 3981 120 4055 bus
137 3990 206 4059 suis
228 3987 391 4081 partibus
407 3986 632 4057 definiebant.
671 3998 680 4013 “

121 4094 164 4167 11.
173 4095 343 4181 Quoniam
359 4093 529 4180 Ecclesia,
541 4100 583 4165 ut
597 4094 685 4180 dixi,
695 4094 733 4164 in
749 4094 908 4166 custodia
920 4095 1019 4166 verbi
1026 4095 1091 4167 Dei
1103 4097 1217 4187 proin-

73 4196 158 4293 deque
176 4204 213 4273 in
236 4203 313 4272 suis
334 4201 477 4272 iudiciis
501 4201 715 4273 authenticis
737 4193 804 4271 non
821 4201 960 4292 regitur
983 4203 1084 4273 novis
1100 4226 1217 4296 perpe·

73 4309 119 4375 ιιι
135 4305 196 4380 sibi
217 4309 485 4381 succedentibus
506 4310 804 4397 revelationibus,
831 4313 891 4381 sed
914 4311 1119 4382 assistentia
1141 4311 1218 4402 Spi-

26 4452 30 4459 ·
74 4410 145 4485 ritus
163 4418 326 4489 veritatis
348 4418 392 4487 ab
414 4439 531 4489 errore
554 4419 819 4509 praemunitum
845 4441 931 4509 opus
954 4425 1031 4503 est,
1057 4423 1099 4487 ut
1127 4416 1217 4486 indi-

1111 4544 1131 4597 d
