3172 4950
641 325 679 343 ..
701 293 762 355 387
783 324 821 339 ...

180 422 216 466 ιιι
226 397 465 469 demonstrata
476 397 685 468 deducamus
696 398 947 489 processionem
956 397 1112 487 Spiritus
1123 398 1245 468 Sancti
1257 423 1319 492 per

180 504 372 574 oluntatom.
392 506 459 575 Est
482 529 564 575 vero
579 506 742 575 deductio
760 506 971 575 huiusmodi.
991 506 1232 576 Processiones
1249 509 1318 598 spi·

180 612 269 682 itales
290 637 360 681 non
383 619 531 704 possunt
544 637 618 682 esse
633 614 703 683 nisi
718 638 779 705 per
802 613 1019 683 intellectum
1036 619 1072 682 et
1088 614 1315 703 voluntatem

180 721 316 789 recessio
331 720 439 789 Verbi
461 727 516 789 eet
537 744 598 812 per
620 721 857 804 intellectum,
885 728 924 789 ut
948 721 1187 790 demonstrant
1202 722 1318 815 Scrip-

180 848 265 913 rrae3
290 827 463 916 processio
482 837 599 896 autem
615 827 744 896 tertiae
759 851 924 918 personae
940 834 994 898 est
1008 827 1081 896 alia
1096 829 1164 914 ita,
1183 836 1224 898 ut
1241 830 1318 922 Spi-

180 936 237 1004 itus
260 934 412 1003 Sanctus
434 956 503 1003 non
533 934 582 1003 sit
604 934 757 1003 Verbum
776 960 785 1023 3
811 959 894 1026 ergo
918 959 958 1005 ea
980 942 1035 1005 est
1061 959 1123 1027 per
1146 938 1318 1007 volunta-

180 1068 216 1114 ιιι
237 1044 351 1131 (Ruiz
375 1043 465 1135 disp.
484 1044 539 1112 73.
555 1049 639 1114 sect.
656 1044 688 1111 1.
703 1068 737 1113 ιι.
753 1045 786 1111 7.
804 1049 927 1137 seqq.).
945 1045 1022 1113 Alii
1040 1052 1200 1130 censent,
1228 1046 1318 1116 hanc

180 1152 383 1222 eductionem
407 1175 475 1219 non
498 1174 572 1221 esse
596 1152 868 1241 convincentem;
894 1153 953 1221 sed
981 1159 1138 1243 oportere
1165 1154 1316 1224 auctori·

180 1264 220 1327 rte
240 1267 275 1329 ct
290 1260 446 1349 positiva
460 1260 620 1329 doctrina
636 1259 871 1328 demonstrare
888 1260 1067 1351 proprium
1081 1260 1317 1332 characterem

180 1367 299 1457 piritus
324 1367 446 1436 Sancti
462 1376 474 1451 ,'
496 1368 586 1458 quod
609 1373 785 1458 tamquam
810 1389 905 1437 amor
929 1369 1122 1437 subsistens
1146 1369 1314 1459 procedit,

180 1472 259 1565 ioque
274 1480 329 1543 est
345 1473 517 1543 terminus
532 1473 745 1543 intrinsecus
769 1456 960 1563 productus
976 1474 1186 1560 dilectionis,
1201 1498 1316 1568 quem·

180 1582 325 1652 dmodum
347 1582 502 1651 Verbum
532 1588 587 1650 est
616 1582 786 1650 terminus
814 1582 1064 1651 intellectionis
1095 1582 1247 1670 (Franc.
1273 1584 1315 1654 de

180 1712 243 1780 ugo
258 1690 349 1780 disp.
360 1689 409 1758 H.
422 1712 452 1758 c.
468 1691 500 1759 2.
516 1714 551 1759 n.
567 1690 599 1757 6.
611 1693 716 1781 sqq.).
733 1689 823 1758 Sana
834 1689 884 1763 ‚ad
900 1690 1206 1759 demonstrandum
1221 1690 1315 1761 hunc

180 1798 277 1867 rodum
299 1798 529 1888 processionis
553 1823 598 1863 oo
622 1800 686 1877 cit,
704 1797 769 1865 illa
792 1797 883 1865 ratio
906 1797 1105 1888 theologica
1127 1821 1196 1866 non
1220 1798 1315 1869 vide·

180 1926 209 1973 ιι
227 1906 313 1975 setis
330 1906 463 1991 efficax,
482 1906 552 1974 nisi
576 1905 752 1974 innitatur
773 1905 952 1975 doctrinae
969 1908 1140 1996 positivae
1157 1907 1315 1997 Scriptu-

180 2032 260 2082 erum
283 2034 323 2081 ac
347 2013 492 2081 Petrum
515 2013 557 2081 de
581 2013 784 2082 charactere
810 2014 987 2103 personali
1020 2014 1178 2104 Spiritus
1206 2014 1310 2087 Sanc·

180 2120 200 2208 i;
219 2121 281 2191 hac
304 2128 420 2191 autem
443 2122 603 2216 doctrina
626 2122 808 2213 supposita
830 2146 1033 2212 possumus,
1060 2128 1230 2215 quantum
1252 2146 1312 2193 na·

180 2250 228 2299 ura
247 2230 410 2321 mysterii
433 2229 593 2321 patitur,
627 2251 689 2321 per
714 2251 788 2298 eam
816 2230 987 2299 rationem
1018 2232 1246 2301 intrinsecam
1277 2240 1315 2303 et

180 2336 242 2408 elut
264 2364 285 2405 o
304 2340 423 2430 priori
444 2338 610 2429 proficere
631 2336 925 2428 inintelligentia
948 2339 1040 2408 modi
1063 2339 1311 2430 processionis,

180 2469 208 2511 er
226 2450 277 2514 ita
298 2449 359 2515 sit.

210 2555 238 2622 1·
249 2555 454 2645 Scripturas
462 2554 504 2622 de
512 2554 611 2622 modo
623 2553 881 2644 processionum
894 2553 1095 2623 divinarum
1109 2577 1170 2625 seu
1181 2555 1223 2624 de
1235 2579 1312 2646 pro·

180 2661 221 2729 rie
232 2663 368 2732 ratione
383 2663 624 2731 characterum
637 2663 873 2753 personalium
886 2686 948 2731 uos
960 2663 1104 2732 edocent
1115 2685 1177 2753 per
1189 2689 1314 2755 oppro-

180 2772 340 2853 rtorioneo,
360 2770 451 2864 qnod
467 2770 604 2853 scilicet
620 2770 788 2862 quasdam
810 2770 1026 2861 operationes
1045 2768 1091 2836 ad
1115 2786 1214 2839 extra
1229 2771 1315 2843 licet

180 2897 335 2949 onmunes
352 2877 421 2946 toti
438 2878 609 2946 Trinitati
626 2883 722 2946 certa
737 2877 814 2966 lege
832 2876 1038 2946 adscribunt
1053 2878 1116 2946 uni
1131 2901 1310 2968 personae,

180 2991 310 3055 rotenus
322 2985 541 3074 operationes
553 2986 643 3053 istae
654 2985 865 3075 peculiarem
880 2984 1009 3053 habent
1024 2984 1222 3075 analogiam
1235 3010 1313 3055 cum

180 3077 338 3163 baractere
361 3093 502 3183 proprio
526 3114 691 3182 personae
704 3092 791 3180 (vid.
803 3092 987 3178 thXIII).
1003 3093 1078 3161 Iam
1099 3116 1181 3162 vero
1202 3094 1312 3185 Spiri-

180 3198 336 3279 uiSancto
352 3200 389 3268 in
406 3200 611 3292 Scripturis'
623 3199 852 3291 peculiariter
870 3200 1082 3270 attribuitur
1099 3203 1209 3292 primo
1225 3225 1313 3292 opus

180 3306 251 3393 peius
263 3309 530 3393 incarnationis,
552 3308 641 3399 qnod
659 3331 701 3375 ex
716 3307 859 3375 infinita
872 3307 1046 3378 charitate
1057 3309 1124 3377 Dei
1140 3316 1206 3391 est,
1222 3316 1312 3380 etex

180 3424 271 3486 uuest
281 3417 381 3507 origo
402 3415 512 3483 omnis
525 3415 661 3504 gratiae
679 3421 715 3483 et
736 3416 939 3485 sanctitatis
952 3415 988 3485 in
1001 3418 1120 3504 nobis;
1141 3418 1312 3487 adtribui·

180 3524 243 3592 urei
258 3524 340 3593 unio
356 3523 588 3591 humanitatis
604 3546 682 3591 cum
694 3522 809 3591 Verbo
833 3530 868 3591 et
892 3523 945 3592 ita
969 3525 1199 3611 (efficienter)
1221 3524 1312 3592 cius·

180 3648 217 3697 en
227 3630 456 3703 humanitatis
467 3630 699 3699 sanctificatio
712 3629 969 3715 substantialis,
980 3631 1181 3721 pariterque
1192 3630 1311 3698 unctio

180 3742 375 3811 rectissimae
403 3740 636 3809 humanitatis
656 3763 718 3831 per
738 3740 892 3829 gratiam
918 3745 1069 3809 creatam
1090 3740 1176 3807 Luc.
1198 3738 1307 3827 1.aa;

180 3843 474 3936 och.xvl11.20;
489 3850 570 3918 Act.
585 3849 631 3917 X.
647 3848 702 3935 383
717 3850 804 3917 Luc.
819 3848 882 3917 IV.
900 3848 943 3915 18
956 3847 1051 3935 (vide
1066 3847 1184 3916 Tract.
1200 3848 1241 3917 de
1253 3847 1310 3917 In-

180 3962 261 4042 un).
273 3957 364 4026 Tum
376 3959 488 4049 quoad
501 3959 651 4025 membra
664 3957 798 4025 Christi
812 3979 833 4024 a
846 3956 985 4047 Spiritu
999 3957 1127 4026 Sancto
1140 3964 1194 4026 eet
1206 3956 1310 4027 diffu-

180 4063 393 4134 ochcritatis
411 4066 449 4133 in
466 4064 628 4134 cordibus
645 4064 816 4133 fidelium:
835 4093 851 4128 o
867 4064 1023 4134 charitas
1035 4064 1101 4135 Dei
1114 4064 1245 4134 diffusa
1257 4071 1312 4135 est

191 4174 352 4243 cordibus
368 4173 499 4241 nostris
515 4196 575 4262 per
592 4171 765 4262 Spiritum
782 4171 966 4255 Sanctum,
986 4173 1046 4265 qui
1062 4173 1166 4244 datus
1182 4181 1236 4243 est
1251 4196 1308 4242 no·

180 4304 221 4351 ro
239 4282 340 4351 Rom.
351 4280 395 4350 V.
411 4283 444 4349 ὅ.
460 4282 560 4351 Unde
576 4305 644 4349 non
660 4281 758 4349 modo
774 4280 930 4371 operatio
946 4279 1133 4352 charitatis
1150 4288 1306 4367 creatae,

180 4388 194 4459 l
217 4387 374 4459 charitas
397 4389 554 4458 increata
569 4389 601 4457 ei
619 4387 819 4479 specialiter
843 4389 1112 4481 appropriatur:
1140 4390 1308 4458 «obsecro
