3172 4950
702 337 738 350 -
760 307 797 365 71
821 338 858 351 ..

217 409 298 477 nibus
309 407 550 497 (martyrium)
565 417 745 499 praestare
761 412 923 502 spiritum
941 410 1095 496 solitum,
1110 416 1147 479 et
1158 410 1271 500 ipsum
1288 431 1369 503 quo-

215 539 264 608 que
283 517 445 606 spiritum
467 518 693 603 (desiderium
714 543 790 588 cum
807 519 994 605 charitate)
1010 524 1186 610 praestare
1207 517 1371 608 spiritum

213 625 333 693 solitum
347 625 472 715 n(0pp.
488 626 596 717 Cypr.
611 627 665 695 ed.
689 628 812 696 Baluz.
829 655 863 721 p.
879 627 1061 714 36411111
1079 649 1216 720 quaeso,
1228 626 1313 720 quid
1327 627 1371 694 ad

212 734 283 802 hanc
296 735 547 825 baptismatum
562 737 821 806 distinctionem
835 738 1080 807 declarandam
1092 760 1178 829 opus
1194 743 1272 806 erat
1284 759 1372 805 com·

211 849 285 911 nate
296 850 418 912 nostro
431 843 488 911 7⁶?
504 845 595 934 quod
607 868 675 914 non
687 846 780 915 inber
792 871 827 914 v.
843 848 876 914 6.
892 847 968 914 et8.
979 845 1212 931 interiectum,
1228 851 1269 913 ut
1280 867 1372 914 nunc

210 957 261 1037 est,
279 953 338 1021 sed
355 958 435 1043 post
451 952 516 1020 illa
532 954 643 1023 citata
659 960 835 1023 auctorem
851 955 888 1022 in
905 977 967 1023 suo
983 953 1098 1023 codice
1113 952 1289 1038 habuisse,
1304 975 1372 1020 non

211 1060 269 1130 sinc
284 1083 413 1151 magna
432 1062 569 1133 ratione
594 1064 813 1133 assumimus.
834 1064 982 1154 Insuper
1006 1063 1043 1133 in
1066 1062 1205 1148 Africa,
1230 1063 1292 1130 ubi
1315 1061 1373 1129 hic

211 1178 317 1240 arctor
357 1171 555 1258 scribebat,
581 1173 717 1243 saeculo
735 1173 804 1241 III.
820 1194 950 1242 comma
972 1172 1045 1263 legi
1058 1173 1289 1257 consuevisse,
1317 1194 1371 1239 su-

211 1280 313 1368 perius
331 1280 662 1350 demonstravimus.
680 1280 786 1350 Alter
810 1281 960 1372 scriptor
975 1280 1109 1348 latinus
1125 1279 1291 1349 obiicitur
1305 1279 1372 1348 No-

211 1389 376 1474 ratianns,
400 1418 416 1453 a
435 1389 496 1482 qni
519 1390 546 1458 l.
561 1390 602 1459 dc
627 1391 804 1460 Trinitatc
821 1389 1076 1481 cumpluribus
1100 1388 1305 1479 Scripturas
1322 1394 1372 1456 te·

212 1498 371 1567 stimoniis
395 1501 545 1588 probet,
570 1498 750 1568 Christum
774 1504 816 1568 ut
837 1505 873 1568 et
896 1498 1069 1589 Spiritum
1101 1497 1268 1566 Sanctum
1299 1518 1373 1564 esse

212 1606 330 1693 Deum,
357 1607 451 1675 hunc
476 1613 570 1677 certe
586 1607 699 1677 locum
717 1607 755 1675 in
771 1608 894 1698 primis
910 1613 1139 1698 opportunum
1157 1604 1327 1696 praeterit
1339 1631 1370 1673 n.

214 1713 391 1805 Responsio
414 1715 533 1784 eadem
556 1714 659 1784 redit.
676 1715 901 1786 Novatianus
923 1715 1001 1805 agit
1025 1714 1162 1806 quidem
1186 1713 1309 1782 multis
1332 1713 1373 1781 de

216 1822 388 1891 divinitate
397 1822 545 1910 Christi,
558 1824 599 1892 de
612 1823 963 1893 distinctionePatris
979 1829 1014 1891 et
1021 1822 1122 1907 Filii,
1133 1821 1255 1912 paucis
1267 1821 1372 1890 etiam

218 1931 287 1998 aas
311 1933 354 2001 de
378 1931 518 2021 Spiritu
542 1932 682 2017 Sancto,
700 1954 768 2000 non
791 1937 907 2002 tamen
931 1931 1167 2022 probationem
1191 1953 1233 2000 ex
1257 1929 1373 2021 Scrip-

219 2040 292 2108 tun's
315 2039 476 2109 instituit
499 2040 541 2110 de
564 2040 681 2110 tribus
705 2041 861 2131 personis
885 2040 922 2108 in
946 2040 1139 2128 communi;
1167 2038 1261 2108 unde
1290 2039 1374 2108 licet

221 2151 252 2232 (c.
268 2150 320 2236 12)
344 2150 491 2219 inducat
513 2149 604 2218 illud
628 2149 670 2218 de
693 2149 834 2219 Christo
857 2149 922 2219 Mt.
937 2149 1109 2218 XXVIII.
1124 2149 1169 2217 20
1187 2170 1293 2219 eecce
1310 2171 1373 2238 ego

222 2259 378 2327 vobiscum
403 2281 512 2350 usque
536 2257 581 2326 ad
605 2259 931 2328 consummationem
965 2259 1097 2328 saeculi
1113 2286 1154 2344 ‚n
1187 2279 1374 2350 numquam

221 2369 315 2436 umen
340 2368 457 2437 utitur
480 2373 581 2437 textu
605 2392 640 2438 v.
656 2367 699 2436 19
722 2368 935 2459 exprimente
959 2369 1063 2445 simul
1080 2389 1194 2436 omnes
1209 2374 1283 2436 tres
1299 2388 1373 2455 per·

221 2497 301 2546 sonas
327 2477 579 2568 «baptizantes
601 2477 638 2545 in
667 2477 803 2546 nomine
834 2477 952 2546 Patris
983 2482 1020 2546 et
1042 2476 1128 2545 Filii
1160 2481 1197 2546 et
1219 2475 1375 2567 Spiritus

220 2580 321 2655 Sancti
336 2612 367 2653 n.
388 2584 483 2668 Quid
495 2591 548 2654 est
560 2607 655 2674 ergo,
672 2609 734 2655 cur
751 2584 889 2655 mireris
906 2584 1123 2654 omissionem
1147 2583 1251 2653 etiam
1268 2583 1375 2652 huius

219 2693 392 2762 testimonii
411 2693 443 2760 1.
462 2692 514 2760 Io.
531 2693 575 2761 V.
595 2693 640 2761 7?
875 2745 878 2749 ψ
916 2760 920 2765 .

267 2803 320 2872 Ex
344 2802 512 2871 Patribus
534 2802 654 2894 itaque
685 2801 816 2871 saeculi
840 2802 909 2871 III.
937 2801 1058 2871 nullus
1085 2807 1200 2893 potest
1222 2801 1373 2893 proferri

217 2911 301 2981 betis
324 2935 389 3001 pro
411 2911 581 2982 versiculi
604 2910 744 2981 defectu
767 2911 804 2978 in
829 2911 1006 2981 codicibus
1036 2910 1102 2979 illa
1133 2912 1204 2980 iam
1234 2916 1371 2999 aetate,

216 3020 259 3089 sed
280 3027 430 3112 possunt
452 3021 556 3091 citari
579 3026 686 3091 testes
709 3045 771 3113 pro
795 3021 870 3090 eius
894 3020 1071 3091 exstantia
1086 3020 1266 3110 Origenes,
1285 3017 1368 3088 Ter·

216 3128 395 3215 tullianus,
422 3130 633 3220 Cyprianus.
1293 3129 1294 3132 ’

265 3240 366 3309 Inter
389 3239 512 3309 Patres
528 3239 634 3308 etiam
658 3261 747 3309 saec.
763 3239 826 3309 IV.
843 3245 878 3308 et
893 3238 939 3309 V.
955 3245 1039 3308 sunt
1053 3239 1176 3331 utique
1191 3236 1315 3330 aliqui,
1334 3243 1376 3305 ut

216 3345 359 3436 Cyrillus
371 3348 635 3418 Alexandrinus
648 3350 833 3436 (Thesaur.
850 3347 892 3417 Τ.
907 3349 952 3417 V.
967 3348 1006 3417 P.
1020 3348 1051 3416 I.
1062 3374 1095 3441 q.
1112 3346 1205 3433 363),
1225 3347 1285 3439 qui
1301 3345 1374 3413 suis

216 3457 423 3528 antextibus
447 3456 637 3548 positivum
662 3457 888 3548 suppeditant
910 3461 1168 3546 argumentum,
1187 3454 1280 3524 hunc
1297 3476 1372 3523 ver·

215 3585 274 3635 sum
297 3569 424 3637 autin
448 3589 564 3636 sorum
578 3566 754 3636 codicibus
778 3565 932 3634 defuisse
956 3571 1020 3633 ant
1042 3566 1085 3632 ab
1101 3563 1152 3633 eis
1168 3563 1278 3631 fuisse
1296 3585 1373 3631 con·

215 3676 292 3746 alto
316 3674 601 3760 dissimulatum,
627 3675 718 3767 quod
742 3674 780 3742 in
803 3673 925 3743 multis
950 3673 1126 3743 codicibus
1150 3673 1297 3742 deesset.
1322 3673 1375 3738 At

214 3778 403 3853 huiusmodi
427 3788 610 3854 contextus
634 3783 817 3854 admodum
841 3783 916 3853 rari
939 3788 1047 3868 sunt,
1073 3787 1115 3851 ut
1137 3781 1243 3871 longa
1266 3779 1374 3849 series

213 3895 402 3977 nominum,
429 3915 517 3985 quae
541 3891 732 3962 Griesbach
758 3894 830 3961 fere
854 3916 896 3962 ex
919 3890 1034 3960 Millio
1050 3895 1086 3960 et
1102 3914 1144 3959 ex
1168 3887 1231 3957 illo
1256 3885 1375 3957 Schol-

212 3998 276 4070 zius
300 3998 451 4089 (additis
474 3999 636 4091 pluribus
659 3998 852 4086 erroribus)
877 3999 1161 4090 descripserunt,
1188 3996 1232 4066 ad
1248 4018 1376 4087 paucos

212 4110 338 4177 omnino
361 4108 486 4177 Patres
508 4106 755 4197 restringenda
777 4107 837 4176 sit.
857 4105 1057 4176 Certissime
1082 4110 1303 4196 praepostere
1328 4102 1374 4172 ci·

210 4219 323 4288 tantur
347 4218 392 4285 ab
414 4216 467 4286 eis
490 4217 585 4286 inter
608 4222 718 4287 testes
750 4215 946 4285 omissionis
974 4214 1175 4286 Alexander
1205 4212 1312 4280 Alex.
1337 4211 1374 4277 in

209 4326 347 4417 epistola
369 4325 415 4396 ad
438 4326 682 4395 Alexandrum
711 4323 1156 4415 Constantinopolitanum,
1181 4319 1374 4388 Concilium

208 4432 405 4508 Sardicense
441 4435 478 4505 in
512 4433 662 4526 epistola
696 4433 866 4523 synodica
897 4433 941 4502 ad
977 4432 1164 4502 universas
1197 4425 1375 4498 Ecclesiae
