3172 4950
558 356 595 369 -
620 325 653 385 11
678 356 715 369 -

90 427 373 498 otmumIoNH.
388 428 443 516 355
461 431 590 512 Filius,
604 455 669 519 per
684 452 780 523 quern
795 430 865 496 alii
881 431 1005 497 labent
1022 445 1224 520 potestatem

83 535 152 623 filios
169 537 232 602 Dei
247 538 332 625 fieri
353 535 404 605 Io.
423 537 453 605 I.
477 536 531 624 123
548 538 663 605 Filius
686 537 753 604 Dei
775 540 975 626 unigenitos
996 538 1049 607 Io.
1069 538 1220 626 1H.16;

86 637 249 731 unigenitus
264 644 395 726 Filius,
420 647 484 734 qui
507 658 555 710 est
588 646 626 709 io
648 648 727 711 sinu
751 646 872 713 Patris
895 645 942 715 ib.
958 645 989 714 Ι.
1008 647 1063 714 18.

128 751 190 819 Hoo
212 752 287 843 ipso
310 753 357 820 2⁰.
383 753 474 844 quod
497 759 551 821 est
573 753 679 822 Pater
701 758 738 821 et
759 752 875 822 Filius
898 754 1029 839 Patris,
1055 753 1148 822 alius
1169 761 1224 822 est

83 856 160 927 Pater
172 864 206 928 et
219 859 314 928 alius
328 859 457 929 Filius:
475 890 491 925 u
508 861 586 951 Ego
601 867 637 930 et
651 861 757 931 Pater
773 884 891 931 sumus
908 886 940 949 »3
958 862 1090 931 «Pater
1102 861 1140 929 in
1157 884 1221 946 me,

81 971 175 1055 elego
195 967 233 1035 in
256 968 404 1055 Patren3
427 968 611 1038 «clarifica
634 992 686 1037 me
709 970 815 1038 Pater
837 969 1018 1055 claritate,
1045 990 1148 1061 quam
1163 968 1223 1036 ha·

81 1073 122 1141 lui
139 1075 224 1164 apud
247 1082 307 1162 te,
332 1083 517 1168 antequam
541 1077 689 1146 muudus
712 1083 803 1146 esset
816 1101 847 1165 »ς
865 1078 1000 1146 «Peter
1011 1082 1174 1167 operatur
1190 1083 1226 1144 et

76 1202 123 1270 ego
140 1206 257 1273 operor
272 1209 304 1271 »3
322 1212 339 1247 s
353 1185 449 1254 solus
471 1209 540 1253 non
563 1209 663 1271 sum,
689 1183 749 1255 sed
772 1208 836 1276 ego
851 1192 888 1255 et
902 1185 964 1277 qui
979 1185 1077 1255 misit
1092 1207 1145 1254 me
1160 1185 1225 1254 Pa·

75 1295 154 1377 lug
179 1292 272 1383 aqui
294 1291 417 1381 diligit
438 1314 503 1378 me,
529 1292 702 1381 diligetur
724 1314 746 1361 a
767 1292 873 1361 Patra
895 1315 968 1361 meo
985 1320 1002 1355 n
1020 1298 1088 1362 eto.

122 1398 168 1468 At
188 1399 244 1467 3³⁰.
270 1399 354 1492 quia
376 1406 430 1469 est
451 1399 569 1469 Filius
598 1401 664 1469 Dei
694 1401 834 1490 proprio
869 1423 996 1487 sensu,
1025 1400 1103 1469 ideo
1128 1400 1223 1469 Deus

72 1504 156 1574 Pater
176 1512 211 1575 et
224 1506 343 1575 Filius
358 1507 565 1598 simpliciter
583 1531 690 1576 unum
706 1516 800 1577 sunt:
823 1538 839 1571 a
854 1508 932 1598 Ego
947 1514 985 1577 et
995 1508 1101 1577 Pater
1115 1529 1221 1575 unum

71 1634 168 1682 sumus
180 1642 197 1677 s
224 1616 276 1684 Io.
290 1615 337 1684 X.
353 1616 408 1684 30.
424 1616 587 1705 Operatio
611 1616 729 1684 Patris
744 1621 798 1684 est
813 1616 969 1706 operatio
984 1614 1084 1700 Filii,
1101 1621 1138 1684 et
1152 1636 1223 1684 una

70 1729 110 1790 est
125 1723 242 1792 Patris
264 1746 306 1793 ao
327 1724 415 1793 Filii
437 1724 562 1793 relatio
592 1724 637 1793 ad
668 1746 748 1792 suos
778 1724 921 1793 fideles:
950 1753 967 1788 a
987 1724 1093 1793 Pater
1126 1744 1222 1814 meus

70 1832 271 1922 usquemodo
286 1839 463 1922 operatur,
484 1840 520 1902 et
535 1856 599 1922 ego
615 1854 778 1923 operor...
798 1832 1041 1924 Quaecumque
1056 1831 1118 1901 ille
1135 1833 1221 1901 feee-

68 1935 115 2022 rit,
136 1938 220 2007 haeo
244 1945 281 2007 et
309 1939 426 2008 Filius
456 1938 620 2008 similiter
654 1932 781 2024 (ὁμοιως)
808 1939 897 2008 faoit
913 1967 930 2002 n
959 1936 1218 2009 10.v:17-s1.

70 2046 141 2127 «Qui
155 2046 278 2136 diligit
289 2070 353 2131 me,
368 2047 539 2136 diligetur
554 2070 576 2116 s
590 2047 696 2117 Patre
709 2069 794 2132 meo,
812 2052 847 2116 et
859 2070 923 2136 ego
939 2046 1086 2137 diligam
1098 2070 1217 2116 eum...

66 2153 149 2221 etsd
171 2175 249 2222 eum
280 2155 458 2224 veniemus
485 2161 521 2224 et
550 2154 643 2245 apud
672 2177 751 2223 eum
781 2155 991 2224 mansionem
1020 2154 1218 2224 faciemus»

66 2256 99 2326 ib.
113 2261 209 2329 XIV.
228 2261 285 2345 21,
300 2261 356 2329 23.
383 2262 480 2345 Quae
503 2263 541 2329 in
566 2262 678 2333 veteri
710 2262 930 2331 Testamento
954 2262 1050 2332 diota
1073 2269 1158 2332 sunt
1179 2262 1220 2330 de

63 2387 119 2435 uuo
137 2369 209 2437 Deo
232 2368 376 2438 Israelis
403 2382 489 2444 mm
514 2369 609 2439 diota
629 2375 712 2438 sunt
725 2369 767 2438 de
778 2369 872 2437 Filio
886 2370 964 2438 Dei:
986 2398 1003 2433 a
1016 2368 1078 2439 Ad·
1088 2369 1220 2439 Filium

60 2483 159 2544 suum
182 2477 287 2564 (dieit
311 2478 529 2569 Scriptura):
559 2479 708 2546 thronus
731 2484 827 2563 tuus,
850 2479 957 2564 Deus,
983 2479 1022 2547 in
1044 2477 1220 2546 saeculum

58 2585 218 2655 steouli...
235 2586 284 2655 Et
307 2587 450 2673 (iterum
473 2587 563 2656 dioit
587 2587 810 2677 Scriptum:
836 2592 877 2656 tu
901 2586 939 2655 in
961 2585 1134 2676 prinoipio
1153 2585 1219 2654 Do·

56 2691 139 2789 mins,
150 2699 283 2762 terram
306 2692 465 2764 fundasti
479 2720 495 2756 n
514 2693 601 2762 Heb.
616 2694 646 2762 I.
662 2694 748 2785 8sq.
764 2693 881 2776 Quare
903 2698 1034 2784 natura
1056 2691 1144 2760 Filii
1166 2698 1221 2761 sot

54 2805 170 2870 natura
194 2800 284 2885 Dei,
309 2822 379 2893 qua
401 2807 455 2870 est
477 2800 636 2894 aequalis
659 2802 748 2869 Deo:
770 2829 787 2864 a
805 2801 867 2893 qui
882 2823 959 2871 oum
976 2800 1013 2867 in
1030 2799 1141 2868 forma
1154 2798 1219 2867 Dei

52 2914 157 2995 esset,
183 2931 252 2977 non
275 2909 434 2999 rapinam
457 2909 655 2978 arbitratus
678 2914 829 2978 estesse
853 2931 888 2977 se
912 2908 1090 2999 aequalem
1112 2907 1185 2975 Deo
1200 2934 1217 2969 n

52 3012 135 3085 Phil.
157 3016 209 3085 H.
230 3018 262 3085 6.
291 3016 412 3086 Vitam
442 3016 662 3101 essentialem
693 3037 795 3107 quam
828 3016 933 3085 habet
962 3016 1069 3084 Pater
1099 3015 1137 3082 in
1168 3036 1219 3085 se·

51 3125 200 3216 metipso,
226 3124 333 3195 habet
355 3131 391 3194 et
411 3125 528 3193 Filius
560 3125 845 3194 communicatam
877 3145 898 3190 a
924 3124 1052 3207 Patre,
1077 3129 1114 3192 et
1142 3121 1219 3191 ideo

50 3228 135 3301 siout
156 3233 263 3300 Pater
293 3231 346 3300 ita
372 3231 489 3300 Filius
524 3237 579 3300 ast
599 3231 675 3322 ipsa
699 3231 794 3301 vita:
824 3259 841 3295 a
867 3230 960 3299 siout
982 3231 1088 3299 Pater
1115 3228 1221 3299 habet
1283 3254 1286 3259 ·

50 3341 153 3409 vitem
175 3338 214 3409 in
239 3338 433 3428 semetipso,
452 3337 504 3407 sio
528 3338 627 3408 dedit
648 3344 684 3408 et
705 3338 799 3407 Filio
821 3338 948 3407 habere
971 3338 1084 3406 vitam
1107 3337 1145 3404 in
1168 3358 1218 3405 se·

49 3448 187 3538 metipso
201 3473 218 3508 n
244 3444 345 3514 Io.V.
359 3444 415 3511 25.
430 3444 512 3513 Ideo
535 3445 652 3514 Filius
669 3452 722 3514 est
741 3473 758 3509 o
771 3444 933 3535 splendor
951 3441 1085 3534 glorias
1100 3443 1219 3511 Patris

51 3547 260 3643 (ἀπαυγασμα
289 3575 342 3625 της
370 3546 457 3626 dedus
493 3547 606 3638 duros)
633 3560 670 3622 et
691 3552 809 3642 figura
843 3544 1026 3644 (χαρακτηρ)
1059 3552 1218 3619 substan-

47 3662 113 3731 tiae
135 3663 234 3748 eius,
259 3665 403 3752 portans
426 3661 540 3729 omnia
562 3661 667 3729 verbo
691 3660 841 3729 virtutis
866 3681 948 3729 suae
966 3686 985 3724 a
1010 3659 1097 3728 Heb.
1117 3659 1162 3729 V.
1182 3658 1215 3727 3.

46 3768 187 3861 Propter
210 3769 296 3839 haeo
319 3769 463 3838 eundem
495 3790 692 3858 supremum
725 3768 858 3838 uultum
888 3767 1046 3859 postulat
1076 3765 1216 3853 Filius,

46 3878 102 3969 qui
124 3878 269 3948 debetur
292 3864 438 3946 Patres
451 3883 494 3947 ut
508 3900 623 3946 omues
640 3877 870 3947 honorificent
884 3876 1029 3961 Filium,
1048 3875 1142 3945 siout
1157 3876 1216 3944 ho·

44 3985 227 4055 uorifioaut
257 3985 430 4054 Patrem»
460 3984 511 4053 Io.
537 3985 582 4054 V.
607 3985 663 4054 23.
685 3984 791 4072 (Vide
818 3985 937 4054 Traot.
965 3981 1008 4052 de
1037 3983 1216 4055 Inosmat.

44 4090 305 4185 th.111.sqq.).

107 4200 157 4270 Π.
171 4201 255 4270 Pari
278 4201 411 4270 ratione
434 4200 592 4292 Spiritus
609 4200 759 4272 Sanetus
774 4205 850 4270 tum
865 4201 903 4269 in
919 4199 994 4269 vite
1008 4204 1045 4271 et
1060 4198 1219 4269 dootriua

45 4306 174 4379 Christi
196 4309 311 4401 ipsius
340 4316 416 4379 tum
451 4310 489 4378 in
522 4309 781 4400 praedieatione
815 4308 938 4378 deinde
972 4306 1218 4399 Apostolorum

45 4417 220 4489 exhibitus
244 4439 376 4509 semper
399 4423 455 4488 est
479 4418 524 4489 1⁰.
550 4423 592 4488 ut
614 4417 707 4488 alius
729 4439 752 4487 a
773 4418 879 4488 Patre
906 4423 942 4487 et
972 4415 1079 4485 Filio.
1106 4412 1220 4482 Tasti-
