<?xml version="1.0" encoding="UTF-8"?>
<!DOCTYPE html PUBLIC "-//W3C//DTD XHTML 1.0 Transitional//EN"
    "http://www.w3.org/TR/xhtml1/DTD/xhtml1-transitional.dtd">
<html xmlns="http://www.w3.org/1999/xhtml" xml:lang="en" lang="en">
 <head>
  <title>
</title>
<meta http-equiv="Content-Type" content="text/html;charset=utf-8" />
  <meta name='ocr-system' content='tesseract 3.04.00' />
  <meta name='ocr-capabilities' content='ocr_page ocr_carea ocr_par ocr_line ocrx_word'/>
</head>
<body>
  <div class='ocr_page' id='page_1' title='image "./tractatusdedeot00frangoog/tractatusdedeot00frangoog_0481.png"; bbox 0 0 3172 4950; ppageno 0'>
   <div class='ocr_carea' id='block_1_1' title="bbox 197 105 1393 3738">
    <p class='ocr_par' dir='ltr' id='par_1_1' title="bbox 700 105 878 169">
     <span class='ocr_line' id='line_1_1' title="bbox 700 105 878 169; baseline -0.006 0"><span class='ocrx_word' id='word_1_1' title='bbox 700 139 738 154; x_wconf 93' lang='lat'><em>-</em></span> <span class='ocrx_word' id='word_1_2' title='bbox 760 105 820 169; x_wconf 76' lang='lat'><strong>470</strong></span> <span class='ocrx_word' id='word_1_3' title='bbox 840 137 878 152; x_wconf 95' lang='lat'><em>-</em></span> 
     </span>
    </p>

    <p class='ocr_par' dir='ltr' id='par_1_2' title="bbox 207 207 1393 1053">
     <span class='ocr_line' id='line_1_2' title="bbox 207 207 1335 301; baseline -0.012 -8"><span class='ocrx_word' id='word_1_4' title='bbox 207 220 361 293; x_wconf 85' lang='lat' dir='ltr'><strong>rationes</strong></span> <span class='ocrx_word' id='word_1_5' title='bbox 382 223 419 288; x_wconf 91' lang='lat' dir='ltr'><strong>et</strong></span> <span class='ocrx_word' id='word_1_6' title='bbox 441 213 657 285; x_wconf 84' lang='lat' dir='ltr'><strong>defensiones</strong></span> <span class='ocrx_word' id='word_1_7' title='bbox 670 234 739 282; x_wconf 91' lang='lat' dir='ltr'><strong>nou</strong></span> <span class='ocrx_word' id='word_1_8' title='bbox 761 211 831 280; x_wconf 91' lang='lat' dir='ltr'><strong>iam</strong></span> <span class='ocrx_word' id='word_1_9' title='bbox 854 207 1089 301; x_wconf 85' lang='lat' dir='ltr'><strong>processionis</strong></span> <span class='ocrx_word' id='word_1_10' title='bbox 1103 209 1164 279; x_wconf 89' lang='lat' dir='ltr'><strong>sed</strong></span> <span class='ocrx_word' id='word_1_11' title='bbox 1178 208 1335 279; x_wconf 80' lang='lat' dir='ltr'><strong>divinitatis</strong></span> 
     </span>
     <span class='ocr_line' id='line_1_3' title="bbox 208 317 1376 412; baseline -0.015 -11"><span class='ocrx_word' id='word_1_12' title='bbox 208 336 246 401; x_wconf 88' lang='lat' dir='ltr'><strong>et</strong></span> <span class='ocrx_word' id='word_1_13' title='bbox 267 320 645 398; x_wconf 71' lang='lat' dir='ltr'><strong>consubstantialitatis</strong></span> <span class='ocrx_word' id='word_1_14' title='bbox 668 317 825 412; x_wconf 81' lang='lat' dir='ltr'><strong>Spiritus</strong></span> <span class='ocrx_word' id='word_1_15' title='bbox 849 318 970 387; x_wconf 89' lang='lat' dir='ltr'><strong>Sancti</strong></span> <span class='ocrx_word' id='word_1_16' title='bbox 1000 341 1081 388; x_wconf 89' lang='lat' dir='ltr'><strong>cum</strong></span> <span class='ocrx_word' id='word_1_17' title='bbox 1103 317 1209 386; x_wconf 87' lang='lat' dir='ltr'><strong>Patre</strong></span> <span class='ocrx_word' id='word_1_18' title='bbox 1226 324 1258 387; x_wconf 89' lang='lat' dir='ltr'><strong>et</strong></span> <span class='ocrx_word' id='word_1_19' title='bbox 1273 317 1336 386; x_wconf 77' lang='lat' dir='ltr'><strong>lilio</strong></span> <span class='ocrx_word' id='word_1_20' title='bbox 1373 334 1376 339; x_wconf 85' lang='lat'>·</span> 
     </span>
     <span class='ocr_line' id='line_1_4' title="bbox 210 424 1339 517; baseline -0.011 -12"><span class='ocrx_word' id='word_1_21' title='bbox 210 436 382 506; x_wconf 87' lang='lat' dir='ltr'><strong>adversus</strong></span> <span class='ocrx_word' id='word_1_22' title='bbox 405 430 598 500; x_wconf 86' lang='lat' dir='ltr'><strong>haereticos</strong></span> <span class='ocrx_word' id='word_1_23' title='bbox 628 428 842 498; x_wconf 75' lang='lat' dir='ltr'><strong>necessariae</strong></span> <span class='ocrx_word' id='word_1_24' title='bbox 873 425 951 495; x_wconf 86' lang='lat' dir='ltr'><strong>fieri</strong></span> <span class='ocrx_word' id='word_1_25' title='bbox 981 432 1195 517; x_wconf 86' lang='lat' dir='ltr'><strong>coeperunt,</strong></span> <span class='ocrx_word' id='word_1_26' title='bbox 1222 424 1339 496; x_wconf 70' lang='lat' dir='ltr'><strong>udonus</strong></span> 
     </span>
     <span class='ocr_line' id='line_1_5' title="bbox 210 530 1339 634; baseline -0.008 -25"><span class='ocrx_word' id='word_1_27' title='bbox 210 564 316 634; x_wconf 87' lang='lat' dir='ltr'><strong>penes</strong></span> <span class='ocrx_word' id='word_1_28' title='bbox 339 540 496 608; x_wconf 89' lang='lat' dir='ltr'><strong>doctores</strong></span> <span class='ocrx_word' id='word_1_29' title='bbox 519 559 587 604; x_wconf 90' lang='lat' dir='ltr'><strong>non</strong></span> <span class='ocrx_word' id='word_1_30' title='bbox 610 536 726 606; x_wconf 86' lang='lat' dir='ltr'><strong>minus</strong></span> <span class='ocrx_word' id='word_1_31' title='bbox 747 533 894 602; x_wconf 88' lang='lat' dir='ltr'><strong>orientis</strong></span> <span class='ocrx_word' id='word_1_32' title='bbox 917 554 1020 625; x_wconf 91' lang='lat' dir='ltr'><strong>quam</strong></span> <span class='ocrx_word' id='word_1_33' title='bbox 1043 530 1232 602; x_wconf 87' lang='lat' dir='ltr'><strong>occidentis</strong></span> <span class='ocrx_word' id='word_1_34' title='bbox 1250 531 1339 601; x_wconf 73' lang='lat' dir='ltr'><strong>docti·</strong></span> 
     </span>
     <span class='ocr_line' id='line_1_6' title="bbox 211 637 1393 741; baseline -0.008 -26"><span class='ocrx_word' id='word_1_35' title='bbox 211 667 291 715; x_wconf 93' lang='lat' dir='ltr'><strong>nam</strong></span> <span class='ocrx_word' id='word_1_36' title='bbox 319 645 361 713; x_wconf 93' lang='lat' dir='ltr'><strong>de</strong></span> <span class='ocrx_word' id='word_1_37' title='bbox 392 643 580 712; x_wconf 87' lang='lat' dir='ltr'><strong>intrinseco</strong></span> <span class='ocrx_word' id='word_1_38' title='bbox 611 641 731 710; x_wconf 78' lang='lat' dir='ltr'><strong>ordine</strong></span> <span class='ocrx_word' id='word_1_39' title='bbox 761 639 972 708; x_wconf 80' lang='lat' dir='ltr'><strong>relationum</strong></span> <span class='ocrx_word' id='word_1_40' title='bbox 1003 639 1100 708; x_wconf 84' lang='lat' dir='ltr'><strong>inter</strong></span> <span class='ocrx_word' id='word_1_41' title='bbox 1129 637 1342 729; x_wconf 85' lang='lat' dir='ltr'><strong>personae,le</strong></span> <span class='ocrx_word' id='word_1_42' title='bbox 1390 730 1393 741; x_wconf 32' lang='grc' dir='ltr'>Ι</span> 
     </span>
     <span class='ocr_line' id='line_1_7' title="bbox 211 745 1344 840; baseline -0.006 -18"><span class='ocrx_word' id='word_1_43' title='bbox 211 754 349 822; x_wconf 89' lang='lat' dir='ltr'><strong>unitate</strong></span> <span class='ocrx_word' id='word_1_44' title='bbox 372 751 491 819; x_wconf 89' lang='lat' dir='ltr'><strong>Patris</strong></span> <span class='ocrx_word' id='word_1_45' title='bbox 514 756 550 819; x_wconf 90' lang='lat' dir='ltr'><strong>et</strong></span> <span class='ocrx_word' id='word_1_46' title='bbox 571 747 658 817; x_wconf 83' lang='lat' dir='ltr'><strong>Filii</strong></span> <span class='ocrx_word' id='word_1_47' title='bbox 689 753 860 840; x_wconf 87' lang='lat' dir='ltr'><strong>quatenus</strong></span> <span class='ocrx_word' id='word_1_48' title='bbox 883 753 967 816; x_wconf 92' lang='lat' dir='ltr'><strong>sunt</strong></span> <span class='ocrx_word' id='word_1_49' title='bbox 992 746 1208 838; x_wconf 89' lang='lat' dir='ltr'><strong>principium</strong></span> <span class='ocrx_word' id='word_1_50' title='bbox 1228 745 1344 836; x_wconf 83' lang='lat' dir='ltr'><strong>Spiritu</strong></span> 
     </span>
     <span class='ocr_line' id='line_1_8' title="bbox 212 852 1347 945; baseline -0.007 -16"><span class='ocrx_word' id='word_1_51' title='bbox 212 857 346 943; x_wconf 82' lang='lat' dir='ltr'><strong>Sancti,</strong></span> <span class='ocrx_word' id='word_1_52' title='bbox 373 858 414 925; x_wconf 89' lang='lat' dir='ltr'><strong>de</strong></span> <span class='ocrx_word' id='word_1_53' title='bbox 437 854 606 926; x_wconf 85' lang='lat' dir='ltr'><strong>relatione</strong></span> <span class='ocrx_word' id='word_1_54' title='bbox 625 852 775 944; x_wconf 83' lang='lat' dir='ltr'><strong>originis</strong></span> <span class='ocrx_word' id='word_1_55' title='bbox 798 853 955 945; x_wconf 82' lang='lat' dir='ltr'><strong>Spiritus</strong></span> <span class='ocrx_word' id='word_1_56' title='bbox 975 853 1099 923; x_wconf 85' lang='lat' dir='ltr'><strong>Sancti</strong></span> <span class='ocrx_word' id='word_1_57' title='bbox 1121 854 1169 923; x_wconf 85' lang='lat' dir='ltr'><strong>ad</strong></span> <span class='ocrx_word' id='word_1_58' title='bbox 1189 854 1347 923; x_wconf 84' lang='lat' dir='ltr'><strong>Patranet</strong></span> 
     </span>
     <span class='ocr_line' id='line_1_9' title="bbox 212 958 1347 1053; baseline -0.004 -20"><span class='ocrx_word' id='word_1_59' title='bbox 212 966 359 1049; x_wconf 82' lang='lat' dir='ltr'><strong>Filium,</strong></span> <span class='ocrx_word' id='word_1_60' title='bbox 378 986 447 1032; x_wconf 89' lang='lat' dir='ltr'><strong>uno</strong></span> <span class='ocrx_word' id='word_1_61' title='bbox 464 963 569 1031; x_wconf 89' lang='lat' dir='ltr'><strong>verbo</strong></span> <span class='ocrx_word' id='word_1_62' title='bbox 589 963 783 1032; x_wconf 85' lang='lat' dir='ltr'><strong>doctrinam</strong></span> <span class='ocrx_word' id='word_1_63' title='bbox 799 962 841 1030; x_wconf 91' lang='lat' dir='ltr'><strong>de</strong></span> <span class='ocrx_word' id='word_1_64' title='bbox 855 962 1073 1052; x_wconf 78' lang='lat' dir='ltr'><strong>processione</strong></span> <span class='ocrx_word' id='word_1_65' title='bbox 1088 961 1245 1053; x_wconf 86' lang='lat' dir='ltr'><strong>Spiritus</strong></span> <span class='ocrx_word' id='word_1_66' title='bbox 1258 958 1347 1031; x_wconf 84' lang='lat' dir='ltr'><strong>Sancti</strong></span> 
     </span>
    </p>

    <p class='ocr_par' dir='ltr' id='par_1_3' title="bbox 211 1068 1393 1676">
     <span class='ocr_line' id='line_1_10' title="bbox 213 1068 1348 1167; baseline -0.002 -27"><span class='ocrx_word' id='word_1_67' title='bbox 213 1094 235 1140; x_wconf 88' lang='lat' dir='ltr'><strong>a</strong></span> <span class='ocrx_word' id='word_1_68' title='bbox 258 1073 364 1140; x_wconf 89' lang='lat' dir='ltr'><strong>Patre</strong></span> <span class='ocrx_word' id='word_1_69' title='bbox 387 1077 423 1140; x_wconf 93' lang='lat' dir='ltr'><strong>et</strong></span> <span class='ocrx_word' id='word_1_70' title='bbox 452 1070 545 1138; x_wconf 87' lang='lat' dir='ltr'><strong>Filio</strong></span> <span class='ocrx_word' id='word_1_71' title='bbox 567 1069 876 1167; x_wconf 82' lang='lat' dir='ltr'><strong>explicatissimam</strong></span> <span class='ocrx_word' id='word_1_72' title='bbox 898 1074 936 1138; x_wconf 89' lang='lat' dir='ltr'><strong>et</strong></span> <span class='ocrx_word' id='word_1_73' title='bbox 957 1069 1034 1139; x_wconf 90' lang='lat' dir='ltr'><strong>eine</strong></span> <span class='ocrx_word' id='word_1_74' title='bbox 1054 1068 1282 1159; x_wconf 77' lang='lat' dir='ltr'><strong>ambiguitate</strong></span> <span class='ocrx_word' id='word_1_75' title='bbox 1301 1090 1348 1138; x_wconf 83' lang='lat' dir='ltr'><strong>cer·</strong></span> 
     </span>
     <span class='ocr_line' id='line_1_11' title="bbox 211 1175 1351 1271; baseline -0.002 -23"><span class='ocrx_word' id='word_1_76' title='bbox 211 1186 304 1265; x_wconf 75' lang='lat' dir='ltr'><strong>tam,</strong></span> <span class='ocrx_word' id='word_1_77' title='bbox 323 1179 439 1271; x_wconf 90' lang='lat' dir='ltr'><strong>idque,</strong></span> <span class='ocrx_word' id='word_1_78' title='bbox 466 1184 508 1247; x_wconf 91' lang='lat' dir='ltr'><strong>nt</strong></span> <span class='ocrx_word' id='word_1_79' title='bbox 529 1178 615 1261; x_wconf 87' lang='lat' dir='ltr'><strong>dixi,</strong></span> <span class='ocrx_word' id='word_1_80' title='bbox 633 1177 696 1248; x_wconf 91' lang='lat' dir='ltr'><strong>diu</strong></span> <span class='ocrx_word' id='word_1_81' title='bbox 711 1184 896 1270; x_wconf 86' lang='lat' dir='ltr'><strong>antequam</strong></span> <span class='ocrx_word' id='word_1_82' title='bbox 911 1176 1066 1246; x_wconf 86' lang='lat' dir='ltr'><strong>haeresis</strong></span> <span class='ocrx_word' id='word_1_83' title='bbox 1081 1175 1215 1246; x_wconf 82' lang='lat' dir='ltr'><strong>directe</strong></span> <span class='ocrx_word' id='word_1_84' title='bbox 1227 1175 1351 1267; x_wconf 73' lang='lat' dir='ltr'><strong>opposita</strong></span> 
     </span>
     <span class='ocr_line' id='line_1_12' title="bbox 212 1282 1351 1377; baseline -0.004 -22"><span class='ocrx_word' id='word_1_85' title='bbox 212 1285 428 1377; x_wconf 82' lang='lat' dir='ltr'><strong>postulasset</strong></span> <span class='ocrx_word' id='word_1_86' title='bbox 450 1283 633 1375; x_wconf 82' lang='lat' dir='ltr'><strong>specialem</strong></span> <span class='ocrx_word' id='word_1_87' title='bbox 647 1284 908 1376; x_wconf 86' lang='lat' dir='ltr'><strong>inquisitionem</strong></span> <span class='ocrx_word' id='word_1_88' title='bbox 923 1282 1017 1354; x_wconf 91' lang='lat' dir='ltr'><strong>circa</strong></span> <span class='ocrx_word' id='word_1_89' title='bbox 1031 1282 1097 1353; x_wconf 92' lang='lat' dir='ltr'><strong>hoo</strong></span> <span class='ocrx_word' id='word_1_90' title='bbox 1112 1284 1255 1374; x_wconf 80' lang='lat' dir='ltr'><strong>dogma;</strong></span> <span class='ocrx_word' id='word_1_91' title='bbox 1276 1290 1351 1374; x_wconf 77' lang='lat' dir='ltr'><strong>atque</strong></span> 
     </span>
     <span class='ocr_line' id='line_1_13' title="bbox 214 1389 1393 1483; baseline -0.001 -24"><span class='ocrx_word' id='word_1_92' title='bbox 214 1390 291 1460; x_wconf 88' lang='lat' dir='ltr'><strong>ideo</strong></span> <span class='ocrx_word' id='word_1_93' title='bbox 314 1391 481 1461; x_wconf 85' lang='lat' dir='ltr'><strong>universa</strong></span> <span class='ocrx_word' id='word_1_94' title='bbox 496 1391 561 1459; x_wconf 92' lang='lat' dir='ltr'><strong>illa</strong></span> <span class='ocrx_word' id='word_1_95' title='bbox 576 1389 747 1480; x_wconf 84' lang='lat' dir='ltr'><strong>expositio</strong></span> <span class='ocrx_word' id='word_1_96' title='bbox 770 1390 949 1461; x_wconf 88' lang='lat' dir='ltr'><strong>doctrinae</strong></span> <span class='ocrx_word' id='word_1_97' title='bbox 965 1390 1059 1459; x_wconf 65' lang='lat' dir='ltr'><strong>deut</strong></span> <span class='ocrx_word' id='word_1_98' title='bbox 1072 1396 1128 1460; x_wconf 86' lang='lat' dir='ltr'><strong>ast</strong></span> <span class='ocrx_word' id='word_1_99' title='bbox 1141 1391 1268 1483; x_wconf 85' lang='lat' dir='ltr'><strong>absque</strong></span> <span class='ocrx_word' id='word_1_100' title='bbox 1279 1409 1352 1478; x_wconf 86' lang='lat' dir='ltr'><strong>scopo</strong></span> <span class='ocrx_word' id='word_1_101' title='bbox 1390 1421 1393 1427; x_wconf 93' lang='lat'>·</span> 
     </span>
     <span class='ocr_line' id='line_1_14' title="bbox 216 1494 1354 1589; baseline 0.003 -23"><span class='ocrx_word' id='word_1_102' title='bbox 216 1498 395 1589; x_wconf 86' lang='lat' dir='ltr'><strong>polemico,</strong></span> <span class='ocrx_word' id='word_1_103' title='bbox 413 1498 465 1566; x_wconf 92' lang='lat' dir='ltr'><strong>ita</strong></span> <span class='ocrx_word' id='word_1_104' title='bbox 481 1520 520 1566; x_wconf 91' lang='lat' dir='ltr'><strong>eo</strong></span> <span class='ocrx_word' id='word_1_105' title='bbox 536 1496 735 1567; x_wconf 87' lang='lat' dir='ltr'><strong>evidentius</strong></span> <span class='ocrx_word' id='word_1_106' title='bbox 756 1497 898 1568; x_wconf 87' lang='lat' dir='ltr'><strong>exhibet</strong></span> <span class='ocrx_word' id='word_1_107' title='bbox 912 1504 1158 1589; x_wconf 77' lang='lat' dir='ltr'><strong>argumentum</strong></span> <span class='ocrx_word' id='word_1_108' title='bbox 1175 1494 1354 1569; x_wconf 65' lang='lat' dir='ltr'><strong>universalia</strong></span> 
     </span>
     <span class='ocr_line' id='line_1_15' title="bbox 217 1605 841 1676; baseline -0.005 0"><span class='ocrx_word' id='word_1_109' title='bbox 217 1605 453 1676; x_wconf 89' lang='lat' dir='ltr'><strong>consensionis</strong></span> <span class='ocrx_word' id='word_1_110' title='bbox 475 1612 511 1674; x_wconf 86' lang='lat' dir='ltr'><strong>et</strong></span> <span class='ocrx_word' id='word_1_111' title='bbox 534 1606 723 1676; x_wconf 89' lang='lat' dir='ltr'><strong>communis</strong></span> <span class='ocrx_word' id='word_1_112' title='bbox 747 1605 841 1675; x_wconf 87' lang='lat' dir='ltr'><strong>fidei.</strong></span> 
     </span>
    </p>

    <p class='ocr_par' dir='ltr' id='par_1_4' title="bbox 213 1710 1393 2122">
     <span class='ocr_line' id='line_1_16' title="bbox 280 1710 1351 1804; baseline 0.001 -25"><span class='ocrx_word' id='word_1_113' title='bbox 280 1711 312 1780; x_wconf 91' lang='grc' dir='ltr'><strong>Ι.</strong></span> <span class='ocrx_word' id='word_1_114' title='bbox 337 1712 389 1779; x_wconf 93' lang='lat' dir='ltr'><strong>De</strong></span> <span class='ocrx_word' id='word_1_115' title='bbox 411 1711 578 1801; x_wconf 87' lang='lat' dir='ltr'><strong>explicita</strong></span> <span class='ocrx_word' id='word_1_116' title='bbox 594 1711 790 1782; x_wconf 88' lang='lat' dir='ltr'><strong>universali</strong></span> <span class='ocrx_word' id='word_1_117' title='bbox 805 1717 842 1781; x_wconf 91' lang='lat' dir='ltr'><strong>et</strong></span> <span class='ocrx_word' id='word_1_118' title='bbox 856 1711 1006 1782; x_wconf 87' lang='lat' dir='ltr'><strong>instanti</strong></span> <span class='ocrx_word' id='word_1_119' title='bbox 1020 1712 1276 1804; x_wconf 86' lang='lat' dir='ltr'><strong>praedicatione</strong></span> <span class='ocrx_word' id='word_1_120' title='bbox 1293 1710 1351 1799; x_wconf 71' lang='lat' dir='ltr'><strong>dep</strong></span> 
     </span>
     <span class='ocr_line' id='line_1_17' title="bbox 213 1817 1393 1912; baseline -0.003 -24"><span class='ocrx_word' id='word_1_121' title='bbox 213 1817 319 1888; x_wconf 89' lang='lat' dir='ltr'><strong>matis</strong></span> <span class='ocrx_word' id='word_1_122' title='bbox 340 1841 443 1910; x_wconf 90' lang='lat' dir='ltr'><strong>penes</strong></span> <span class='ocrx_word' id='word_1_123' title='bbox 465 1820 588 1889; x_wconf 88' lang='lat' dir='ltr'><strong>Patres</strong></span> <span class='ocrx_word' id='word_1_124' title='bbox 603 1820 746 1905; x_wconf 88' lang='lat' dir='ltr'><strong>latinos,</strong></span> <span class='ocrx_word' id='word_1_125' title='bbox 771 1820 895 1890; x_wconf 88' lang='lat' dir='ltr'><strong>saltem</strong></span> <span class='ocrx_word' id='word_1_126' title='bbox 911 1842 953 1888; x_wconf 86' lang='lat' dir='ltr'><strong>ex</strong></span> <span class='ocrx_word' id='word_1_127' title='bbox 967 1843 1035 1912; x_wconf 92' lang='lat' dir='ltr'><strong>quo</strong></span> <span class='ocrx_word' id='word_1_128' title='bbox 1050 1826 1205 1912; x_wconf 87' lang='lat' dir='ltr'><strong>tempore</strong></span> <span class='ocrx_word' id='word_1_129' title='bbox 1219 1818 1351 1910; x_wconf 84' lang='lat' dir='ltr'><strong>ampliore</strong></span> <span class='ocrx_word' id='word_1_130' title='bbox 1390 1882 1393 1905; x_wconf 74' lang='grc'>,</span> 
     </span>
     <span class='ocr_line' id='line_1_18' title="bbox 215 1924 1393 2021; baseline -0.005 -24"><span class='ocrx_word' id='word_1_131' title='bbox 215 1933 405 2016; x_wconf 82' lang='lat' dir='ltr'><strong>superth</strong></span> <span class='ocrx_word' id='word_1_132' title='bbox 427 1932 670 2011; x_wconf 87' lang='lat' dir='ltr'><strong>monumenta,</strong></span> <span class='ocrx_word' id='word_1_133' title='bbox 695 1949 738 1996; x_wconf 84' lang='lat' dir='ltr'><strong>ex</strong></span> <span class='ocrx_word' id='word_1_134' title='bbox 761 1928 899 1998; x_wconf 86' lang='lat' dir='ltr'><strong>saeculo</strong></span> <span class='ocrx_word' id='word_1_135' title='bbox 927 1927 1069 2021; x_wconf 87' lang='lat' dir='ltr'><strong>inquam</strong></span> <span class='ocrx_word' id='word_1_136' title='bbox 1091 1928 1147 1999; x_wconf 91' lang='lat' dir='ltr'><strong>IV</strong></span> <span class='ocrx_word' id='word_1_137' title='bbox 1167 1936 1204 1998; x_wconf 87' lang='lat' dir='ltr'><strong>et</strong></span> <span class='ocrx_word' id='word_1_138' title='bbox 1225 1928 1351 2017; x_wconf 78' lang='lat' dir='ltr'><strong>Veique</strong></span> <span class='ocrx_word' id='word_1_139' title='bbox 1389 1924 1393 1991; x_wconf 88' lang='lat' dir='ltr'><strong>l</strong></span> 
     </span>
     <span class='ocr_line' id='line_1_19' title="bbox 215 1996 1393 2122; baseline 0.007 -22"><span class='ocrx_word' id='word_1_140' title='bbox 215 2031 379 2122; x_wconf 88' lang='lat' dir='ltr'><strong>deinceps</strong></span> <span class='ocrx_word' id='word_1_141' title='bbox 401 2031 537 2100; x_wconf 89' lang='lat' dir='ltr'><strong>abunde</strong></span> <span class='ocrx_word' id='word_1_142' title='bbox 561 2038 709 2102; x_wconf 90' lang='lat' dir='ltr'><strong>constat.</strong></span> <span class='ocrx_word' id='word_1_143' title='bbox 1387 1996 1393 2089; x_wconf 75' lang='grc'>1</span> 
     </span>
    </p>

    <p class='ocr_par' dir='ltr' id='par_1_5' title="bbox 197 2092 1393 3618">
     <span class='ocr_line' id='line_1_20' title="bbox 282 2092 1393 2239; baseline -0.004 -32"><span class='ocrx_word' id='word_1_144' title='bbox 282 2140 356 2207; x_wconf 89' lang='lat' dir='ltr'><strong>Iam</strong></span> <span class='ocrx_word' id='word_1_145' title='bbox 379 2138 514 2229; x_wconf 90' lang='lat' dir='ltr'><strong>primus</strong></span> <span class='ocrx_word' id='word_1_146' title='bbox 547 2139 640 2208; x_wconf 88' lang='lat' dir='ltr'><strong>inter</strong></span> <span class='ocrx_word' id='word_1_147' title='bbox 674 2140 861 2230; x_wconf 88' lang='lat' dir='ltr'><strong>scriptores</strong></span> <span class='ocrx_word' id='word_1_148' title='bbox 891 2139 1148 2211; x_wconf 85' lang='lat' dir='ltr'><strong>ecclesiasticos</strong></span> <span class='ocrx_word' id='word_1_149' title='bbox 1180 2141 1243 2235; x_wconf 88' lang='lat' dir='ltr'><strong>qui</strong></span> <span class='ocrx_word' id='word_1_150' title='bbox 1272 2137 1352 2208; x_wconf 87' lang='lat' dir='ltr'><strong>latine</strong></span> <span class='ocrx_word' id='word_1_151' title='bbox 1387 2092 1393 2239; x_wconf 96' lang='grc'>1</span> 
     </span>
     <span class='ocr_line' id='line_1_21' title="bbox 215 2244 1393 2347; baseline 0.006 -32"><span class='ocrx_word' id='word_1_152' title='bbox 215 2247 445 2347; x_wconf 79' lang='lat' dir='ltr'><strong>scripserunt,</strong></span> <span class='ocrx_word' id='word_1_153' title='bbox 464 2246 709 2316; x_wconf 86' lang='lat' dir='ltr'><strong>Tertullianus</strong></span> <span class='ocrx_word' id='word_1_154' title='bbox 724 2269 813 2317; x_wconf 87' lang='lat' dir='ltr'><strong>sace.</strong></span> <span class='ocrx_word' id='word_1_155' title='bbox 830 2247 881 2316; x_wconf 91' lang='lat'><strong>11.</strong></span> <span class='ocrx_word' id='word_1_156' title='bbox 899 2256 936 2316; x_wconf 87' lang='lat' dir='ltr'><strong>et</strong></span> <span class='ocrx_word' id='word_1_157' title='bbox 949 2248 1091 2320; x_wconf 88' lang='lat' dir='ltr'><strong>ineunte</strong></span> <span class='ocrx_word' id='word_1_158' title='bbox 1104 2248 1176 2317; x_wconf 91' lang='grc' dir='ltr'><strong>ΠΙ.</strong></span> <span class='ocrx_word' id='word_1_159' title='bbox 1194 2245 1353 2322; x_wconf 71' lang='lat' dir='ltr'><strong>dubium</strong></span> <span class='ocrx_word' id='word_1_160' title='bbox 1391 2244 1393 2281; x_wconf 70' lang='lat'><em>³</em></span> 
     </span>
     <span class='ocr_line' id='line_1_22' title="bbox 197 2349 1354 2447; baseline 0.005 -25"><span class='ocrx_word' id='word_1_161' title='bbox 197 2356 306 2424; x_wconf 25' lang='lat' dir='ltr'><strong>*hene</strong></span> <span class='ocrx_word' id='word_1_162' title='bbox 328 2354 483 2445; x_wconf 86' lang='lat' dir='ltr'><strong>exponit.</strong></span> <span class='ocrx_word' id='word_1_163' title='bbox 512 2354 647 2424; x_wconf 71' lang='lat' dir='ltr'><strong>«Omna</strong></span> <span class='ocrx_word' id='word_1_164' title='bbox 671 2349 761 2447; x_wconf 70' lang='lat' dir='ltr'><strong>quid</strong></span> <span class='ocrx_word' id='word_1_165' title='bbox 783 2356 913 2447; x_wconf 88' lang='lat' dir='ltr'><strong>prodit,</strong></span> <span class='ocrx_word' id='word_1_166' title='bbox 929 2379 998 2426; x_wconf 91' lang='lat' dir='ltr'><strong>non</strong></span> <span class='ocrx_word' id='word_1_167' title='bbox 1021 2356 1098 2427; x_wconf 91' lang='lat' dir='ltr'><strong>ideo</strong></span> <span class='ocrx_word' id='word_1_168' title='bbox 1120 2364 1238 2428; x_wconf 87' lang='lat' dir='ltr'><strong>tamen</strong></span> <span class='ocrx_word' id='word_1_169' title='bbox 1263 2360 1354 2428; x_wconf 60' lang='lat' dir='ltr'><strong>aelst</strong></span> 
     </span>
     <span class='ocr_line' id='line_1_23' title="bbox 215 2454 1355 2554; baseline -0.005 -23"><span class='ocrx_word' id='word_1_170' title='bbox 215 2468 389 2554; x_wconf 90' lang='lat' dir='ltr'><strong>paratum.</strong></span> <span class='ocrx_word' id='word_1_171' title='bbox 416 2460 596 2531; x_wconf 89' lang='lat' dir='ltr'><strong>Secundus</strong></span> <span class='ocrx_word' id='word_1_172' title='bbox 619 2469 736 2531; x_wconf 87' lang='lat' dir='ltr'><strong>autam</strong></span> <span class='ocrx_word' id='word_1_173' title='bbox 750 2461 811 2530; x_wconf 93' lang='lat' dir='ltr'><strong>nbi</strong></span> <span class='ocrx_word' id='word_1_174' title='bbox 826 2468 891 2549; x_wconf 88' lang='lat' dir='ltr'><strong>est,</strong></span> <span class='ocrx_word' id='word_1_175' title='bbox 909 2462 978 2533; x_wconf 92' lang='lat' dir='ltr'><strong>duo</strong></span> <span class='ocrx_word' id='word_1_176' title='bbox 1001 2469 1097 2533; x_wconf 89' lang='lat' dir='ltr'><strong>sunt.</strong></span> <span class='ocrx_word' id='word_1_177' title='bbox 1114 2462 1165 2534; x_wconf 89' lang='lat' dir='ltr'><strong>Et</strong></span> <span class='ocrx_word' id='word_1_178' title='bbox 1178 2462 1300 2533; x_wconf 82' lang='lat' dir='ltr'><strong>tertius</strong></span> <span class='ocrx_word' id='word_1_179' title='bbox 1312 2454 1355 2527; x_wconf 89' lang='lat' dir='ltr'><strong>ubi</strong></span> 
     </span>
     <span class='ocr_line' id='line_1_24' title="bbox 215 2559 1355 2660; baseline -0.004 -21"><span class='ocrx_word' id='word_1_180' title='bbox 215 2577 281 2654; x_wconf 86' lang='lat' dir='ltr'><strong>est,</strong></span> <span class='ocrx_word' id='word_1_181' title='bbox 305 2576 379 2638; x_wconf 82' lang='lat' dir='ltr'><strong>tres</strong></span> <span class='ocrx_word' id='word_1_182' title='bbox 401 2559 495 2638; x_wconf 83' lang='lat' dir='ltr'><strong>sunt.</strong></span> <span class='ocrx_word' id='word_1_183' title='bbox 523 2570 657 2636; x_wconf 79' lang='lat' dir='ltr'><strong>Tertiae</strong></span> <span class='ocrx_word' id='word_1_184' title='bbox 691 2573 780 2637; x_wconf 82' lang='lat' dir='ltr'><strong>euim</strong></span> <span class='ocrx_word' id='word_1_185' title='bbox 814 2585 862 2638; x_wconf 83' lang='lat' dir='ltr'><strong>cet</strong></span> <span class='ocrx_word' id='word_1_186' title='bbox 896 2573 1050 2660; x_wconf 77' lang='lat' dir='ltr'><strong>Spiritus</strong></span> <span class='ocrx_word' id='word_1_187' title='bbox 1073 2597 1096 2639; x_wconf 84' lang='lat' dir='ltr'><strong>a</strong></span> <span class='ocrx_word' id='word_1_188' title='bbox 1116 2573 1189 2639; x_wconf 86' lang='lat' dir='ltr'><strong>Deo</strong></span> <span class='ocrx_word' id='word_1_189' title='bbox 1212 2586 1245 2638; x_wconf 81' lang='lat' dir='ltr'><strong>st</strong></span> <span class='ocrx_word' id='word_1_190' title='bbox 1271 2568 1355 2645; x_wconf 67' lang='lat' dir='ltr'><strong>ritu,</strong></span> 
     </span>
     <span class='ocr_line' id='line_1_25' title="bbox 215 2674 1358 2767; baseline -0.001 -25"><span class='ocrx_word' id='word_1_191' title='bbox 215 2679 303 2742; x_wconf 81' lang='lat' dir='ltr'><strong>sicut</strong></span> <span class='ocrx_word' id='word_1_192' title='bbox 327 2678 449 2741; x_wconf 83' lang='lat' dir='ltr'><strong>tertius</strong></span> <span class='ocrx_word' id='word_1_193' title='bbox 472 2674 635 2749; x_wconf 64' lang='lat' dir='ltr'><strong>aradios</strong></span> <span class='ocrx_word' id='word_1_194' title='bbox 651 2678 793 2764; x_wconf 79' lang='lat' dir='ltr'><strong>fructus</strong></span> <span class='ocrx_word' id='word_1_195' title='bbox 810 2702 851 2745; x_wconf 76' lang='lat' dir='ltr'><strong>en</strong></span> <span class='ocrx_word' id='word_1_196' title='bbox 869 2680 1016 2767; x_wconf 81' lang='lat' dir='ltr'><strong>frutice,</strong></span> <span class='ocrx_word' id='word_1_197' title='bbox 1041 2694 1074 2746; x_wconf 82' lang='lat' dir='ltr'><strong>ct</strong></span> <span class='ocrx_word' id='word_1_198' title='bbox 1097 2681 1221 2745; x_wconf 77' lang='lat' dir='ltr'><strong>tertiae</strong></span> <span class='ocrx_word' id='word_1_199' title='bbox 1242 2703 1264 2744; x_wconf 85' lang='lat' dir='ltr'><strong>a</strong></span> <span class='ocrx_word' id='word_1_200' title='bbox 1278 2675 1358 2764; x_wconf 71' lang='lat' dir='ltr'><strong>foeta</strong></span> 
     </span>
     <span class='ocr_line' id='line_1_26' title="bbox 215 2772 1358 2876; baseline -0.003 -26"><span class='ocrx_word' id='word_1_201' title='bbox 215 2785 311 2850; x_wconf 78' lang='lat' dir='ltr'><strong>rivae</strong></span> <span class='ocrx_word' id='word_1_202' title='bbox 335 2806 376 2849; x_wconf 76' lang='lat' dir='ltr'><strong>ex</strong></span> <span class='ocrx_word' id='word_1_203' title='bbox 391 2772 609 2869; x_wconf 56' lang='lat' dir='ltr'><strong>fluminefet</strong></span> <span class='ocrx_word' id='word_1_204' title='bbox 633 2787 755 2850; x_wconf 72' lang='lat' dir='ltr'><strong>tersisse</strong></span> <span class='ocrx_word' id='word_1_205' title='bbox 778 2810 800 2849; x_wconf 90' lang='lat' dir='ltr'><strong>o</strong></span> <span class='ocrx_word' id='word_1_206' title='bbox 822 2786 892 2851; x_wconf 83' lang='lat' dir='ltr'><strong>sole</strong></span> <span class='ocrx_word' id='word_1_207' title='bbox 915 2810 1004 2876; x_wconf 72' lang='lat' dir='ltr'><strong>apex</strong></span> <span class='ocrx_word' id='word_1_208' title='bbox 1026 2811 1049 2852; x_wconf 85' lang='lat' dir='ltr'><strong>a</strong></span> <span class='ocrx_word' id='word_1_209' title='bbox 1072 2784 1173 2852; x_wconf 78' lang='lat' dir='ltr'><strong>radic</strong></span> <span class='ocrx_word' id='word_1_210' title='bbox 1196 2785 1259 2871; x_wconf 89' lang='lat'><strong>(1).</strong></span> <span class='ocrx_word' id='word_1_211' title='bbox 1281 2775 1358 2851; x_wconf 83' lang='lat' dir='ltr'><strong>Nihil</strong></span> 
     </span>
     <span class='ocr_line' id='line_1_27' title="bbox 215 2889 1358 2983; baseline -0.003 -25"><span class='ocrx_word' id='word_1_212' title='bbox 215 2896 331 2958; x_wconf 85' lang='lat' dir='ltr'><strong>tamen</strong></span> <span class='ocrx_word' id='word_1_213' title='bbox 354 2910 377 2955; x_wconf 93' lang='lat' dir='ltr'><strong>a</strong></span> <span class='ocrx_word' id='word_1_214' title='bbox 399 2889 544 2958; x_wconf 88' lang='lat' dir='ltr'><strong>matrice</strong></span> <span class='ocrx_word' id='word_1_215' title='bbox 575 2911 639 2958; x_wconf 87' lang='lat' dir='ltr'><strong>sua</strong></span> <span class='ocrx_word' id='word_1_216' title='bbox 668 2891 867 2974; x_wconf 90' lang='lat' dir='ltr'><strong>alienatur,</strong></span> <span class='ocrx_word' id='word_1_217' title='bbox 893 2914 914 2958; x_wconf 91' lang='lat' dir='ltr'><strong>a</strong></span> <span class='ocrx_word' id='word_1_218' title='bbox 944 2914 1014 2983; x_wconf 88' lang='lat' dir='ltr'><strong>qua</strong></span> <span class='ocrx_word' id='word_1_219' title='bbox 1042 2892 1273 2983; x_wconf 88' lang='lat' dir='ltr'><strong>proprietates</strong></span> <span class='ocrx_word' id='word_1_220' title='bbox 1297 2906 1358 2957; x_wconf 85' lang='lat' dir='ltr'><strong>suas</strong></span> 
     </span>
     <span class='ocr_line' id='line_1_28' title="bbox 215 2994 1358 3091; baseline -0.002 -27"><span class='ocrx_word' id='word_1_221' title='bbox 215 2995 325 3064; x_wconf 89' lang='lat' dir='ltr'><strong>ducit.</strong></span> <span class='ocrx_word' id='word_1_222' title='bbox 343 2994 401 3062; x_wconf 92' lang='lat' dir='ltr'><strong>Ita</strong></span> <span class='ocrx_word' id='word_1_223' title='bbox 417 2995 574 3066; x_wconf 80' lang='lat' dir='ltr'><strong>Trinitas</strong></span> <span class='ocrx_word' id='word_1_224' title='bbox 589 3020 652 3087; x_wconf 90' lang='lat' dir='ltr'><strong>per</strong></span> <span class='ocrx_word' id='word_1_225' title='bbox 668 3003 843 3068; x_wconf 86' lang='lat' dir='ltr'><strong>consertos</strong></span> <span class='ocrx_word' id='word_1_226' title='bbox 857 3005 894 3069; x_wconf 90' lang='lat' dir='ltr'><strong>at</strong></span> <span class='ocrx_word' id='word_1_227' title='bbox 910 3021 1079 3070; x_wconf 71' lang='lat' dir='ltr'><strong>conexos</strong></span> <span class='ocrx_word' id='word_1_228' title='bbox 1094 2999 1228 3091; x_wconf 79' lang='lat' dir='ltr'><strong>gradus</strong></span> <span class='ocrx_word' id='word_1_229' title='bbox 1242 3019 1264 3067; x_wconf 88' lang='lat' dir='ltr'><strong>a</strong></span> <span class='ocrx_word' id='word_1_230' title='bbox 1277 2997 1358 3066; x_wconf 80' lang='lat' dir='ltr'><strong>Petra</strong></span> 
     </span>
     <span class='ocr_line' id='line_1_29' title="bbox 215 3102 1358 3196; baseline 0.002 -27"><span class='ocrx_word' id='word_1_231' title='bbox 215 3102 402 3173; x_wconf 89' lang='lat' dir='ltr'><strong>decurrens</strong></span> <span class='ocrx_word' id='word_1_232' title='bbox 425 3110 461 3172; x_wconf 88' lang='lat' dir='ltr'><strong>et</strong></span> <span class='ocrx_word' id='word_1_233' title='bbox 483 3102 702 3173; x_wconf 90' lang='lat' dir='ltr'><strong>monarchiae</strong></span> <span class='ocrx_word' id='word_1_234' title='bbox 725 3103 817 3172; x_wconf 92' lang='lat' dir='ltr'><strong>nihil</strong></span> <span class='ocrx_word' id='word_1_235' title='bbox 834 3105 1005 3196; x_wconf 86' lang='lat' dir='ltr'><strong>obstrepit</strong></span> <span class='ocrx_word' id='word_1_236' title='bbox 1026 3112 1065 3176; x_wconf 84' lang='lat' dir='ltr'><strong>et</strong></span> <span class='ocrx_word' id='word_1_237' title='bbox 1087 3108 1358 3177; x_wconf 74' lang='lat' dir='ltr'><strong>oeconomiaesta</strong></span> 
     </span>
     <span class='ocr_line' id='line_1_30' title="bbox 214 3208 1359 3300; baseline -0.003 -23"><span class='ocrx_word' id='word_1_238' title='bbox 214 3214 290 3277; x_wconf 89' lang='lat' dir='ltr'><strong>tum</strong></span> <span class='ocrx_word' id='word_1_239' title='bbox 312 3209 466 3300; x_wconf 83' lang='lat' dir='ltr'><strong>protegit</strong></span> <span class='ocrx_word' id='word_1_240' title='bbox 479 3236 495 3269; x_wconf 79' lang='lat' dir='ltr'><em>n</em></span> <span class='ocrx_word' id='word_1_241' title='bbox 521 3216 633 3278; x_wconf 89' lang='lat' dir='ltr'><strong>contr.</strong></span> <span class='ocrx_word' id='word_1_242' title='bbox 651 3209 756 3278; x_wconf 89' lang='lat' dir='ltr'><strong>Prax.</strong></span> <span class='ocrx_word' id='word_1_243' title='bbox 775 3233 804 3278; x_wconf 89' lang='lat' dir='ltr'><strong>c.</strong></span> <span class='ocrx_word' id='word_1_244' title='bbox 824 3210 858 3277; x_wconf 89' lang='lat'><strong>8.</strong></span> <span class='ocrx_word' id='word_1_245' title='bbox 887 3210 1050 3279; x_wconf 71' lang='lat' dir='ltr'><strong>«Filium</strong></span> <span class='ocrx_word' id='word_1_246' title='bbox 1072 3236 1142 3283; x_wconf 93' lang='lat' dir='ltr'><strong>non</strong></span> <span class='ocrx_word' id='word_1_247' title='bbox 1164 3212 1299 3282; x_wconf 89' lang='lat' dir='ltr'><strong>aliunde</strong></span> <span class='ocrx_word' id='word_1_248' title='bbox 1317 3208 1359 3276; x_wconf 88' lang='lat' dir='ltr'><strong>de·</strong></span> 
     </span>
     <span class='ocr_line' id='line_1_31' title="bbox 215 3311 1360 3388; baseline 0.003 -8"><span class='ocrx_word' id='word_1_249' title='bbox 215 3311 303 3383; x_wconf 90' lang='lat' dir='ltr'><strong>duco</strong></span> <span class='ocrx_word' id='word_1_250' title='bbox 326 3315 385 3384; x_wconf 87' lang='lat' dir='ltr'><strong>sed</strong></span> <span class='ocrx_word' id='word_1_251' title='bbox 415 3313 456 3382; x_wconf 91' lang='lat' dir='ltr'><strong>de</strong></span> <span class='ocrx_word' id='word_1_252' title='bbox 487 3313 686 3382; x_wconf 89' lang='lat' dir='ltr'><strong>substantia</strong></span> <span class='ocrx_word' id='word_1_253' title='bbox 707 3316 868 3384; x_wconf 89' lang='lat' dir='ltr'><strong>Patris...</strong></span> <span class='ocrx_word' id='word_1_254' title='bbox 893 3316 967 3386; x_wconf 85' lang='lat' dir='ltr'><strong>Hoc</strong></span> <span class='ocrx_word' id='word_1_255' title='bbox 989 3317 1077 3385; x_wconf 92' lang='lat' dir='ltr'><strong>mihi</strong></span> <span class='ocrx_word' id='word_1_256' title='bbox 1108 3325 1145 3388; x_wconf 90' lang='lat' dir='ltr'><strong>et</strong></span> <span class='ocrx_word' id='word_1_257' title='bbox 1174 3320 1212 3388; x_wconf 91' lang='lat' dir='ltr'><strong>in</strong></span> <span class='ocrx_word' id='word_1_258' title='bbox 1241 3316 1360 3388; x_wconf 81' lang='lat' dir='ltr'><strong>tertium</strong></span> 
     </span>
     <span class='ocr_line' id='line_1_32' title="bbox 214 3421 1361 3516; baseline 0.003 -30"><span class='ocrx_word' id='word_1_259' title='bbox 214 3421 362 3507; x_wconf 83' lang='lat' dir='ltr'><strong>gradum</strong></span> <span class='ocrx_word' id='word_1_260' title='bbox 385 3421 517 3491; x_wconf 86' lang='lat' dir='ltr'><strong>dictum</strong></span> <span class='ocrx_word' id='word_1_261' title='bbox 542 3421 602 3506; x_wconf 88' lang='lat' dir='ltr'><strong>sit,</strong></span> <span class='ocrx_word' id='word_1_262' title='bbox 629 3423 714 3515; x_wconf 77' lang='lat' dir='ltr'><strong>quia</strong></span> <span class='ocrx_word' id='word_1_263' title='bbox 738 3423 907 3511; x_wconf 82' lang='lat' dir='ltr'><strong>Spiritum</strong></span> <span class='ocrx_word' id='word_1_264' title='bbox 930 3449 997 3492; x_wconf 78' lang='lat' dir='ltr'><strong>uon</strong></span> <span class='ocrx_word' id='word_1_265' title='bbox 1020 3425 1164 3493; x_wconf 75' lang='lat' dir='ltr'><strong>aliunde</strong></span> <span class='ocrx_word' id='word_1_266' title='bbox 1180 3440 1265 3516; x_wconf 81' lang='lat' dir='ltr'><strong>puto</strong></span> <span class='ocrx_word' id='word_1_267' title='bbox 1279 3444 1361 3516; x_wconf 74' lang='lat' dir='ltr'><strong>quos</strong></span> 
     </span>
     <span class='ocr_line' id='line_1_33' title="bbox 215 3528 850 3618; baseline 0.009 -26"><span class='ocrx_word' id='word_1_268' title='bbox 215 3551 238 3592; x_wconf 85' lang='lat' dir='ltr'><strong>a</strong></span> <span class='ocrx_word' id='word_1_269' title='bbox 260 3530 368 3595; x_wconf 84' lang='lat' dir='ltr'><strong>Patre</strong></span> <span class='ocrx_word' id='word_1_270' title='bbox 384 3552 450 3618; x_wconf 82' lang='lat' dir='ltr'><strong>per</strong></span> <span class='ocrx_word' id='word_1_271' title='bbox 472 3530 605 3597; x_wconf 80' lang='lat' dir='ltr'><strong>Filium</strong></span> <span class='ocrx_word' id='word_1_272' title='bbox 621 3557 637 3590; x_wconf 80' lang='lat' dir='ltr'><strong>r</strong></span> <span class='ocrx_word' id='word_1_273' title='bbox 662 3528 747 3598; x_wconf 87' lang='lat' dir='ltr'><strong>ibid.</strong></span> <span class='ocrx_word' id='word_1_274' title='bbox 767 3554 798 3601; x_wconf 92' lang='lat' dir='ltr'><strong>c.</strong></span> <span class='ocrx_word' id='word_1_275' title='bbox 815 3532 850 3598; x_wconf 89' lang='lat'><strong>4.</strong></span> 
     </span>
    </p>

    <p class='ocr_par' dir='ltr' id='par_1_6' title="bbox 268 3661 1361 3738">
     <span class='ocr_line' id='line_1_34' title="bbox 268 3661 1361 3738; baseline 0.007 -22"><span class='ocrx_word' id='word_1_276' title='bbox 268 3661 311 3734; x_wconf 88' lang='lat'><strong>(1)</strong></span> <span class='ocrx_word' id='word_1_277' title='bbox 329 3665 425 3719; x_wconf 75' lang='lat' dir='ltr'><strong>Facile</strong></span> <span class='ocrx_word' id='word_1_278' title='bbox 443 3664 541 3719; x_wconf 84' lang='lat' dir='ltr'><strong>danne</strong></span> <span class='ocrx_word' id='word_1_279' title='bbox 554 3667 683 3735; x_wconf 78' lang='lat' dir='ltr'><strong>Patauio,</strong></span> <span class='ocrx_word' id='word_1_280' title='bbox 698 3668 772 3722; x_wconf 89' lang='lat' dir='ltr'><strong>illud</strong></span> <span class='ocrx_word' id='word_1_281' title='bbox 794 3689 806 3715; x_wconf 75' lang='lat' dir='ltr'><strong>a</strong></span> <span class='ocrx_word' id='word_1_282' title='bbox 819 3670 925 3723; x_wconf 86' lang='lat' dir='ltr'><strong>tertius</strong></span> <span class='ocrx_word' id='word_1_283' title='bbox 938 3669 1064 3738; x_wconf 83' lang='lat' dir='ltr'><strong>Spiritus</strong></span> <span class='ocrx_word' id='word_1_284' title='bbox 1077 3687 1095 3724; x_wconf 89' lang='lat' dir='ltr'><strong>a</strong></span> <span class='ocrx_word' id='word_1_285' title='bbox 1104 3672 1163 3725; x_wconf 86' lang='lat' dir='ltr'><strong>Deo</strong></span> <span class='ocrx_word' id='word_1_286' title='bbox 1173 3677 1203 3726; x_wconf 86' lang='lat' dir='ltr'><strong>et</strong></span> <span class='ocrx_word' id='word_1_287' title='bbox 1215 3672 1288 3725; x_wconf 79' lang='lat' dir='ltr'><strong>rino</strong></span> <span class='ocrx_word' id='word_1_288' title='bbox 1300 3691 1311 3719; x_wconf 76' lang='lat' dir='ltr'><strong>e</strong></span> <span class='ocrx_word' id='word_1_289' title='bbox 1323 3669 1361 3721; x_wconf 76' lang='lat' dir='ltr'><strong>in·</strong></span> 
     </span>
    </p>
   </div>
   <div class='ocr_carea' id='block_1_2' title="bbox 214 3750 1363 3918">
    <p class='ocr_par' dir='ltr' id='par_1_7' title="bbox 214 3750 1363 3918">
     <span class='ocr_line' id='line_1_35' title="bbox 214 3750 1363 3823; baseline 0.005 -17"><span class='ocrx_word' id='word_1_290' title='bbox 214 3750 336 3806; x_wconf 83' lang='lat' dir='ltr'><strong>mediate</strong></span> <span class='ocrx_word' id='word_1_291' title='bbox 349 3767 405 3805; x_wconf 86' lang='lat' dir='ltr'><strong>uon</strong></span> <span class='ocrx_word' id='word_1_292' title='bbox 424 3756 630 3821; x_wconf 87' lang='lat' dir='ltr'><strong>processionem</strong></span> <span class='ocrx_word' id='word_1_293' title='bbox 644 3755 694 3809; x_wconf 86' lang='lat' dir='ltr'><strong>sed</strong></span> <span class='ocrx_word' id='word_1_294' title='bbox 708 3757 835 3810; x_wconf 88' lang='lat' dir='ltr'><strong>ordinem</strong></span> <span class='ocrx_word' id='word_1_295' title='bbox 846 3757 1017 3823; x_wconf 74' lang='lat' dir='ltr'><strong>significare.</strong></span> <span class='ocrx_word' id='word_1_296' title='bbox 1028 3760 1067 3813; x_wconf 80' lang='lat' dir='ltr'><strong>At</strong></span> <span class='ocrx_word' id='word_1_297' title='bbox 1077 3761 1208 3816; x_wconf 87' lang='lat' dir='ltr'><strong>ordinem</strong></span> <span class='ocrx_word' id='word_1_298' title='bbox 1217 3764 1247 3816; x_wconf 90' lang='lat' dir='ltr'><strong>in</strong></span> <span class='ocrx_word' id='word_1_299' title='bbox 1261 3762 1305 3817; x_wconf 88' lang='lat' dir='ltr'><strong>SS.</strong></span> <span class='ocrx_word' id='word_1_300' title='bbox 1316 3757 1363 3812; x_wconf 76' lang='lat' dir='ltr'><strong>&#39;lui-</strong></span> 
     </span>
     <span class='ocr_line' id='line_1_36' title="bbox 215 3839 1361 3918; baseline 0.009 -26"><span class='ocrx_word' id='word_1_301' title='bbox 215 3839 309 3893; x_wconf 83' lang='lat' dir='ltr'><strong>nitste</strong></span> <span class='ocrx_word' id='word_1_302' title='bbox 322 3841 518 3895; x_wconf 79' lang='lat' dir='ltr'><strong>Tertullianus</strong></span> <span class='ocrx_word' id='word_1_303' title='bbox 540 3843 621 3898; x_wconf 89' lang='lat' dir='ltr'><strong>unice</strong></span> <span class='ocrx_word' id='word_1_304' title='bbox 640 3845 794 3899; x_wconf 84' lang='lat' dir='ltr'><strong>constituit</strong></span> <span class='ocrx_word' id='word_1_305' title='bbox 810 3847 841 3899; x_wconf 89' lang='lat' dir='ltr'><strong>in</strong></span> <span class='ocrx_word' id='word_1_306' title='bbox 855 3847 966 3913; x_wconf 73' lang='lat' dir='ltr'><strong>origine</strong></span> <span class='ocrx_word' id='word_1_307' title='bbox 982 3849 1068 3903; x_wconf 88' lang='lat' dir='ltr'><strong>nnius</strong></span> <span class='ocrx_word' id='word_1_308' title='bbox 1086 3852 1122 3904; x_wconf 84' lang='lat' dir='ltr'><strong>ab</strong></span> <span class='ocrx_word' id='word_1_309' title='bbox 1145 3854 1256 3906; x_wconf 83' lang='lat' dir='ltr'><strong>altero:</strong></span> <span class='ocrx_word' id='word_1_310' title='bbox 1279 3845 1361 3918; x_wconf 76' lang='lat' dir='ltr'><strong>«quod</strong></span> 
     </span>
    </p>
   </div>
   <div class='ocr_carea' id='block_1_3' title="bbox 214 3929 1364 4097">
    <p class='ocr_par' dir='ltr' id='par_1_8' title="bbox 214 3929 1364 4097">
     <span class='ocr_line' id='line_1_37' title="bbox 216 3929 1363 4009; baseline 0.01 -27"><span class='ocrx_word' id='word_1_311' title='bbox 216 3929 314 3997; x_wconf 87' lang='lat' dir='ltr'><strong>prodit</strong></span> <span class='ocrx_word' id='word_1_312' title='bbox 330 3945 364 3983; x_wconf 85' lang='lat' dir='ltr'><strong>ex</strong></span> <span class='ocrx_word' id='word_1_313' title='bbox 387 3932 503 3999; x_wconf 83' lang='lat' dir='ltr'><strong>aliquo,</strong></span> <span class='ocrx_word' id='word_1_314' title='bbox 529 3934 681 3987; x_wconf 86' lang='lat' dir='ltr'><strong>secundum</strong></span> <span class='ocrx_word' id='word_1_315' title='bbox 700 3935 742 3987; x_wconf 86' lang='lat' dir='ltr'><strong>eit</strong></span> <span class='ocrx_word' id='word_1_316' title='bbox 759 3935 822 3989; x_wconf 89' lang='lat' dir='ltr'><strong>eius</strong></span> <span class='ocrx_word' id='word_1_317' title='bbox 845 3936 879 3989; x_wconf 89' lang='lat' dir='ltr'><strong>de</strong></span> <span class='ocrx_word' id='word_1_318' title='bbox 900 3952 955 4004; x_wconf 87' lang='lat' dir='ltr'><strong>qno</strong></span> <span class='ocrx_word' id='word_1_319' title='bbox 975 3937 1074 4005; x_wconf 83' lang='lat' dir='ltr'><strong>prodit</strong></span> <span class='ocrx_word' id='word_1_320' title='bbox 1084 3961 1110 3993; x_wconf 72' lang='lat' dir='ltr'><strong>s.</strong></span> <span class='ocrx_word' id='word_1_321' title='bbox 1132 3943 1255 4009; x_wconf 87' lang='lat' dir='ltr'><strong>Insuper</strong></span> <span class='ocrx_word' id='word_1_322' title='bbox 1276 3940 1363 3994; x_wconf 71' lang='lat' dir='ltr'><strong>diserte</strong></span> 
     </span>
     <span class='ocr_line' id='line_1_38' title="bbox 214 4018 1364 4097; baseline 0.007 -25"><span class='ocrx_word' id='word_1_323' title='bbox 214 4018 348 4087; x_wconf 81' lang='lat' dir='ltr'><strong>declarat,</strong></span> <span class='ocrx_word' id='word_1_324' title='bbox 370 4021 509 4089; x_wconf 87' lang='lat' dir='ltr'><strong>Spiritum</strong></span> <span class='ocrx_word' id='word_1_325' title='bbox 529 4037 591 4076; x_wconf 88' lang='lat' dir='ltr'><strong>esse</strong></span> <span class='ocrx_word' id='word_1_326' title='bbox 610 4025 738 4091; x_wconf 84' lang='lat' dir='ltr'><strong>tertium,</strong></span> <span class='ocrx_word' id='word_1_327' title='bbox 759 4026 828 4093; x_wconf 86' lang='lat' dir='ltr'><strong>quis</strong></span> <span class='ocrx_word' id='word_1_328' title='bbox 848 4028 1000 4095; x_wconf 73' lang='lat' dir='ltr'><strong>supposita</strong></span> <span class='ocrx_word' id='word_1_329' title='bbox 1024 4031 1211 4094; x_wconf 68' lang='lat' dir='ltr'><strong>generatione</strong></span> <span class='ocrx_word' id='word_1_330' title='bbox 1229 4030 1297 4085; x_wconf 77' lang='lat' dir='ltr'><strong>l&#39;ilii</strong></span> <span class='ocrx_word' id='word_1_331' title='bbox 1316 4041 1364 4097; x_wconf 80' lang='lat' dir='ltr'><strong>pre</strong></span> 
     </span>
    </p>
   </div>
   <div class='ocr_carea' id='block_1_4' title="bbox 212 4106 1364 4271">
    <p class='ocr_par' dir='ltr' id='par_1_9' title="bbox 212 4106 1364 4271">
     <span class='ocr_line' id='line_1_39' title="bbox 214 4106 1364 4189; baseline 0.013 -26"><span class='ocrx_word' id='word_1_332' title='bbox 214 4106 291 4163; x_wconf 84' lang='lat' dir='ltr'><strong>cedit</strong></span> <span class='ocrx_word' id='word_1_333' title='bbox 309 4125 343 4162; x_wconf 84' lang='lat' dir='ltr'><strong>ex</strong></span> <span class='ocrx_word' id='word_1_334' title='bbox 362 4110 448 4163; x_wconf 85' lang='lat' dir='ltr'><strong>Patre</strong></span> <span class='ocrx_word' id='word_1_335' title='bbox 473 4113 504 4163; x_wconf 91' lang='lat' dir='ltr'><strong>et</strong></span> <span class='ocrx_word' id='word_1_336' title='bbox 530 4111 629 4181; x_wconf 78' lang='lat' dir='ltr'><strong>Filio,</strong></span> <span class='ocrx_word' id='word_1_337' title='bbox 652 4112 729 4168; x_wconf 87' lang='lat' dir='ltr'><strong>sicut</strong></span> <span class='ocrx_word' id='word_1_338' title='bbox 752 4113 864 4170; x_wconf 77' lang='lat' dir='ltr'><strong>fructus</strong></span> <span class='ocrx_word' id='word_1_339' title='bbox 891 4131 926 4170; x_wconf 86' lang='lat' dir='ltr'><strong>ex</strong></span> <span class='ocrx_word' id='word_1_340' title='bbox 949 4116 1046 4173; x_wconf 82' lang='lat' dir='ltr'><strong>radice</strong></span> <span class='ocrx_word' id='word_1_341' title='bbox 1070 4121 1102 4174; x_wconf 84' lang='lat' dir='ltr'><strong>et</strong></span> <span class='ocrx_word' id='word_1_342' title='bbox 1127 4119 1234 4177; x_wconf 68' lang='lat' dir='ltr'><strong>statice</strong></span> <span class='ocrx_word' id='word_1_343' title='bbox 1257 4124 1307 4177; x_wconf 79' lang='lat' dir='ltr'><strong>eta</strong></span> <span class='ocrx_word' id='word_1_344' title='bbox 1323 4113 1364 4189; x_wconf 72' lang='lat'><strong>(01-</strong></span> 
     </span>
     <span class='ocr_line' id='line_1_40' title="bbox 212 4197 566 4271; baseline 0.02 -21"><span class='ocrx_word' id='word_1_345' title='bbox 212 4197 314 4254; x_wconf 72' lang='lat' dir='ltr'><strong>Peter.</strong></span> <span class='ocrx_word' id='word_1_346' title='bbox 323 4200 388 4253; x_wconf 88' lang='lat' dir='ltr'><strong>v11.</strong></span> <span class='ocrx_word' id='word_1_347' title='bbox 400 4215 424 4254; x_wconf 92' lang='lat' dir='ltr'><strong>c.</strong></span> <span class='ocrx_word' id='word_1_348' title='bbox 435 4200 463 4254; x_wconf 85' lang='grc'><strong>8.</strong></span> <span class='ocrx_word' id='word_1_349' title='bbox 475 4215 505 4253; x_wconf 91' lang='lat' dir='ltr'><strong>n.</strong></span> <span class='ocrx_word' id='word_1_350' title='bbox 514 4198 566 4271; x_wconf 73' lang='grc'>2.).</span> 
     </span>
    </p>
   </div>
   <div class='ocr_carea' id='block_1_5' title="bbox 0 0 1599 4950">
    <p class='ocr_par' dir='ltr' id='par_1_10' title="bbox 0 0 1599 4950">
     <span class='ocr_line' id='line_1_41' title="bbox 0 0 1599 4950; baseline 0 0"><span class='ocrx_word' id='word_1_351' title='bbox 0 0 1599 4950; x_wconf 95' lang='lat' dir='ltr'><strong> </strong></span> 
     </span>
    </p>
   </div>
  </div>
 </body>
</html>
