3172 4950
704 331 741 344 -
766 299 823 360 154
843 332 881 346 -

209 403 299 472 dunt
320 402 531 472 vetustiores
553 402 689 489 Patres,
707 411 743 472 ot
759 405 947 473 arbitrium
963 426 1030 496 qno
1049 426 1169 474 eornm
1192 405 1393 476 sententiae

208 509 381 578 reducunt
395 509 439 578 ad
456 508 706 600 explicationes
722 511 866 580 Petrum
890 512 1135 602 posteriorum,
1153 534 1225 580 non
1247 512 1387 581 imiten-

208 617 290 686 dum
313 617 372 686 sed
396 619 513 708 potius
528 618 793 710 reprehensione
816 620 962 709 dignum
976 625 1033 689 est
1046 646 1077 688 n.
1095 619 1261 689 Ceterum
1274 621 1381 712 quoad

209 724 402 794 doctrinam
423 725 568 794 Petrum
591 726 895 796 antenicaenorum
912 734 1058 797 'mauros
1080 748 1145 795 nos
1166 749 1247 797 esse
1269 727 1378 797 iubent

208 855 249 902 ex
272 833 445 924 principio
467 841 588 902 nostra
611 841 726 904 aetate
750 836 951 927 frequenter
974 836 1137 927 repetito,
1164 835 1260 927 quod
1276 836 1376 904 fateor

208 963 260 1010 me
276 962 344 1009 non
360 941 572 1031 intelligere,
590 942 675 1034 quid
692 942 761 1011 sibi
777 942 878 1026 velit,
904 943 1042 1035 quaudo
1065 966 1134 1012 uon
1150 943 1195 1012 de
1215 943 1332 1012 animo
1344 964 1374 1013 ee

208 1048 389 1120 voluntate
412 1049 590 1118 hominum
614 1050 673 1119 sed
697 1050 739 1119 de
762 1050 923 1120 doctrina
945 1051 1068 1139 agitur
1091 1057 1129 1120 et
1151 1051 1196 1119 de
1214 1049 1375 1120 sententis

208 1159 245 1226 in
268 1179 304 1227 se
327 1157 496 1228 obiective
520 1164 700 1248 spectata3
727 1159 831 1227 aiunt
852 1159 943 1227 enim
967 1158 1135 1228 velutad
1158 1158 1374 1228 sufficientem

208 1266 403 1359 apologiam
426 1289 488 1357 pro
512 1288 597 1334 sana
619 1266 779 1335 doctrina
800 1265 943 1335 illorum
965 1267 1125 1334 Petrum:
1154 1266 1287 1358 equod
1307 1267 1375 1336 hae

208 1374 354 1445 reticem
378 1374 489 1458 fecit,
514 1398 582 1443 non
604 1381 659 1443 ost
681 1397 803 1445 manca
825 1375 883 1445 vel
905 1376 1011 1444 etiam
1042 1374 1136 1444 falsa
1164 1374 1308 1444 theoria
1326 1373 1376 1443 sed

208 1505 330 1553 manca
344 1506 385 1553 ae
399 1506 565 1575 perversa
580 1483 666 1553 fides
682 1485 912 1574 pertinaciter
928 1491 1077 1553 retenta.
1094 1511 1111 1546 n
1129 1484 1290 1552 Rursum
1305 1503 1376 1551 vero

150 1634 153 1639 -
208 1590 312 1661 iidem
335 1589 491 1680 theologi
507 1614 575 1659 non
591 1592 830 1684 infrequenter
854 1593 906 1662 ita
921 1591 1125 1685 loquuntur,
1143 1597 1187 1660 ut
1203 1591 1377 1662 concedere

210 1698 408 1783 videantur,
434 1720 506 1766 rem
523 1698 634 1788 ipsam
651 1698 801 1768 unitatis
823 1704 973 1767 naturae
996 1699 1034 1767 in
1057 1699 1218 1788 personis
1241 1698 1374 1769 dietinc

208 1808 257 1877 tis
280 1807 403 1875 Patres
425 1805 467 1873 de
490 1806 617 1898 quibus
637 1806 771 1894 agitur,
788 1807 909 1899 utique
922 1807 1089 1893 tenuisse,
1107 1807 1168 1876 sed
1185 1806 1299 1876 solum
1317 1828 1376 1875 uon

211 1916 300 1986 satis
316 1914 408 1984 clare
426 1921 462 1983 et
478 1915 644 1983 distincte
671 1915 861 2006 exprimere
885 1915 1052 2000 valuisse,
1071 1915 1162 2007 qnod
1179 1915 1264 1984 fidei
1285 1912 1376 1984 iutel-

208 2024 304 2094 lectu
327 2021 577 2113 concipiebant.
603 2024 654 2092 At
676 2023 707 2090 si
731 2023 784 2092 ite
807 2029 871 2108 est,
898 2024 1065 2114 quomodo
1087 2045 1156 2092 uon
1181 2030 1321 2114 oportet
1339 2020 1375 2090 il·

208 2132 320 2202 lorum
336 2136 493 2200 veterum
506 2131 696 2199 sententias
712 2131 897 2200 conciliare
912 2154 991 2200 oum
1006 2130 1376 2223 doctrinaeubsequen·

206 2240 296 2310 tium
311 2244 348 2308 et
364 2261 441 2307 cum
464 2239 695 2329 explicatione
712 2238 887 2309 catholice
901 2239 1093 2329 mysterii?
1116 2239 1220 2308 Certe
1236 2245 1315 2308 tota
1326 2260 1375 2307 ex·

208 2345 352 2440 plicatio
374 2344 553 2414 doctrinae
575 2346 720 2414 Petrum
744 2346 1049 2415 antenicaeuorum
1072 2368 1095 2413 a
1116 2346 1208 2415 viris
1226 2345 1286 2415 his
1307 2366 1375 2415 eru·

208 2453 293 2524 ditis
308 2452 497 2543 proposita,
516 2459 558 2520 ut
572 2452 610 2520 iu
625 2451 864 2541 intelligentia
879 2453 1054 2542 dogmatis
1066 2453 1108 2522 de
1125 2452 1190 2521 SS.
1206 2451 1376 2521 Triuiae

207 2583 429 2654 progressum
454 2560 639 2629 ostendant
661 2561 704 2627 ab
727 2560 930 2650 imperfecto
952 2560 997 2630 ad
1021 2560 1226 2652 perfectius,
1251 2567 1297 2630 ut
1315 2558 1377 2651 ipsi

208 2670 321 2754 aiunt,
340 2667 427 2737 mihi
443 2690 482 2737 eo
497 2668 639 2737 tendere
663 2667 817 2754 videtur,
844 2675 885 2737 ut
907 2668 1096 2738 inducatur
1110 2668 1242 2758 opinio,
1261 2668 1376 2737 Patres

209 2778 304 2868 ipsos
324 2777 506 2867 plerosque
537 2776 618 2846 inde
641 2778 685 2845 ab
708 2775 887 2867 Apostolis
916 2777 1093 2870 usquead
1123 2777 1304 2846 saeculum
1330 2773 1376 2847 IV

209 2884 299 2954 nihil
323 2885 394 2953 rati
418 2908 458 2954 ao
481 2885 544 2953 fixi
568 2884 743 2970 habuisse,
770 2907 837 2977 quo
861 2908 964 2954 sensu
987 2883 1151 2953 Christus
1174 2885 1242 2953 Dei
1264 2881 1372 2952 Filius

209 2993 258 3063 ait
279 2992 486 3086 dicaturque
509 2993 616 3076 Deus,
636 3015 702 3083 quo
717 3015 821 3061 sensu
836 2998 922 3072 tres,
941 2992 1058 3076 Pater,
1076 2991 1206 3076 Filius,
1225 2990 1376 3082 Spiritus

209 3101 370 3186 Sanctus,
396 3101 470 3170 sint
492 3124 584 3170 unus
607 3102 713 3188 Deus,
731 3100 799 3169 imo
823 3123 906 3170 vero
929 3100 1071 3169 videtur
1086 3122 1130 3169 ex
1146 3099 1274 3169 horum
1290 3099 1376 3170 theo

208 3209 366 3298 logorum
389 3208 737 3299 interpretationibus
760 3208 942 3300 consequi,
968 3207 1141 3280 unitatem
1162 3207 1294 3277 realem
1314 3207 1377 3276 aiu·

208 3314 416 3407 gularitatis
445 3315 512 3383 Dei
534 3320 570 3382 et
592 3315 669 3384 ideo
701 3313 1101 3384 consubstantialitatem
1131 3336 1375 3404 personam,

207 3446 295 3519 quae
311 3423 378 3491 duo
394 3423 558 3512 dogmata
581 3429 665 3491 suut
683 3452 699 3486 e
717 3422 916 3491 substantia
931 3422 1014 3492 novi
1031 3422 1249 3491 Testamenti
1264 3450 1296 3507 n,
1313 3419 1378 3512 pri·

209 3532 275 3603 mia
290 3531 439 3601 saeculis
456 3532 566 3601 fuisse
583 3532 706 3600 saltem
730 3530 906 3624 plerisque
922 3530 1133 3600 Doctoribus
1149 3552 1258 3623 eoque
1273 3529 1378 3620 magis

208 3640 291 3710 aliie
313 3640 475 3710 fidelibus
498 3640 612 3710 adhuc
636 3640 896 3731 incompertam.

274 3749 327 3817 At
348 3749 453 3818 talem
477 3771 710 3839 progressum,
730 3746 760 3815 si
777 3747 900 3835 agitur
929 3745 1123 3815 universim
1146 3746 1189 3815 de
1213 3743 1378 3814 catholieo

208 3856 392 3926 intellectu
414 3862 450 3926 et
472 3879 540 3924 non
564 3855 675 3924 solum
691 3855 733 3923 de
754 3876 873 3924 errore
889 3854 995 3922 unius
1011 3852 1206 3922 alteriusve
1221 3851 1377 3922 Doctoris

122 3996 126 4001 ·
209 3965 354 4050 vetusti,
379 3964 522 4033 admitti
545 3987 613 4032 non
635 3985 747 4054 posse,
767 3962 999 4032 certissimum
1015 3967 1069 4030 est
1083 3967 1159 4030 tum
1182 3984 1225 4031 ex
1242 3958 1378 4053 proprie

207 4074 342 4143 ratione
366 4072 473 4141 buius
495 4072 692 4162 dogmatis,
719 4071 760 4140 de
785 4094 851 4163 quo
875 4091 1064 4140 sermonem
1094 4067 1284 4155 habemus,
1308 4075 1377 4137 tum

207 4206 249 4254 ex
273 4181 395 4267 modo,
421 4202 488 4274 quo
511 4181 635 4248 Patres
657 4180 905 4271 subsequentes
929 4200 1030 4246 suum
1054 4199 1284 4247 consensuum
1306 4194 1377 4245 oum

207 4290 372 4362 Patribus
393 4287 651 4380 antiquioribus
674 4287 797 4356 testati
821 4292 915 4371 sunt,
941 4292 1015 4354 tum
1031 4307 1074 4353 ex
1090 4283 1223 4353 diserte
1238 4290 1277 4354 et
1296 4304 1377 4352 oom-

208 4398 305 4471 muni
328 4397 488 4468 doctriua
511 4397 655 4466 Petrum
679 4415 720 4465 ao
742 4401 940 4485 martyrum
962 4391 1281 4463 antenicaenorum.
1370 4408 1373 4412 ·
