3172 4950
553 371 590 383 -
615 338 653 398 13
673 368 711 383 ..

74 446 128 515 Nos
139 450 273 514 autem..
293 443 490 534 accepimus
516 442 706 533 Spiritum,
722 445 783 536 qui
804 466 847 513 ex
862 443 935 514 Dao
946 449 1030 514 astu
1050 445 1068 512 1
1083 444 1160 515 Cor.
1176 444 1225 515 ΙΙ.

76 555 172 622 10-12.
187 552 405 622 Conisreuda
421 551 506 620 haec
523 556 607 620 sunt
630 572 705 620 oum
729 551 787 637 iis,
811 574 899 644 quae
921 551 1088 622 dicuntur
1112 554 1154 622 dc
1176 575 1228 623 re·

74 662 177 731 latione
197 662 293 731 inter
319 662 429 729 Deum
454 660 546 750 apud
563 682 664 750 quem
681 666 758 729 erat
780 660 946 746 Verbum,
974 667 1010 729 et
1031 662 1124 730 inter
1140 660 1225 730 Var-

74 772 134 838 bnm
152 769 213 837 Dei
238 768 426 861 quoderat
448 769 553 836 Deus:
583 768 766 837 «Verbum
797 775 875 838 arat
897 769 990 860 apud
1012 770 1122 839 Deum
1141 798 1157 831 n
1179 804 1225 831 =

76 878 175 945 allans
197 898 259 966 per
284 876 458 966 Spiritum
482 898 625 944 snum...
655 875 835 975 Spiritus,
862 876 923 968 qui
946 877 984 945 in
1007 878 1083 968 ipso
1111 882 1166 947 est
1183 902 1225 964 »3

76 989 124 1051 «et
141 983 231 1051 Deus
254 990 330 1051 erut
346 983 527 1052 Verbumn
549 1018 593 1042 ε
616 1011 632 1047 n
651 984 807 1074 Spiritus
828 989 1008 1054 scrutatur
1031 986 1136 1055 atium
1151 1008 1228 1076 pro·

73 1090 160 1159 lunda
180 1090 288 1159 Dei...
308 1112 406 1159 nemo
423 1090 589 1179 cognovit
611 1091 681 1159 nisi
706 1091 862 1181 Spiritus
884 1090 991 1161 Dein.

121 1198 220 1266 Porro
244 1198 339 1267 sicut
360 1197 468 1266 Pater
490 1206 527 1267 et
549 1198 666 1267 Filius
698 1202 845 1269 veniunt
871 1200 915 1269 ad
938 1222 1000 1269 nos
1031 1207 1065 1271 et
1088 1208 1228 1273 manent
1278 1248 1284 1257 -

73 1306 234 1391 innobis,
264 1306 317 1375 ita
344 1329 421 1375 cum
445 1307 551 1377 Patre
573 1315 608 1377 at
631 1307 725 1378 Filio
753 1309 851 1377 venit
877 1316 912 1378 et
932 1315 1048 1379 manet
1071 1309 1228 1401 Spiritus

73 1412 199 1482 Sanctus
213 1413 264 1482 lo.
284 1414 382 1482 XIV.
400 1414 525 1481 17-23.
540 1414 632 1484 Iusti
650 1421 732 1483 suut
743 1416 911 1507 templum
926 1418 1081 1506 Spiritus
1093 1418 1227 1499 Sancti,
1328 1438 1331 1443 ·

73 1528 98 1590 et
116 1523 172 1592 hoo
188 1524 264 1612 ipso
282 1524 442 1612 tempiemn
459 1524 536 1591 Dei.-
559 1554 574 1586 a
593 1525 747 1593 Nescitis
765 1526 847 1617 quia
863 1525 1029 1614 templum
1044 1526 1110 1595 Dei
1126 1526 1224 1615 estis,

73 1636 99 1697 et
118 1631 267 1721 Spiritus
290 1630 354 1699 Dei
370 1630 509 1700 habitat
532 1631 570 1698 in
587 1633 686 1699 vobis
705 1660 721 1693 n
750 1632 860 1701 lCor.
881 1631 950 1701 III.
970 1633 1025 1720 16;
1048 1664 1065 1698 a
1077 1634 1229 1703 membra

74 1744 168 1805 vestra
188 1739 357 1830 templum
373 1744 458 1807 sunt
473 1738 628 1831 Spiritus
645 1740 777 1825 Sancti,
797 1741 912 1832 quiin
929 1740 1028 1809 vobis
1043 1747 1109 1826 est,
1128 1765 1228 1833 quem

74 1846 185 1915 habetis
197 1869 218 1914 a
230 1848 314 1931 Deo,
330 1854 449 1915 utnon
467 1847 554 1916 estis
570 1848 709 1918 vestri»
725 1848 1225 1920 ib.V1.190f.2.cor.V1.1o.

121 1953 181 2023 Est
203 1954 277 2044 ipse
302 1953 459 2044 Spiritus
483 1955 634 2025 Sanctus
658 1957 694 2023 in
718 1957 817 2024 nobis
841 1961 965 2025 auctor
988 1962 1024 2026 ot
1048 1979 1153 2027 causa
1175 1982 1227 2029 ra·
1347 2034 1351 2041 ,

74 2060 591 2151 generationissupernaturalis.
607 2062 707 2131 Siout
728 2064 818 2131 enim
831 2062 980 2132 dicimur
995 2067 1093 2131 nasci
1105 2088 1146 2132 cto
1157 2066 1227 2133 Deo

74 2168 121 2251 (lo.
137 2168 164 2235 I.
181 2168 250 2263 13),
268 2168 324 2237 ita
347 2167 491 2238 dicitur:
521 2171 622 2238 anisi
645 2154 723 2262 quis
746 2187 886 2237 renatus
904 2172 1021 2259 fuerit
1035 2196 1076 2239 ex
1092 2198 1184 2264 aqua
1196 2190 1229 2241 ut

73 2278 186 2366 Spiritu
217 2279 376 2346 Sancto»
397 2278 447 2346 lo.
474 2278 522 2345 II.
540 2280 572 2346 5.
589 2277 691 2348 Sicut
712 2280 857 2349 dicitur:
887 2310 904 2345 u
922 2282 1078 2348 claritas
1102 2306 1143 2348 cto
1159 2284 1228 2351 Deo

73 2399 124 2466 eru·
142 2392 177 2455 et
198 2386 310 2454 omnis
333 2386 394 2478 qui
418 2384 560 2475 diligit,
587 2411 627 2457 en
651 2388 723 2456 Deo
750 2393 970 2457 natusest...
996 2389 1091 2457 Deus
1114 2388 1229 2458 chari·

71 2498 112 2561 m
130 2500 204 2580 est3
235 2501 272 2562 et
294 2494 356 2584 qui
379 2500 495 2562 manet
517 2495 554 2561 in
578 2494 765 2580 charitate,
791 2495 828 2562 in
851 2497 923 2564 Deo
946 2502 1062 2565 manet
1084 2504 1120 2567 et
1134 2498 1228 2566 Deus

70 2600 97 2669 in
114 2625 178 2670 eor
206 2602 226 2669 1
243 2602 295 2669 Io.
310 2601 373 2669 IV.
386 2602 418 2670 7.
432 2604 487 2690 16;
503 2603 555 2671 ita
577 2604 723 2672 dicitur:
751 2633 767 2667 n
786 2605 939 2670 sicuritas
950 2603 1018 2671 Dei
1035 2596 1229 2692 diffueaust

70 2710 97 2775 in
114 2710 267 2777 cordibus
289 2713 417 2776 uostris
432 2734 497 2800 per
516 2712 687 2800 Spiritum
704 2714 877 2793 Susam,
897 2711 958 2803 qui
981 2711 1086 2781 datus
1101 2718 1155 2781 est
1169 2722 1229 2781 no·>

68 2816 144 2885 bis...
162 2817 360 2907 Accepistis
386 2816 559 2907 Spiritum
582 2818 782 2909 adoptionis
818 2818 1013 2888 filiorum...
1039 2820 1114 2910 ipse
1137 2820 1229 2891 enim

67 2922 207 3014 Spiritus
232 2924 471 2993 testimonium
498 2925 616 2995 reddit
645 2926 792 3016 spiritui
820 2932 959 3012 nostro,
986 2928 1075 3019 quod
1110 2951 1229 2998 sumus

67 3031 120 3101 filii
134 3034 199 3101 Dei
214 3060 230 3094 n
248 3032 671 3121 Rom.v.5;v11.15.16;
691 3034 771 3102 Gal.
786 3034 849 3102 IV.
865 3035 898 3102 6.
914 3034 1074 3104 Omnium
1098 3036 1229 3105 charis·
1274 3100 1277 3105 .

66 3148 204 3226 uatum,
230 3163 377 3232 quorum
400 3146 522 3209 auctor
545 3163 613 3209 non
636 3147 752 3231 potest
774 3164 848 3211 esse
870 3141 940 3210 nisi
963 3143 1081 3229 Deus,
1108 3150 1230 3213 auctor

67 3254 108 3316 ct
128 3248 282 3339 Spiritus
306 3248 467 3317 Sanctus.
498 3250 680 3317 «Dabitur
704 3250 802 3317 vobis
819 3250 857 3318 iu
881 3249 947 3317 illa
963 3250 1061 3336 hora,
1079 3251 1164 3343 qnid
1179 3251 1228 3320 lo-

68 3356 229 3446 quamini3
255 3356 437 3425 nonenim
462 3378 524 3424 vos
547 3357 633 3426 estis
658 3356 719 3449 qui
743 3357 954 3449 loquimini,
986 3358 1046 3427 sed
1074 3358 1230 3449 Spiritus

68 3462 170 3533 Putris
193 3464 328 3548 vestri,
355 3465 415 3555 qui
438 3464 597 3557 loquitur
621 3465 659 3531 in
683 3464 813 3533 vobis»
832 3465 953 3535 Mox.
971 3466 1025 3535 19.
1041 3466 1097 3553 20;
1127 3488 1230 3536 cooe-

67 3576 180 3658 pcrnnt
202 3570 299 3662 loqui
322 3570 434 3640 variis
456 3571 614 3660 linguis,
640 3577 746 3661 prout
769 3571 927 3661 Spiritus
952 3572 1102 3643 Sanctus
1124 3573 1232 3643 dabat

67 3678 167 3773 eloqui
189 3680 266 3749 illis
279 3708 296 3743 a
322 3681 519 3768 Act.11,4;
543 3710 559 3743 u
574 3680 731 3770 Spiritus
748 3681 898 3750 Sanctus
920 3704 982 3773 per
1005 3705 1121 3751 omnes
1144 3682 1230 3753 civi·

65 3793 144 3858 tutes
167 3788 254 3857 mihi
277 3794 496 3879 protestatur
519 3789 659 3873 dicens,
689 3789 852 3882 quoniam
882 3789 1026 3859 vincula
1052 3798 1089 3859 et
1118 3790 1229 3861 tribu·

66 3894 201 3966 lationos
223 3896 449 3985 Ierosolymis
473 3921 525 3966 me
549 3904 721 3965 manent»
748 3898 795 3965 ib.
822 3898 902 3965 XX.
917 3897 988 3986 223
1018 3900 1232 3969 «unumne

66 4003 198 4087 (Psulns
221 4028 300 4075 oum
324 4006 441 4091 sociis)
465 4006 516 4074 irc
540 4006 577 4073 in
600 4004 821 4094 Bithyniam,
847 4011 884 4074 et
906 4028 975 4074 non
998 4006 1160 4097 permisit
1174 4030 1231 4077 eos

66 4112 208 4203 Spiritus
216 4115 317 4182 Iesuo
332 4115 378 4182 ib.
391 4114 527 4184 XVI.7.
542 4117 675 4199 (confer
688 4113 800 4207 quoad
814 4136 886 4182 rem
899 4116 1011 4205 ipsam
1022 4116 1228 4185 ActXXII.

66 4218 127 4305 lap
153 4244 251 4288 cnon
274 4219 456 4291 voluntate
477 4221 630 4291 humana
653 4221 763 4291 allatu
793 4227 847 4290 est
869 4221 1056 4315 aliquando
1084 4222 1230 4314 propha-

65 4326 128 4411 tia,
153 4330 211 4397 sed
228 4328 366 4420 Spiritu
377 4330 505 4399 Sancto
517 4329 682 4422 inspirati
701 4324 770 4419 (ὑπο
786 4353 952 4417 πνευματος
966 4328 1055 4420 elyseo
1066 4326 1227 4423 φερομενοι)

66 4431 164 4505 locuti
187 4444 270 4506 sunt
294 4439 408 4507 sancti
430 4439 494 4507 Dei
517 4440 698 4507 hominess
718 4437 1231 4527 2Pee.1.21;nsorutecisune
