3180 4944
708 339 747 353 -
767 304 830 368 552
851 338 889 352 -

210 410 289 478 fuso
312 410 507 500 probemus,
522 432 625 503 quam
642 411 794 481 utsicut
808 410 980 481 hactenus
996 432 1038 480 ex
1048 410 1383 518 testimoniisScrip

208 523 310 584 turae
333 515 386 586 ita
401 517 564 586 etiamex
580 517 727 586 Petrum
750 517 912 588 doctrina
935 516 1166 586 fundamenta
1189 524 1383 608 praestrua-

209 655 286 701 mus
309 632 353 700 ad
376 632 531 724 aliquam
554 634 829 725 intelligentiam
852 636 944 704 modi
976 633 1083 703 huius
1115 634 1383 706 inhabitationis

208 744 245 808 et
267 739 421 809 unionis.
446 793 452 803 .
700 811 705 820 ,

274 845 490 939 Frequenter
503 845 566 949 SS.
581 848 705 917 Patres
728 847 852 918 docent
874 848 912 915 in
936 847 1171 917 sanctificatis
1189 848 1381 939 participa·

210 956 334 1020 tionem
358 953 515 1044 Spiritus
539 954 661 1025 Sancti
683 960 721 1024 et
738 956 1049 1044 participationem
1061 953 1208 1024 divinae
1224 961 1379 1026 naturae.

207 1061 445 1150 Distinguunt
467 1084 549 1132 vero
565 1063 697 1132 diserte
719 1048 833 1153 ipsine
847 1084 1013 1154 personae
1030 1062 1174 1132 divinae
1198 1063 1381 1155 participa·

208 1167 338 1236 tionem
362 1167 464 1238 velut
488 1169 704 1235 terminatius
728 1175 932 1260 spectatam,
951 1189 1040 1260 quae
1054 1174 1110 1238 est
1124 1168 1298 1259 specialis
1312 1191 1380 1239 con·

208 1273 343 1343 iunctio
365 1279 401 1343 et
423 1274 549 1344 relatio
571 1275 616 1344 ad
632 1276 789 1346 divinam
816 1296 1008 1367 personam,
1022 1280 1059 1344 et
1079 1274 1380 1366 participationem

207 1385 356 1450 naturae
378 1381 521 1452 divinae
542 1384 729 1470 formalem
764 1382 822 1451 sed
856 1383 1042 1473 asclepam
1071 1405 1134 1473 par
1166 1382 1381 1453 inhaerentia

209 1488 299 1556 dona
322 1488 488 1576 gratiae,
515 1509 602 1580 quae
633 1511 655 1557 a
686 1489 826 1580 Spiritu
857 1488 1077 1558 inhabitante
1108 1490 1379 1578 promanantin

209 1595 361 1663 animam
385 1617 527 1688 eamque
550 1602 732 1682 exornant,
752 1601 789 1665 et
805 1601 889 1665 sunt
910 1601 986 1665 tum
1009 1597 1157 1666 effectus
1174 1602 1252 1665 tum
1267 1598 1377 1668 vincu-

210 1703 282 1770 lum
309 1703 522 1792 coniungens
546 1704 699 1774 eiusdem
724 1703 959 1773 inhabitantis
982 1702 1141 1794 Spiritus
1169 1703 1235 1793 (1).
1266 1705 1377 1773 Allato

209 1815 310 1879 textu
326 1810 430 1882 Pauli
446 1811 479 1881 1.
490 1811 568 1882 Cor.
586 1813 670 1883 XII.
684 1813 719 1880 4:
737 1842 753 1877 u
767 1812 957 1882 divisiones
969 1811 1170 1901 gratiarum
1182 1819 1282 1898 suut,
1296 1813 1376 1882 idem

93 1906 98 1924 '
208 1924 325 1988 autem
342 1919 533 2010 Spiritus»
560 1925 642 2006 eta,
661 1921 713 1990 ita
728 1924 979 1991 commentatur
1001 1919 1238 1988 Athanasius:
1267 1941 1375 2012 equas

106 2037 112 2048 '
209 2025 367 2115 Spiritus
390 2027 543 2116 singulis
567 2027 775 2113 distribuit,
800 2049 841 2123 ea
864 2048 886 2094 a
908 2027 1013 2095 Patre
1035 2048 1099 2115 per
1120 2027 1281 2096 Verbum
1302 2028 1372 2095 dan·

209 2137 295 2220 tur;
319 2155 399 2202 nam
423 2135 538 2202 omnia
560 2157 648 2227 quae
671 2133 790 2203 Patris
813 2139 917 2219 sunt,
943 2139 1028 2203 sunt
1049 2122 1156 2202 etiam
1172 2133 1276 2220 Filii,
1294 2133 1372 2202 unde

208 2260 249 2308 ea
272 2261 360 2331 quae
383 2262 404 2307 a
426 2239 520 2309 Filio
543 2241 581 2309 in
606 2242 743 2333 Spiritu
767 2242 909 2328 dantur,
923 2241 1138 2310 Patrissunt
1162 2240 1368 2311 muneralit

209 2370 286 2416 cum
310 2347 468 2438 Spiritus
491 2350 528 2418 in
553 2350 653 2419 nobis
676 2356 751 2436 est,
777 2349 884 2419 etiam
907 2349 1060 2420 Verbum
1089 2348 1194 2419 illum
1227 2350 1311 2418 dans
1336 2350 1365 2443 iu

208 2455 307 2524 nobis
329 2462 384 2525 est
399 2463 436 2525 et
458 2458 496 2526 in
519 2458 634 2527 Verbo
657 2466 712 2528 est
733 2459 861 2544 Pater,
886 2464 992 2550 atque
1014 2457 1068 2525 ita
1082 2455 1125 2525 fit
1140 2457 1247 2532 illude
1265 2452 1361 2547 venie}

208 2585 285 2631 mus
308 2586 372 2653 ego
395 2570 432 2634 et
452 2566 559 2634 Pater
582 2572 617 2635 ct
640 2567 851 2635 mansionem
876 2567 968 2656 apud
992 2564 1375 2649 sustenementum.

208 2670 420 2739 dictumest.
436 2671 504 2739 Ubi
520 2672 611 2740 enim
624 2673 686 2741 lux
699 2679 764 2759 est,
779 2674 829 2741 ibi
845 2679 899 2742 est
914 2679 950 2742 et
966 2671 1130 2763 splendor
1144 2661 1357 2761 (duauyucpsli
1379 2660 1390 2703 7

208 2785 244 2847 et
266 2779 326 2847 ubi
350 2780 534 2870 splendor,
562 2781 612 2848 ibi
636 2782 741 2850 etiam
759 2781 865 2849 huius
881 2787 935 2849 est
950 2779 1136 2850 efficientia
1149 2785 1185 2848 et
1197 2777 1355 2870 splendide

207 2887 327 2976 gratia
361 2885 393 2975 (ri
422 2910 525 2952 τουτου
555 2882 684 2979 ἑνεργεια
711 2911 762 2951 και
792 2883 948 2977 stupendus
975 2884 1092 2978 χαρις).
1120 2888 1222 2970 Quod
1252 2889 1354 2956 iterun

207 2995 339 3064 Paulus
363 2984 488 3064 docens
503 2995 541 3063 in
564 2995 597 3063 2.
617 2995 694 3064 Cor.
721 2996 870 3086 epistola
895 2995 1059 3085 scripsit:
1092 2996 1213 3084 gratia
1241 2990 1354 3063 Domini

206 3102 328 3172 Nostri
351 3104 431 3173 Iesu
455 3103 589 3173 Christi
612 3112 648 3172 et
671 3104 827 3173 charitas
849 3104 916 3173 Dei
931 3110 967 3171 et
979 3103 1246 3172 communicatio
1258 3097 1353 3170 Sancti

207 3208 365 3298 Spiritus
389 3234 466 3278 cum
491 3212 649 3279 omnibus
673 3213 785 3280 vobis.
804 3211 931 3280 Gratia
953 3211 1045 3280 enim
1072 3218 1108 3279 et
1132 3211 1258 3278 donum
1284 3203 1352 3298 quod

207 3315 244 3381 in
268 3314 446 3385 Trinitate
470 3317 595 3402 datur,
621 3319 728 3387 datur
752 3341 773 3385 a
795 3319 900 3387 Patre
924 3341 985 3409 per
1007 3318 1142 3386 Filium
1170 3318 1208 3386 in
1239 3315 1351 3407 Spiritu

207 3420 347 3490 Sancto.
364 3423 465 3493 Sicut
488 3447 634 3518 namque
658 3427 777 3514 gratia
791 3426 874 3494 data
896 3450 939 3495 ex
962 3426 1068 3494 Patre
1091 3432 1145 3493 est
1160 3447 1223 3514 per
1233 3423 1350 3496 Filium

207 3531 259 3599 ita
282 3532 547 3602 communicatio
570 3533 652 3602 doni
675 3535 713 3601 in
737 3533 836 3602 nobis
853 3534 929 3602 ficri
947 3556 1014 3600 non
1031 3538 1148 3622 potest
1163 3532 1234 3599 nisi
1248 3531 1281 3598 in
1296 3525 1351 3616 spi-

206 3641 282 3708 ritu
313 3640 452 3709 Sancto·
482 3641 598 3710 Huius
621 3642 802 3733 (Spiritus
826 3643 968 3728 Sancti)
998 3642 1170 3730 siquidem
1187 3639 1352 3729 participes

180 3728 318 3832 'effecto'
345 3745 461 3834 (τουτου
486 3771 543 3840 pap
570 3744 758 3837 μετεχοντες)
793 3753 949 3817 babemus
975 3752 1095 3817 Patris
1121 3754 1314 3819 charitatem
1329 3754 1351 3807 tl

258 3962 301 4037 (1)
319 3985 330 4012 a
347 3966 414 4020 Oum
433 3967 565 4022 diabolus
585 3974 717 4024 creatura
733 3971 805 4022 sit...
820 3985 876 4023 non
895 3971 997 4038 implet
1016 3971 1141 4037 aliquem
1157 3966 1350 4037 participatione

206 4054 250 4106 sui
261 4095 267 4121 ,
288 4070 379 4122 neque
396 4061 492 4123 potest
511 4062 631 4111 mentem
656 4059 822 4114 inhabitare
842 4061 887 4112 sui
908 4060 1145 4127 participatione,
1170 4061 1216 4113 vcl
1233 4073 1280 4126 per
1294 4063 1350 4107 susm

206 4143 430 4198 substantiam...
445 4145 572 4213 Spiritus
588 4151 682 4200 autern
702 4148 822 4202 Sanctus
842 4165 903 4202 cum
923 4150 998 4202 Deus
1019 4150 1069 4217 sit,
1082 4164 1224 4216 persuum
1244 4145 1349 4199 substru-

206 4233 275 4285 tiam
297 4239 419 4287 mentem
439 4235 586 4289 inhabitat
604 4242 633 4290 et
652 4240 697 4291 sui
716 4239 939 4306 participatione
960 4239 1146 4305 bonosiani,
1170 4237 1307 4305 ipscenin
1319 4230 1351 4280 esi

206 4339 258 4377 sua
276 4325 424 4379 bonitas...
438 4326 496 4379 Nec
524 4331 618 4380 tamen
638 4344 689 4396 per
708 4329 760 4383 hoo
782 4334 961 4396 removetur,
984 4331 1054 4396 quin
1079 4345 1130 4397 per
1157 4331 1280 4381 effectum
1301 4331 1350 4374 sust

205 4414 326 4468 virtutis
350 4420 511 4470 sanctorum
531 4418 651 4484 impleat
672 4423 780 4471 mentes
797 4441 808 4466 n
832 4419 861 4472 S.
876 4420 928 4472 Th.
944 4435 966 4471 c.
982 4421 1060 4482 gent.
1074 4419 1122 4473 lv.
1137 4419 1179 4470 18.
