3172 4950
866 358 905 374 -
925 326 987 388 530
1007 359 1046 375 -

374 441 452 505 tum
480 432 691 524 principium
715 430 944 522 supplendum
968 452 990 499 a
1012 432 1107 501 Filio
1128 437 1310 525 tanquam
1333 455 1355 501 a
1375 434 1516 526 principio

373 545 599 611 concurrente
622 545 658 608 et
680 537 837 629 partiali.
856 537 896 606 Si
919 545 1036 607 autem
1059 541 1165 609 Pater
1187 546 1226 609 et
1246 540 1365 610 Filius
1386 541 1517 610 dicantur

374 671 482 717 unum
504 645 729 738 principium,
755 643 1014 714 contrahuntur
1036 644 1074 712 in
1098 665 1202 713 unam
1220 666 1414 735 personam,
1429 646 1518 736 sicque

374 752 497 821 Latini
520 751 685 820 incidunt
708 750 745 818 in
769 748 1089 819 Sabellianismum.

441 862 627 928 Praeterea
650 856 821 949 quidquid
844 856 882 924 in
899 856 1077 926 Trinitate
1092 865 1158 944 est,
1172 857 1210 928 id
1226 879 1325 927 omne
1340 862 1520 928 estconnu-

374 989 417 1036 ne
441 966 498 1036 vel
520 965 711 1057 proprium,
730 971 771 1033 ut
785 986 842 1032 res
858 963 936 1054 ipsa
957 971 994 1034 et
1017 966 1081 1035 SS.
1099 965 1169 1034 ΡΡ.
1188 966 1393 1056 frequenter
1414 966 1521 1036 docent

373 1072 470 1161 Ergo
492 1072 599 1140 etiam
623 1069 770 1160 spiratio
794 1069 850 1138 vel
873 1074 929 1138 est
950 1071 1094 1161 propria
1115 1069 1216 1138 Patri
1239 1070 1299 1139 vel
1320 1077 1378 1141 est
1405 1095 1525 1141 connu-

374 1181 430 1247 nis
453 1178 569 1247 tribus
591 1180 758 1268 personis,
784 1184 821 1247 et
843 1186 918 1248 tum
942 1178 1099 1268 Spiritus
1122 1178 1275 1248 Sanctus
1299 1180 1455 1269 procedit
1472 1202 1527 1249 ase

375 1285 474 1375 ipso;
503 1314 519 1349 a
539 1285 656 1376 sicque
681 1284 839 1375 Spiritus
855 1285 1018 1369 Sanctus,
1037 1285 1155 1377 inquit
1169 1284 1340 1370 Photius,
1355 1286 1426 1355 erit
1447 1285 1530 1354 sind

376 1387 468 1456 ἀιτιον
484 1399 521 1461 ct
537 1392 681 1469 ἀιτιατον,
707 1392 798 1483 quod
821 1398 875 1461 est
898 1392 985 1483 ipsis
1001 1392 1188 1482 gentilium
1204 1392 1339 1461 fabulis
1360 1401 1530 1462 monstruo-

373 1496 480 1567 sius»
509 1498 616 1587 (apud
639 1498 788 1567 Beccum
812 1501 932 1567 Graec.
952 1497 1085 1565 orthod.
1103 1498 1134 1566 I.
1153 1523 1188 1589 p.
1209 1499 1305 1586 166).

442 1603 590 1694 Insuper
616 1605 872 1675 «Nicomediae
901 1605 1047 1674 Praesul
1077 1628 1154 1676 cnm
1186 1606 1270 1676 aliis
1293 1606 1533 1676 exclamat:si

375 1735 418 1780 ex
441 1712 548 1781 Patre
569 1718 624 1781 est
644 1711 773 1795 Filius,
799 1734 842 1781 ex
864 1714 971 1782 Patre
993 1719 1110 1783 antem
1132 1719 1169 1782 et
1183 1712 1279 1782 Filio
1304 1713 1471 1804 Spiritus,
1491 1736 1534 1782 ne

376 1841 439 1910 pos
456 1818 578 1911 utique
601 1819 759 1910 Spiritus
774 1819 893 1888 Patris
915 1825 979 1904 est,
999 1820 1083 1911 quia
1105 1826 1141 1889 ct
1160 1819 1253 1909 apud
1270 1842 1334 1888 nos
1356 1842 1461 1911 nepos
1474 1844 1536 1911 pro

376 1925 469 1994 xime
492 1926 630 2017 quidem
654 1931 709 1994 est
731 1948 773 1995 ex
798 1949 866 2017 quo
888 1927 1045 2010 ducitur,
1063 1949 1241 2018 perquem
1257 1926 1414 1997 medium
1428 1930 1469 1996 ab
1482 1950 1535 1997 avo

377 2033 592 2102 derivetur»
619 2033 735 2123 (apud
758 2034 853 2122 Hug.
879 2032 1003 2102 Etber.
1028 2035 1055 2102 1.
1081 2034 1111 2100 Ι.
1136 2057 1167 2104 c.
1193 2034 1271 2121 17).
1304 2035 1373 2104 His
1395 2037 1535 2126 gemines

377 2147 461 2209 sunt
483 2140 639 2230 reliquae
662 2163 780 2210 eorum
804 2141 979 2231 strophae.

443 2248 634 2337 Responsio
657 2248 702 2316 ad
726 2248 811 2317 haec
835 2248 950 2316 omnia
973 2249 1172 2318 continetur
1193 2249 1403 2339 plenissima
1424 2251 1459 2319 in
1479 2272 1537 2319 an-

375 2354 625 2425 tecedentibus.
653 2355 793 2425 Sufficit
814 2354 943 2444 legisse
971 2356 1170 2425 testimonia
1197 2356 1407 2446 Scripturae
1429 2366 1465 2428 et
1487 2360 1539 2426 Pc-

376 2470 495 2547 trum,
521 2484 609 2554 quae
634 2463 845 2549 citavimus,
873 2472 914 2534 ut
937 2464 1052 2535 cuivis
1074 2463 1217 2535 evidens
1240 2465 1321 2550 fiat,
1348 2466 1388 2533 in
1403 2467 1541 2558 quinque

377 2570 502 2661 primis
526 2571 702 2662 capitibus
717 2593 786 2638 non
802 2572 1125 2663 interpretationem
1148 2572 1430 2643 testimoniorum
1443 2575 1541 2665 specie

378 2677 502 2745 saltem
527 2677 757 2766 probabilem,
783 2678 843 2746 sed
865 2679 972 2746 aliam
996 2679 1134 2746 omnino
1158 2678 1336 2747 diversam
1359 2685 1398 2750 et
1419 2686 1540 2750 contru-

376 2783 464 2853 riam
489 2784 683 2853 doctrinam
717 2785 907 2854 enuntiari.
934 2786 1031 2867 Quae
1064 2784 1208 2854 veroin
1230 2786 1346 2875 capite
1379 2787 1412 2854 6·
1433 2787 1541 2856 dicun·

375 2897 448 2976 tur,
474 2913 542 2958 non
566 2899 651 2983 sunt
675 2891 773 2960 aliud
798 2913 900 2983 quam
924 2893 1099 2980 ignoratio
1123 2890 1271 2976 elenchi,
1298 2914 1362 2961 seu
1378 2893 1541 2963 deductio·

375 3020 437 3066 nes
467 3019 508 3066 ex
539 3021 707 3088 perversa
741 3000 957 3088 expositione
992 2998 1172 3067 doctrinae
1195 2996 1405 3068 catholicae.
1440 2999 1542 3082 Quare

376 3128 454 3173 cum
477 3128 539 3174 nec
563 3114 665 3174 vacet
688 3128 749 3175 uec
774 3129 860 3195 opus
883 3107 932 3174 sit
954 3105 1116 3195 pluribus
1139 3106 1224 3174 baec
1247 3107 1455 3191 confutare,
1479 3107 1539 3174 bre·

376 3211 519 3280 vissime
542 3213 763 3300 expediemus
785 3214 929 3302 singula
952 3215 1081 3303 capita.

442 3316 499 3383 Ad
524 3317 588 3384 1““’.
615 3318 664 3386 Ut
679 3319 770 3386 nihil
787 3319 942 3387 dicamus
959 3320 1000 3387 de
1016 3317 1170 3388 evidenti
1193 3317 1358 3387 doctrina
1380 3321 1447 3389 ΡΡ.
1471 3319 1537 3387 lati-

375 3442 521 3503 norum,
547 3419 790 3509 Epiphanius,
817 3420 976 3509 Cyrillus
1010 3427 1048 3490 et
1078 3420 1208 3512 reliqui
1241 3420 1372 3490 Graeci
1400 3422 1437 3489 in
1467 3420 1537 3490 locis

375 3526 533 3594 omnibus
556 3527 677 3596 citatis
709 3527 745 3595 in
778 3528 870 3596 thesi
895 3529 1031 3597 XXXV
1065 3527 1252 3596 manifesto
1291 3536 1408 3617 agunt
1436 3528 1476 3597 de
1496 3529 1536 3595 in·

374 3635 537 3704 trinsecis
560 3634 789 3703 relationibus
813 3635 1014 3703 divinarum
1037 3657 1275 3726 personarum,
1294 3659 1365 3704 non
1378 3636 1536 3706 arunde

375 3741 475 3810 donis
499 3740 555 3810 vel
579 3742 620 3809 de
643 3742 806 3810 missione
829 3743 874 3810 ad
896 3749 1010 3828 extra,
1029 3743 1190 3834 quamvis
1214 3743 1337 3833 utique
1360 3767 1404 3812 ex
1426 3743 1534 3812 intrin·

375 3870 453 3917 seca
476 3853 619 3917 aeterna
641 3849 858 3939 processione
882 3849 1039 3940 Spiritus
1053 3872 1096 3918 ex
1112 3850 1217 3917 Patre
1239 3856 1276 3918 et
1290 3848 1387 3918 Filio
1410 3850 1458 3919 uit
1472 3871 1534 3919 cou-

375 3975 540 4043 sequens,
567 3960 607 4021 ut
630 3954 734 4021 etiam
759 3955 876 4022 missio
901 3955 1058 4044 Spiritus
1081 3955 1130 4022 sit
1152 3976 1174 4022 a
1196 3955 1304 4023 Patre
1325 3961 1366 4024 et
1386 3956 1487 4038 Filio,
1508 3959 1535 4021 et

374 4059 464 4127 dona
487 4064 605 4127 creata
628 4081 649 4126 a
671 4060 799 4144 Patre,
825 4060 941 4145 Filio,
968 4067 1004 4129 et
1028 4061 1165 4149 Spiritu
1189 4058 1331 4129 Sancto.
1356 4061 1446 4129 Tum
1466 4080 1533 4129 vem

374 4165 427 4234 ita
450 4188 492 4233 ex
515 4166 609 4234 Filio
644 4167 737 4235 sicut
758 4191 800 4236 ex
835 4170 940 4237 Patre
964 4191 1037 4236 esse
1073 4169 1196 4238 docent
1230 4168 1346 4258 ipsum
1379 4169 1532 4259 Spiritum

374 4270 541 4341 Sanctum
563 4295 742 4364 personam
767 4275 923 4344 divinam
947 4277 1109 4346 tertiam:
1138 4304 1155 4338 a
1172 4275 1235 4344 lux
1257 4284 1314 4346 cst
1336 4277 1460 4361 Pater,
1483 4275 1532 4341 lnr

374 4377 416 4445 dc
439 4378 517 4448 luce
538 4380 666 4466 Filius,
692 4381 850 4473 Spiritus
874 4406 956 4455 vero
979 4386 1023 4454 ab
1045 4383 1223 4470 ambobus,
1248 4383 1409 4476 Spiritus
1422 4406 1462 4453 ex
1476 4381 1531 4472 spi·
