3172 4950
667 347 702 362 ..
726 316 787 377 297
808 348 846 362 ..

189 438 274 510 quarn
295 418 563 490 similitudinem
584 443 663 490 cum
686 421 848 511 dogmate
870 421 1029 491 revelato
1046 419 1142 489 dicta
1165 421 1343 511 reperiun-

187 532 244 594 tur.
258 527 346 597 'ium
368 550 452 598 vcro
475 529 543 599 duo
566 536 727 617 monent,
765 529 808 599 1·.
827 531 1001 618 integram
1031 528 1220 598 veritatem
1250 529 1342 619 apud

186 632 387 705 Christianos
409 638 582 728 reperiri,
608 638 691 731 quia
713 660 735 705 a
758 639 830 706 Deo
854 638 929 728 ipso
962 636 1076 706 edocti
1107 643 1216 724 sunt;
1250 639 1342 726 apud

186 742 391 834 philosophos
415 768 498 815 vero
513 768 587 815 ease
601 747 812 837 particulam
827 745 981 838 aliquam
1001 744 1165 815 veritatis
1182 746 1341 814 commix-

186 855 244 918 tam
264 851 387 921 multis
409 855 598 925 erroribus.
624 855 668 924 2⁸.
682 854 792 924 Facto
808 853 1009 923 discrimine
1021 853 1115 922 inter
1127 874 1168 922 ea
1180 875 1269 945 quae
1281 875 1341 944 per

186 978 214 1026 aa
231 966 311 1029 sunt
332 960 464 1031 rationi
485 963 626 1053 pervia,
652 969 688 1032 ct
710 962 804 1032 inter
829 963 999 1032 veritates
1023 961 1337 1050 superrationales,

186 1064 219 1135 de
237 1065 291 1136 his
312 1069 474 1138 secundis
498 1070 691 1140 concedunt
712 1070 850 1163 quidem
867 1069 976 1153 modo,
991 1091 1059 1161 quo
1075 1068 1241 1153 diximus,
1256 1092 1339 1138 uou-

187 1168 261 1239 rihil
274 1172 422 1263 reperiri
438 1173 631 1244 indicatum
642 1197 747 1265 penes
758 1173 955 1242 Platonicos
972 1179 1008 1240 et
1019 1172 1198 1241 Platonem
1210 1172 1336 1262 ipsum,

188 1277 270 1346 cuias
291 1285 408 1349 tamen
438 1280 630 1350 doctrinam
662 1283 787 1350 Patres
818 1280 882 1349 IV.
909 1285 946 1348 et
962 1279 1006 1348 V.
1029 1277 1161 1346 saeculi
1192 1278 1265 1347 fere
1297 1302 1338 1347 ex

187 1383 493 1476 llaoplatouioorum
532 1388 789 1457 commentariis
827 1386 1012 1455 aestimare
1052 1385 1191 1468 solent,
1232 1385 1337 1453 simul

189 1514 252 1562 raro
272 1494 363 1565 hanc
385 1496 669 1590 qualemcumque
692 1495 853 1565 notitiam
877 1494 1040 1562 haustam
1064 1514 1138 1561 esse
1163 1491 1339 1559 affirmant

188 1622 219 1669 ex
235 1604 457 1692 revelatione,
476 1629 564 1698 quae
586 1607 631 1674 ab
653 1603 822 1674 Hebraeis
845 1602 890 1671 ad
904 1600 1115 1692 Aegyptios,
1136 1606 1241 1692 atque
1257 1600 1338 1669 inde

189 1708 221 1779 ad
237 1709 473 1802 Pythagoram
496 1720 532 1782 et
548 1712 727 1781 Platonem
750 1708 969 1801 pervenerit,
988 1707 1041 1775 ita
1057 1713 1098 1775 ut
1114 1706 1204 1799 quod
1228 1706 1266 1775 in
1282 1730 1335 1777 eo·

189 1837 247 1886 ran
265 1819 368 1888 libris
392 1827 446 1890 est
468 1820 632 1891 veritatis
655 1821 750 1891 circa
772 1816 973 1888 huiusmodi
996 1814 1187 1905 mysteria,
1216 1815 1264 1884 sit
1293 1817 1336 1885 ad

188 1926 412 1997 avolationem
428 1936 605 2020 tamquam
621 1930 665 1998 ad
682 1930 812 1998 fontem
829 1924 1073 2008 revocandum,
1091 1923 1240 1993 admixti
1256 1948 1337 1994 vcro

188 2053 298 2104 moras
314 2035 388 2106 sint
403 2036 557 2128 ipsorum
571 2037 868 2128 philosophorum.
884 2034 939 2102 Cf.
954 2033 1083 2101 Iustin.
1098 2031 1278 2101 Cohortat.
1293 2032 1337 2100 ad

189 2138 288 2212 draeo.
302 2168 337 2234 p.
351 2144 445 2213 8-13.
464 2145 520 2214 29.
535 2152 617 2233 etc.;
646 2145 753 2214 (llam.
766 2144 870 2212 Alex.
886 2142 1015 2211 Strom.
1029 2140 1094 2208 VI.
1109 2165 1144 2232 p.
1166 2141 1246 2209 768.
1267 2141 1335 2228 (ed.

188 2246 299 2338 Potter)
321 2258 404 2339 etc.;
429 2252 556 2322 Euseh.
572 2255 695 2344 Praep.
714 2252 853 2342 Evang.
869 2252 894 2319 l.
910 2249 975 2317 XI.
994 2273 1029 2339 p.
1048 2249 1126 2316 557.
1141 2255 1178 2317 et
1193 2249 1334 2338 passim,

189 2350 370 2429 aalma.
387 2359 555 2430 deaffect.
566 2383 682 2451 graec.
696 2367 810 2430 curat.
828 2359 939 2428 Serm.
953 2357 1003 2424 H.
1018 2381 1051 2446 p.
1062 2355 1141 2424 498.
1153 2356 1237 2435 505.
1252 2363 1334 2443 eta,

188 2456 289 2550 cyrill.
304 2466 410 2535 Alex.
425 2474 536 2538 contr.
548 2467 678 2536 Iulian.
690 2467 715 2534 l.
727 2466 759 2535 I.
770 2466 812 2534 Τ.
824 2465 889 2536 VI.
900 2489 934 2555 p.
949 2463 1006 2532 35.
1018 2470 1054 2532 et
1066 2461 1164 2549 alibi;
1178 2462 1333 2551 August.

188 2563 281 2641 locta
295 2573 430 2644 Christ.
444 2574 470 2645 l.
484 2576 534 2644 Π.
548 2598 584 2644 n.
595 2575 653 2644 43.
669 2576 729 2663 (cf.
743 2573 820 2643 civ.
830 2574 897 2641 Dei
908 2572 934 2641 l.
945 2571 1048 2640 VIII.
1060 2593 1090 2641 c.
1108 2570 1162 2637 11.
1173 2576 1209 2638 et
1220 2569 1333 2656 alibi).

188 2671 260 2757 Quae
274 2681 372 2772 Aug.
387 2681 537 2752 Conless.
557 2683 640 2753 VII.
659 2706 695 2751 n.
707 2682 763 2750 ·13.
780 2705 854 2773 sqq.
868 2679 1022 2748 celebrat
1044 2677 1086 2746 de
1109 2677 1236 2760 Verbo,
1266 2698 1333 2744 nou

188 2783 409 2859 ldPlatonem
432 2790 491 2859 sed
515 2790 559 2858 ad
582 2790 782 2859 Platonicos
813 2789 1041 2872 referuntar3
1076 2783 1182 2853 dictis
1211 2784 1334 2873 Augu-

189 2894 248 2963 h'ni
268 2898 489 2981 conferenda,
516 2918 604 2990 quac
620 2897 662 2966 de
676 2897 815 2966 Amelio
837 2895 969 2964 Plotini
995 2895 1050 2963 vel
1065 2891 1257 2983 Porphyrii
1281 2891 1332 2960 di·

189 3002 296 3094 apulo
318 3003 424 3074 habet
448 3005 686 3076 Theodoretus
709 3007 735 3076 l.
751 3029 781 3075 c.
797 3030 832 3096 p.
847 3005 925 3075 500.

248 3112 400 3182 Multum
430 3112 594 3184 tribuunt
624 3114 757 3184 vetusti
790 3113 848 3182 illi
881 3114 1068 3204 scriptores
1100 3107 1332 3188 ecclesiastici

189 3222 352 3290 entenh’ae
374 3221 541 3291 Numenii
562 3222 795 3313 Pythagorici
818 3227 922 3311 (saec.
940 3221 1009 3292 III.
1035 3222 1204 3313 ineunte):
1227 3247 1254 3290 τι
1275 3250 1334 3322 pap

189 3327 368 3394 miliaton
389 3327 561 3403 ήΜωϋσης
586 3327 756 3406 ἀττικιζων.
769 3331 1024 3401 ·Theodoretus
1055 3331 1250 3421 gentilibus
1282 3334 1332 3403 lo·

189 3454 268 3505 oens
288 3436 332 3507 de
355 3437 544 3508 Trinitate:
573 3439 700 3521 «haec,
718 3439 847 3531 iuquit,
867 3445 988 3508 exacte
1005 3439 1140 3530 percipi
1156 3450 1333 3532 nequeunt

190 3541 231 3610 isi
252 3545 296 3612 ab
317 3567 368 3630 eo,
387 3545 449 3638 qui
472 3546 510 3612 in
532 3547 642 3614 sacris
663 3546 797 3616 litteris
821 3553 985 3616 versatus
1009 3547 1131 3631 fuerit,
1151 3548 1331 3618 salentiac-

190 3670 228 3719 ua
247 3649 364 3721 lumen
387 3674 409 3721 a
431 3653 555 3725 divina
577 3655 696 3745 gratia
718 3655 904 3746 acceperit.
923 3653 993 3737 Qui
1016 3654 1213 3744 theologiae
1237 3662 1331 3725 vete·

190 3754 214 3826 ia
233 3766 268 3828 et
289 3760 373 3832 novi
405 3762 619 3832 Testamenti
650 3763 867 3833 concordiam
891 3761 1081 3832 viderit...
1106 3762 1265 3832 Platonis
1295 3773 1330 3833 et

190 3864 298 3937 latoni
321 3870 489 3941 similium
512 3894 566 3958 ea,
583 3895 671 3965 quae
687 3872 744 3940 illi
759 3895 778 3942 e
795 3871 929 3941 divinia
946 3871 1197 3962 surripuerunt
1214 3871 1331 3964 Scrip-

190 3975 270 4064 uris,
295 3977 530 4069 deprehendet
553 3986 589 4049 et
610 3979 783 4068 laudabit3
810 4002 898 4072 quae
924 4003 1006 4051 vero
1031 3978 1123 4047 falsa
1139 3979 1328 4050 admiscue-

190 4089 253 4171 ant,
269 4086 416 4156 abradet
438 4094 475 4157 et
499 4087 599 4158 velut
614 4090 733 4159 sordes
750 4095 903 4179 respuet.
929 4089 1187 4181 Furtorumque
1203 4088 1332 4159 latibu-

190 4212 209 4258 s
227 4191 461 4285 deprehensis,
486 4195 725 4286 Pythagorico
747 4197 919 4268 Numenio
943 4197 1061 4268 credet
1077 4196 1221 4267 dicenti:
1248 4198 1331 4290 quid

190 4297 248 4369 nim
269 4300 369 4372 aliud
399 4308 454 4372 est
483 4302 585 4373 Plato
615 4327 718 4397 quam
741 4304 886 4376 Atticus
911 4305 1052 4398 quidam
1075 4303 1243 4395 Moyses?
1266 4303 1332 4371 His

191 4407 246 4475 um
259 4410 375 4478 verbis
390 4417 509 4501 aperte
525 4412 680 4482 ostendit
691 4414 724 4483 N
726 4414 896 4498 amenius,
911 4434 1146 4506 quaecumque
1161 4413 1217 4501 pie
1229 4410 1331 4478 Plato
