3172 4950
635 364 672 378 -
693 333 755 393 269
774 364 813 377 -

189 434 291 506 ntiae
314 437 421 506 unius
433 435 613 507 absolutae
629 437 854 507 subsistentis
868 435 1228 507 tribus'reletionibus
1243 435 1308 523 ita,

198 545 276 614 sin't
299 550 374 614 tres
396 545 559 616 distincti
583 547 688 615 unius
710 569 853 615 numero
877 546 1069 632 essentiae;
1103 551 1308 636 propterea,

188 674 293 745 ruam,
307 676 376 721 non
393 653 504 722 solum
517 654 569 723 rei
577 655 765 723 existentia
788 658 824 722 et
839 653 1011 722 obiectiva
1028 652 1161 722 veritas
1177 653 1312 722 ratione

188 760 299 829 :urali
321 760 456 829 ordinis
480 761 589 831 creati
605 770 659 831 est
674 760 1013 846 indemonstrabilis,
1033 760 1092 829 sed
1108 784 1217 854 neque
1235 784 1311 830 oon·

188 875 276 937 vtum
301 868 353 937 rei
377 868 477 937 velut
500 869 678 960 possibilis
701 873 851 939 formare
875 891 1063 959 possemne.

202 976 300 1045 Hinc
323 977 548 1067 consequitur
573 1000 736 1068 magnum
760 977 943 1046 discrimen
968 977 1006 1045 in
1028 977 1140 1062 modo,
1168 998 1235 1069 quo
1259 983 1311 1046 at·

188 1084 276 1153 buta
300 1083 462 1152 absoluta
484 1091 521 1152 et
543 1108 629 1176 qno,
655 1084 837 1175 supposita
861 1084 966 1152 etiam
989 1082 1216 1169 revelatione,
1234 1106 1312 1153 con·

188 1190 290 1260 vimus
312 1214 478 1281 personas
501 1194 606 1261 unius
629 1194 800 1262 essentiae
823 1192 975 1261 invicem
1006 1191 1178 1261 relativas
1200 1198 1238 1260 et
1260 1192 1311 1260 in-

188 1320 254 1365 ·se
277 1297 478 1366 distinctas.
492 1298 603 1366 Deum
634 1299 850 1388 sapientem,
884 1300 1010 1367 bonum
1041 1305 1107 1368 etc.
1131 1321 1313 1388 possumus

188 1406 323 1496 ccipere
345 1406 544 1475 notionibus
567 1407 761 1496 analogicis
778 1430 819 1475 ex
837 1406 1074 1497 praecognitis
1091 1405 1312 1495 perfectioni·

191 1537 208 1581 s
229 1519 498 1601 creaturarum,
524 1520 628 1607 atque
652 1516 729 1584 ideo
752 1515 790 1582 in
814 1515 912 1583 modo
929 1514 1043 1582 nostri
1060 1501 1244 1604 conceptus
1259 1519 1314 1583 est

188 1620 281 1689 idem
304 1620 524 1711 imperfectio
550 1632 587 1691 et
616 1621 717 1691 velut
746 1621 913 1713 quaedam
942 1619 1141 1711 compositio
1171 1619 1313 1699 divinae
1341 1708 1344 1714 Ι

188 1729 314 1798 sentiae
336 1735 373 1798 et
394 1751 468 1797 eam
491 1729 673 1798 efficientis
704 1729 891 1816 attributi;
918 1729 977 1798 sed
1008 1729 1099 1797 hanc
1133 1728 1313 1818 conceptui

188 1836 388 1907 haerentem
413 1837 707 1927 imperfectionem
732 1837 837 1906 facile
868 1836 1078 1927 corrigimus
1108 1835 1239 1906 iudicio
1269 1858 1312 1906 ex

188 1942 328 2034 incipiis
351 1946 457 2013 certis
474 1944 581 2013 ctiam
604 1944 734 2014 lumine
757 1945 906 2014 rationis
928 1945 1092 2034 cognitis.
1103 1944 1155 2014 At
1177 1944 1314 2038 quando

188 2074 321 2121 rsonam
346 2052 503 2121 divinam
527 2053 688 2122 volumus
712 2053 890 2144 concipere
914 2053 986 2121 solo
1011 2053 1142 2123 lumine
1165 2052 1314 2122 rationis

188 2160 436 2251 :praecognitis
452 2162 724 2251 perfectionibus
741 2163 883 2247 creatis,
899 2170 1085 2252 conceptus
1101 2185 1234 2254 semper
1246 2163 1315 2232 erit

188 2290 194 2334 ;
211 2290 374 2359 personae
398 2268 591 2356 absolutae,
611 2277 716 2361 atque
733 2270 809 2339 ideo
824 2276 865 2339 ut
882 2270 987 2339 unius
1002 2293 1069 2338 non
1086 2271 1200 2338 minus
1212 2293 1314 2363 quam

188 2398 218 2443 rs
238 2382 293 2445 est
315 2376 488 2462 essentia,
515 2401 578 2447 nec
602 2379 713 2446 ullum
737 2379 893 2470 suppetit
914 2378 1125 2469 principium
1149 2400 1240 2448 mero
1259 2399 1313 2446 ra-

188 2484 298 2569 onalo,
325 2506 391 2576 quo
415 2484 535 2553 modus
558 2483 616 2554 hic
640 2486 856 2577 concipiendi
887 2485 1087 2576 corrigatur
1118 2484 1249 2554 iudicio
1273 2508 1315 2553 ee

188 2595 273 2658 mine
295 2595 455 2661 rationis.

215 2699 359 2782 Quando
382 2690 529 2769 veroex
553 2700 765 2771 revelatione
789 2700 961 2786 novimus,
977 2706 1050 2771 tres
1073 2723 1147 2772 esse
1170 2701 1315 2772 realiter

188 2806 332 2878 lenens
355 2830 519 2899 personas
543 2809 649 2878 unius
672 2809 843 2879 essentiae
868 2809 1071 2895 absolutae,
1105 2816 1210 2901 atque
1240 2808 1315 2878 ideo

188 2936 309 2984 ersonas
331 2938 406 2985 esse
428 2916 618 3000 relativas,
645 2916 719 2985 sola
741 2915 905 2985 nimirum
928 2916 1098 2987 relatione
1113 2940 1182 2985 non
1199 2921 1315 2986 autem

188 3021 263 3116 iquo
285 3023 445 3092 absoluto
468 3023 677 3111 distinctas,
705 3047 885 3117 personam
908 3024 1095 3094 relativam
1126 3046 1316 3116 numquam

188 3132 213 3201 rb
234 3154 303 3201 una
327 3133 386 3201 sed
408 3135 602 3203 necessario
626 3136 690 3203 sub
723 3134 856 3225 duplici
886 3133 1026 3201 notione
1055 3138 1129 3201 tum
1161 3132 1315 3202 absoluti

188 3263 221 3307 un
242 3239 386 3310 relativi
406 3241 632 3332 concipimus.
648 3243 747 3311 Unde
770 3241 996 3332 imperfectus
1020 3240 1078 3310 hic
1102 3241 1223 3308 modus
1239 3263 1317 3309 con-

188 3347 297 3438 piendi
321 3369 403 3416 sane
426 3348 564 3438 indiget
587 3350 799 3418 correctione
822 3371 883 3440 per
914 3348 1101 3433 indicium,
1128 3370 1196 3439 quo
1226 3346 1316 3416 iudi·

189 3479 271 3540 mns,
289 3457 404 3548 ipsum
429 3459 627 3527 absolutum
651 3481 724 3527 esse
749 3457 854 3526 simul
878 3457 1080 3542 relativum,
1107 3457 1143 3524 h.
1160 3478 1190 3524 e.
1205 3456 1316 3546 ipsam

188 3566 331 3634 sentiam
347 3564 491 3634 realiter
506 3587 579 3633 osse
594 3566 747 3649 Patrem,
766 3563 910 3649 Filium,
938 3563 1110 3654 Spiritum
1134 3563 1313 3632 Sanctum.
1385 3585 1388 3590 ·

188 3673 313 3742 tsicut
335 3674 508 3742 notionem
528 3698 696 3764 personae
717 3675 887 3759 relatione
913 3672 1080 3742 habemus
1102 3695 1144 3741 ex
1168 3669 1242 3740 sole
1264 3691 1317 3739 re·

188 3778 343 3865 elatione,
369 3781 423 3850 ita
444 3787 482 3850 et
503 3781 567 3850 hoc
591 3782 759 3851 iudicium
782 3771 930 3850 nonest
952 3803 994 3849 ax
1018 3780 1204 3871 principiis
1226 3801 1317 3848 mere

188 3888 390 3972 tiouulibus,
409 3888 468 3958 sed
483 3896 538 3959 est
561 3889 729 3956 indiciam
745 3890 832 3981 fidei
854 3874 977 3975 ex'iis,
998 3911 1086 3982 quae
1103 3887 1317 3959 revelatione

188 3994 219 4063 lu
240 3999 342 4065 nobis
359 3998 592 4067 innotescunt.

212 4103 265 4173 Ex
290 4105 347 4172 his
371 4104 528 4173 omuibus
551 4104 639 4174 satis
663 4110 819 4190 constat,
854 4105 980 4194 dogma
1012 4102 1076 4173 SS.
1101 4101 1315 4204 Trinitatis,

188 4234 232 4281 5a
252 4215 326 4283 Deo
348 4213 543 4283 revelatum
567 4219 644 4299 est,
670 4236 744 4282 esse
768 4234 875 4305 supra
896 4214 1067 4282 rationem
1097 4220 1174 4281 tum
1204 4208 1317 4304 quoad

188 4322 331 4391 rntatem
354 4322 562 4392 existentiae
585 4325 645 4407 (oo
661 4325 735 4414 sit),
753 4328 827 4390 tum
845 4322 956 4412 quoad
970 4322 1083 4412 ipsum
1098 4320 1318 4410 analogicum

188 4435 347 4520 inceptum
369 4427 472 4521 (quid
495 4432 568 4519 sit).
584 4430 658 4499 Hoc
682 4451 765 4498 vero
790 4435 977 4519 utrumque
1000 4449 1068 4496 non
1101 4426 1213 4496 solum
1236 4432 1319 4496 ante
