3172 4950
1395 94 1413 269 o}

722 330 759 343 -
781 296 842 359 230
859 328 902 343 -

223 406 330 475 huius
352 403 569 474 substantiae
592 423 675 472 suae
698 404 741 471 fit
764 402 923 472 conscius
945 401 1094 471 mediata
1116 405 1292 493 tamquam
1308 400 1363 470 nub

222 515 307 586 iacti
329 514 472 583 illorum
494 513 818 604 phaenomenorum.
839 511 933 595 Quia
954 511 1019 580 boo
1042 516 1165 580 estex
1187 509 1366 578 limitatione
1396 504 1413 565 3.

224 623 373 713 spiritus
397 621 530 705 creati,
556 620 641 690 haec
673 620 891 710 imperfectio
919 617 956 686 in
984 618 1115 709 spiritu
1146 617 1301 687 absoluto
1327 640 1367 686 ne

223 730 341 821 ganda
363 737 428 799 est.
445 722 544 798 U'nde
568 728 717 818 spiritns
740 726 934 811 absolutus,
961 726 1045 818 quia
1067 733 1122 795 est
1151 725 1241 794 Eme
1263 750 1285 792 a
1303 730 1370 794 eeet

223 845 408 929 propterea
431 838 536 907 etiam
560 838 707 903 scientia
731 836 888 903 absolata
911 835 1182 918 carcedone,
1215 859 1284 903 non
1302 832 1369 904 enci·

223 952 321 1015 tatus
344 947 388 1015 ab
411 946 481 1014 alio
505 945 565 1014 sed
587 967 609 1013 a
632 968 668 1014 se
690 945 766 1036 ipso
789 951 825 1014 et
846 968 915 1015 non
938 945 1175 1036 phaenomena
1198 943 1259 1013 sed
1281 944 1370 1013 inne

222 1055 316 1125 diate
338 1055 451 1145 ipsam
466 1076 563 1123 suam
579 1053 813 1122 substantiam
828 1053 947 1124 reddit
962 1053 1035 1122 sibi
1052 1054 1234 1122 obiectum·
1247 1073 1322 1121 snae
1334 1051 1371 1120 in·

221 1163 398 1233 tuitionis.
446 1212 449 1216 ι

288 1272 383 1342 Haec
407 1271 522 1340 omnia
543 1271 635 1340 nihil
659 1272 851 1356 continent,
870 1272 961 1364 quod
977 1294 1046 1339 non
1061 1270 1200 1360 pridem
1213 1270 1318 1357 fuerit
1328 1289 1370 1336 no

220 1383 396 1453 tissimum
420 1387 456 1451 et
479 1382 522 1449 ab
546 1380 704 1449 omnibus
728 1381 911 1450 veteribus·
929 1379 1105 1469 theologis
1129 1401 1323 1449 concessum
1340 1397 1368 1444 ae
1397 1430 1413 1453 ..

220 1489 391 1560 traditum
422 1488 467 1575 (si
491 1488 646 1577 excipias
667 1486 782 1572 illud,
808 1486 900 1578 quod
916 1486 1078 1555 (tunther
1100 1493 1208 1576 putat
1231 1485 1370 1576 spiritnn

222 1604 378 1668 creatum
402 1595 478 1663 non'
494 1618 593 1684 posse
616 1596 711 1664 exire
735 1595 924 1680 inactum,
949 1593 1021 1669 nisi
1043 1594 1223 1664 excitetur
1250 1593 1290 1659 ob
1316 1590 1369 1657 alio

220 1710 352 1797 spirita
368 1710 439 1771 iam
461 1706 517 1770 sui
540 1707 684 1784 conscio;
708 1702 768 1771 sed
791 1702 856 1773 hoc
884 1703 1023 1771 axioma
1051 1724 1074 1770 a
1104 1697 1370 1772 traditionalis&

219 1814 418 1884 derivatum
441 1813 479 1880 in
501 1833 539 1879 re
562 1811 739 1900 praesenti
761 1811 1099 1901 argumentationem
1120 1833 1185 1880 neo
1208 1810 1309 1880 iuvat
1325 1828 1370 1877 neo

185 1917 388 2012 Impedit,
414 1919 565 2009 adeoque
588 1923 704 2008 potest
726 1924 804 1988 tuto
828 1919 1052 2006 transmitti).
1067 1918 1144 1986 Iam
1166 1941 1252 1988 vero
1273 1916 1369 1986 anua

218 2037 290 2114 tur,
317 2026 483 2120 quomodo
506 2049 549 2094 ex
572 2025 755 2094 notissima
777 2035 814 2097 et
835 2027 991 2097 evidenti
1010 2028 1172 2112 veritate,
1193 2025 1284 2119 quod
1298 2023 1370 2093 Dens
1400 2062 1403 2068 ·

219 2159 317 2207 auam
340 2136 452 2226 ipsam
475 2135 707 2204 substantiam
731 2136 903 2222 intuetur,
924 2135 1130 2206 Guntherus
1146 2135 1285 2225 ingenti
1296 2131 1369 2201 saltn

219 2244 437 2336 speculativo
453 2243 605 2332 accipiat
623 2274 639 2309 a
657 2252 902 2335 argumentum
919 2268 1072 2335 cogense
1093 2245 1138 2314 ad
1155 2244 1368 2313 demonstran·
1394 2230 1413 2313 t

218 2358 312 2444 dum,
338 2380 406 2424 non
429 2377 533 2423 unam
558 2355 617 2424 sed
640 2357 835 2424 necessario
858 2356 1031 2446 imprimis
1048 2355 1137 2424 duas
1159 2348 1367 2446 personasdi·
1407 2354 1413 2367 ⁴

219 2465 322 2536 vinae
345 2462 477 2531 lumine
500 2462 649 2531 rationis
672 2462 841 2553 intelligi.
867 2462 1097 2555 Prosequitur
1112 2462 1189 2532 ille:
1219 2492 1236 2527 a
1249 2458 1368 2554 quodin

217 2573 305 2642 Esne
327 2570 486 2639 absoluto
509 2569 711 2639 excluditur
734 2571 902 2640 excitatio
926 2572 969 2639 ab
992 2572 1074 2659 alio,
1100 2572 1166 2642 boc
1184 2578 1298 2641 tamen
1317 2589 1366 2638 non

216 2677 374 2770 impedit,
401 2680 584 2771 quominus
608 2679 720 2769 ipsum
743 2679 832 2746 Esne
854 2679 1052 2748 absolutum
1075 2701 1112 2748 se
1136 2679 1297 2770 sibiipsi
1325 2698 1364 2764 op

215 2792 344 2878 ponat,
370 2792 407 2855 et
429 2787 466 2855 in
491 2787 556 2856 hac
580 2786 795 2877 oppositione
818 2788 1024 2857 relationem
1041 2787 1140 2857 ineat
1162 2811 1276 2857 secum
1296 2785 1363 2876 ipso.

216 2895 314 2964 Unde
338 2895 589 2987 consequitur,
616 2895 823 2988 quodDeus
846 2895 928 2964 dum
951 2919 988 2965 se
1011 2895 1126 2986 ipsum
1142 2890 1364 2965 imm0diatein

215 3025 280 3073 sua
303 3003 502 3073 substantia
525 3003 786 3093 comprehendit
808 3004 844 3073 h.
864 3027 894 3073 e.
914 3004 970 3074 sui
1001 3006 1161 3075 conscius
1192 3005 1257 3090 fit,
1287 3020 1363 3071 sunu
1411 3020 1413 3029 ·

215 3111 394 3203 proprium
418 3111 506 3177 Eone
528 3111 595 3178 sibi
619 3111 689 3199 ipsi
713 3112 856 3202 opponit
883 3111 919 3182 h.
943 3134 973 3182 e.
1000 3112 1130 3181 iterum
1158 3112 1270 3202 ponit.
1293 3105 1365 3177 Aliis

214 3219 356 3288 verbis:
382 3218 493 3287 solum
517 3224 555 3287 eo
578 3243 640 3288 nos
664 3243 848 3310 possumus
871 3221 1050 3312 concipere
1080 3221 1193 3289 Deum
1216 3242 1253 3289 se
1275 3220 1365 3310 ipsun

214 3327 251 3395 in
276 3348 341 3395 sua
363 3326 515 3395 essentia
537 3328 681 3397 reddere
706 3329 878 3399 obiectum
910 3329 1131 3398 immediatae
1161 3326 1364 3405 intuitionio,

215 3435 306 3528 quod
330 3458 366 3504 se
389 3435 427 3503 in
451 3457 487 3505 se
510 3435 586 3526 ipso
609 3443 651 3505 ut
675 3439 908 3507 substantiam
930 3438 1058 3508 realem
1075 3438 1235 3529 opponit,
1254 3453 1367 3525 seupa

215 3546 462 3611 emanationem
493 3543 662 3633 duplicat.
684 3574 699 3607 n
725 3546 814 3615 Miro
839 3546 921 3616 huic
945 3554 1151 3637 argumento
1186 3543 1366 3637 «cogentia

213 3652 314 3721 addit
337 3653 630 3722 confirmationem
662 3677 704 3724 ex
728 3655 916 3745 analogia:
945 3655 1031 3724 osio
1064 3655 1170 3723 etiam
1199 3678 1295 3724 mens
1322 3652 1369 3719 hn-

212 3781 315 3828 mana
331 3784 430 3829 suam
447 3761 693 3850 cogitationem
710 3763 908 3850 (directam)
924 3768 1040 3853 potest
1054 3763 1202 3832 reddare
1218 3763 1371 3832 obiectum

210 3867 411 3937 reflexionis
433 3893 501 3936 non
525 3869 600 3939 sine
624 3875 758 3958 (nova)
783 3872 1007 3962 cogitatione,
1034 3870 1094 3941 sed
1118 3895 1181 3962 per
1204 3869 1373 3942 secundun

210 3997 318 4068 aeque
343 3977 461 4047 vivam
478 3978 737 4067 cogitationem.
755 3980 823 4048 Hic
836 4002 970 4072 quoque
987 3980 1156 4070 cogitatio
1172 3979 1331 4066 (reflexa)
1343 3975 1374 4043 de

210 4083 423 4173 cogitatione
448 4085 611 4173 (directa)
634 4110 703 4154 non
727 4092 782 4156 est
805 4087 916 4154 solum
940 4087 1109 4179 quaedam
1141 4086 1374 4169 adumbratio,

209 4193 270 4264 sod
293 4193 410 4262 lumen
434 4194 649 4282 delumine,
677 4196 753 4265 vita
776 4195 818 4265 de
835 4196 957 4265 vita.»
1021 4200 1025 4205 ’
1340 4181 1343 4184 ’

277 4302 317 4371 Si
341 4301 471 4372 clausis
495 4303 607 4374 oculis
630 4304 866 4395 susciperetur
890 4304 976 4374 haec
999 4305 1266 4394 argumentatio
1282 4310 1377 4395 atque

208 4413 293 4482 adeo
317 4413 574 4500 concederetur,
601 4413 731 4482 lumine
754 4413 905 4483 rationis
928 4413 1017 4484 duae
1046 4413 1283 4484 demonstrari
1311 4433 1379 4503 per·
