3172 4950
711 304 750 318 ..
770 271 832 335 248
851 304 890 318 .-

213 381 368 451 Arianos
391 383 494 467 illos,
521 382 583 474 qui
606 382 740 452 Filium
763 379 864 452 Patri
879 379 1029 451 similem
1043 401 1114 449 non
1128 387 1247 448 tamen
1261 395 1368 468 aequo

8 558 13 567 .
118 492 122 498 '
213 489 280 559 lem
304 499 340 561 et
363 490 695 561 consubstantialem
718 490 878 581 profiteri
909 488 1084 559 volebant.
1110 485 1200 557 Cum
1226 483 1266 552 in
1287 483 1367 568 Deo,

213 600 353 691 inquit,
379 600 480 668 nulla
503 600 553 669 sit
576 599 652 668 sive
676 599 854 692 qualitas,
879 598 955 668 sive
979 595 1086 666 moles
1107 600 1176 664 aut
1188 591 1368 686 quantitas,

217 706 413 776 similitudo
438 709 608 798 (perlecta
630 714 666 776 et
688 707 844 798 propria)
867 704 957 774 Filii
980 704 1025 773 ad
1046 704 1191 773 Patrem
1220 725 1291 771 non
1311 723 1370 792 pca-

213 821 268 884 set
290 815 362 884 dici
385 815 456 883 nisi
479 816 668 885 secundum
684 815 891 904 essentiam;
918 843 936 880 e
949 821 989 883 at
1011 835 1100 906 quae
1123 811 1314 881 secundum
1333 832 1370 879 es

212 923 361 994 sentiam
384 930 439 993 est
461 923 658 993 similitudo
676 924 752 993 sive
767 923 978 1015 comparatio
994 921 1070 992 sive
1087 919 1296 1005 communio,
1309 917 1370 987 uul-

210 1029 281 1098 lam
304 1031 612 1122 praeeminentiam
636 1031 693 1101 vel
716 1031 952 1101 differentiam
967 1028 1154 1122 relinquit,
1179 1028 1242 1097 sed
1263 1046 1371 1118 aequa

210 1137 349 1208 litatem
384 1139 570 1208 manifesto
604 1138 724 1209 efficit.
748 1169 765 1204 n
802 1147 869 1210 etc.
898 1137 1058 1209 Basilius
1090 1138 1129 1206 in
1164 1134 1371 1226 responsione

211 1246 274 1332 (ib.
289 1247 415 1338 p.234)
440 1269 558 1316 veram
582 1246 751 1317 rationem
776 1246 1025 1316 similitudinis
1055 1245 1150 1313 inter
1182 1243 1372 1312 Patremet

209 1351 344 1422 Filium
368 1353 525 1423 declarat
546 1378 620 1424 esse
636 1356 747 1446 ipsam
764 1354 963 1438 essentiam,
985 1351 1077 1445 quod
1092 1350 1234 1420 scilicet
1249 1369 1319 1417 una
1330 1353 1371 1417 est

211 1460 364 1530 essentia
387 1462 507 1531 Patris
530 1469 565 1531 et
587 1462 695 1548 Filii,
723 1463 818 1533 sicut
833 1462 925 1532 ratio
942 1459 1175 1555 aequalitatis
1189 1465 1247 1528 est
1262 1455 1370 1527 identi-

210 1577 268 1639 tas
291 1593 359 1638 non
383 1570 485 1637 molis
508 1575 612 1663 (quae
636 1571 674 1638 in
696 1573 768 1641 Deo
791 1572 892 1641 nulla
914 1575 983 1656 est)
1001 1569 1060 1639 sed
1075 1565 1316 1660 perfectiouis,
1329 1571 1369 1634 o

211 1702 278 1771 que
301 1680 378 1749 ideo
402 1679 584 1749 verissime
606 1680 724 1749 Filius
747 1679 848 1749 Patri
872 1678 1001 1748 similis
1023 1684 1078 1748 est
1100 1699 1188 1747 vera
1218 1674 1367 1745 similitu·
1401 1720 1403 1725 -

210 1787 291 1857 dine
314 1788 471 1856 naturali
495 1788 627 1882 hocque
649 1789 724 1880 ipso
749 1789 849 1858 Patri
878 1787 1037 1879 aequalis
1066 1791 1143 1854 est:
1174 1814 1192 1849 o
1211 1782 1403 1853 similita-
1401 1824 1403 1831 ·

212 1895 328 1965 dinem
351 1896 430 1965 dico
453 1920 521 1965 non
545 1897 736 1967 secundum
759 1896 980 1966 identitatem
1011 1894 1232 1964 extrinsecae
1256 1892 1403 1962 forna
1399 1918 1403 1975 q

214 1999 278 2089 (rm
304 1997 408 2088 ἐιδσυς)
436 2004 585 2094 perspici
609 2005 668 2073 sed
691 2003 913 2073 secuudum'
902 2024 1014 2092 ipsam
1030 2000 1231 2070 essentiam.
1249 1998 1365 2082 Quibus
1398 1958 1403 2085 l

211 2110 303 2179 enim
327 2111 439 2179 forma
462 2112 646 2203 figuraque
674 2111 922 2196 circumisset,
955 2110 1002 2178 iis
1031 2109 1224 2178 secuudum
1254 2110 1364 2177 forno
1397 2088 1403 2205 l

215 2214 278 2304 (rev
300 2211 403 2308 ὲιδους)
432 2219 651 2289 identitatem
675 2220 769 2290 inest
793 2217 1007 2305 similitudo;
1035 2238 1125 2308 quae
1148 2238 1233 2285 vero
1256 2221 1403 2284 natan·

209 2325 447 2398 alienaesta
471 2331 641 2399 formast
664 2328 926 2419 figuraOEilius
947 2328 1041 2416 Dei),
1059 2324 1238 2417 reliquum
1261 2331 1319 2408 est,
1333 2324 1362 2387 nt

210 2435 248 2503 iu
273 2436 351 2528 ipsa
373 2439 526 2507 essentia
548 2439 676 2507 habeat
699 2436 980 2522 similitudinem,
1006 2443 1112 2527 atque
1135 2433 1361 2527 aequalitatem

211 2564 280 2610 non
304 2544 341 2611 in
365 2544 577 2614 dimensione
601 2544 702 2613 molis
726 2545 785 2614 sed
809 2544 846 2612 in
876 2544 1064 2614 identitate
1095 2541 1249 2612 virtutis
1273 2535 1357 2630 (ἐν
1335 2557 1361 2603 τι

211 2674 444 2727 secretaneus
469 2648 647 2743 deceptos).
672 2652 739 2721 Ait
762 2651 959 2743 Scriptura.
985 2649 1150 2719 Christus
1178 2649 1246 2719 Dei
1268 2647 1363 2718 virtue

210 2765 247 2828 et
268 2759 335 2829 Dei
358 2761 553 2851 sapientia,
578 2768 656 2831 tota
678 2760 847 2830 videlieet
868 2766 1016 2871 paterna
1031 2756 1226 2829 virtutem
1242 2756 1363 2913 ipsore

212 2867 377 2937 sidentes
403 2877 470 2939 etc

270 2976 464 3048 Catholici
454 2987 574 3072 itaque
587 2981 788 3049 asserebant
800 2986 922 3049 contra
932 2980 1125 3048 Anomoeos
1136 2976 1315 3071 quidem
1289 2972 1367 3044 suni·

209 3085 395 3157 litudinem
417 3088 507 3158 Filii
531 3112 609 3158 cum
632 3089 738 3157 Patre
754 3089 813 3158 sed
829 3087 1097 3157 similitudinem
1112 3089 1312 3158 naturalem
1320 3105 1369 3177 per

211 3194 436 3265 identitatem
460 3204 633 3293 naturae,
659 3204 763 3288 atque
786 3196 831 3265 ad
854 3196 945 3266 hanc
974 3196 1275 3265 determinandam
1306 3217 1371 3265 con·

210 3302 405 3393 iungebant
427 3330 505 3376 cum
529 3305 765 3375 similitudine
787 3304 1038 3397 aequalitatem
1062 3307 1125 3392 (l),
1151 3312 1188 3374 et
1210 3304 1375 3375 addebant

210 3407 276 3477 illa
298 3411 456 3502 epitheta
478 3411 728 3482 similitudinis
748 3435 812 3501 per
841 3415 956 3478 omnia
985 3419 1021 3482 et
1051 3414 1125 3479 sine
1152 3412 1231 3478 ullo
1263 3410 1375 3479 diacre

204 3522 360 3606 pontio:
387 3543 481 3611 sego
506 3544 611 3606 vero,
637 3520 756 3612 inquit
779 3519 956 3605 Basilius,
982 3519 1073 3612 quod
1100 3526 1238 3610 spectat
1260 3518 1377 3586 simili-

210 3626 362 3696 tudinem
384 3630 563 3697 secundum
586 3633 784 3712 essentiam,
809 3628 989 3698 dummodo
1020 3628 1227 3698 adiunctum
1259 3629 1379 3698 habeat

209 3736 301 3806 illud
325 3741 398 3805 sine
420 3739 496 3806 ullo
514 3738 750 3828 discrepantia
771 3736 815 3825 (το
833 3733 1107 3830 ἀπαραλλακτως),
1126 3739 1284 3829 suscipio
1296 3739 1380 3808 hauc

209 3867 346 3931 vocem,
372 3852 492 3936 utpote
508 3869 596 3939 quae
613 3848 729 3917 eodem
746 3848 840 3917 redit
854 3869 894 3916 ac
911 3846 1267 3917 consubstantialitas
1283 3849 1381 3918 iuxta

209 3971 331 4019 sanum
356 3951 523 4022 videlicet
546 3977 686 4023 sensum
710 3954 1073 4025 consubstantialia...
1100 3954 1245 4047 Siquis
1269 3962 1381 4026 antam

208 4079 230 4126 a
252 4058 389 4129 nomine
411 4062 540 4129 similis
563 4062 655 4133 illud
678 4063 830 4133 alterum
845 4067 919 4130 sins
932 4062 1168 4155 discrepantia
1184 4064 1377 4149 abscindat,

263 4221 306 4300 (1)
326 4247 339 4274 ι
350 4227 413 4281 tlon
428 4229 520 4283 solum
539 4228 659 4284 dicimus
678 4229 786 4284 Filium
806 4230 930 4284 similem
948 4231 1039 4298 Patri,
1060 4233 1094 4285 ut
1112 4230 1288 4285 excludatur
1305 4242 1379 4284 error

209 4313 351 4385 loronii,
364 4318 413 4373 sed
426 4321 515 4374 etism
528 4319 649 4376 drumm
662 4323 818 4390 aequalem,
832 4327 865 4376 nt
875 4322 1046 4380 excludatur
1058 4337 1138 4379 error
1147 4321 1213 4377 Arii
1226 4343 1239 4373 s
1250 4322 1281 4379 S.
1296 4323 1347 4379 Tb·
1356 4320 1380 4372 l·

210 4408 334 4474 μὴ
348 4410 374 4462 1.
386 4410 460 4464 ada.
