3172 4950
696 342 733 357 ..
755 312 796 370 57
817 343 854 357 ..

209 423 330 516 produci
354 421 495 505 solent,
521 418 773 510 depromuntur
797 440 839 486 ex
867 415 1043 486 codicibus
1067 415 1292 505 Scripturae,
1321 436 1363 482 ex

209 532 329 622 scriptis
352 531 522 613 Petrum,
548 551 590 597 ex
612 525 770 619 antiquis
795 524 1027 595 versionibus.
1054 523 1196 592 Codices
1220 543 1364 611 graecos

207 640 398 710 vetustiores
420 636 561 706 saeculo
583 635 616 705 V
639 634 695 703 vel
720 635 765 702 ad
789 656 958 701 summurn
981 633 1034 703 IV
1064 632 1181 700 nullos
1204 630 1361 718 habent,

207 748 293 816 huius
309 766 492 836 supremae
508 743 736 835 antiquitatis
754 746 939 810 censentur
957 741 1024 808 duo
1042 740 1201 823 veltres,
1221 736 1365 806 Vatica-

207 879 257 924 uus
277 855 335 941 (Β)
353 876 433 924 cum
449 851 518 921 sibi
532 849 670 940 gemino
687 849 857 918 Sinaitico
875 846 1141 930 Tischendorfii,
1160 851 1196 914 et
1210 843 1364 912 Alexan·

207 960 311 1029 drinus
327 958 404 1045 (Α),
422 963 498 1025 tum
515 978 606 1022 unus
623 954 655 1022 G
671 953 789 1041 (Card.
813 952 990 1021 Passionei
1013 975 1107 1021 nunc
1129 951 1167 1019 in
1191 951 1360 1020 Biblioth.

206 1067 374 1157 ingelida)
392 1064 525 1134 saeculi
540 1064 604 1132 IX.
625 1062 682 1132 vel
698 1063 759 1150 X.;
778 1061 908 1153 reliqui
924 1084 1039 1130 ommes
1056 1068 1140 1129 sunt
1160 1059 1365 1130 recentioris

206 1176 315 1246 aetatis
331 1196 353 1242 a
368 1174 415 1242 X.
431 1173 476 1242 ad
493 1171 571 1241 XV.
592 1170 780 1240 saeculum.
795 1171 959 1261 Adeoque
972 1169 1129 1258 exceptis
1141 1169 1257 1236 tribus
1272 1168 1365 1237 inter

206 1306 330 1374 graecos
354 1281 513 1367 codices,
539 1279 600 1373 qui
623 1278 791 1369 epistolas
815 1276 1008 1346 catholicas
1037 1277 1227 1361 continent,
1243 1274 1365 1344 nullus

206 1396 347 1483 superest
368 1389 545 1461 vetustior
567 1393 683 1458 aetate
706 1385 823 1455 Caroli
846 1385 893 1453 M.
910 1385 969 1454 sed
993 1385 1119 1474 scripti
1143 1390 1226 1453 sunt
1250 1405 1365 1452 ommes

206 1523 232 1569 eo
251 1507 414 1589 tempore,
440 1519 508 1588 quo
531 1495 714 1565 lectionem
747 1493 927 1563 commatis
949 1493 1063 1562 nostri
1088 1495 1116 1561 7²
1140 1493 1177 1562 in
1200 1500 1276 1563 tota
1299 1493 1364 1562 Ec·

207 1607 294 1676 alesia
316 1604 432 1675 latina
463 1625 674 1673 communem
697 1601 820 1686 fuisse,
845 1622 944 1670 nemo
967 1622 1097 1690 negare
1119 1606 1246 1692 potest.
1274 1601 1365 1671 Sunt

207 1714 310 1806 utique
341 1711 476 1781 codices
499 1710 652 1781 derivati
676 1732 718 1778 ex
741 1708 1012 1801 antiquioribus,
1031 1716 1067 1779 et
1089 1708 1167 1799 ipsa
1190 1708 1288 1801 copia
1311 1730 1364 1778 aa·

207 1820 243 1888 tis
262 1839 389 1909 magna
411 1840 553 1902 eorum,
580 1816 767 1908 inquibus
791 1838 920 1885 comma
945 1817 997 1883 7³¹⁰
1021 1817 1128 1900 deest,
1148 1817 1218 1886 iam
1240 1840 1303 1908 per
1326 1839 1362 1884 ss

209 1929 457 2011 demonstraret,
484 1923 701 1994 omissionem
724 1947 798 1994 esse
822 1923 1049 1993 vetustiorem
1074 1931 1288 2018 notataque
1312 1947 1363 1994 co·

210 2037 284 2106 dices
307 2034 476 2125 descripti
499 2039 596 2102 sunt.
613 2033 665 2102 At
688 2032 719 2101 si
742 2032 892 2102 invicem
911 2034 1069 2101 conferas
1086 2033 1258 2123 duplicem
1274 2034 1365 2102 hanc

210 2146 312 2214 seriem
348 2145 657 2227 documentorum,
696 2163 842 2233 quarum
878 2163 948 2209 una
985 2142 1127 2211 exhibet
1165 2143 1313 2212 incisum
1344 2164 1365 2210 a
1484 2219 1485 2224 ἵ

210 2274 279 2322 aee.
293 2253 358 2320 IX.
374 2249 419 2319 ad
430 2250 510 2320 XV.
526 2249 563 2317 in
576 2272 643 2318 usu
656 2249 795 2339 publico
807 2256 844 2319 et
857 2250 1052 2320 universali
1064 2251 1176 2320 totius
1187 2251 1365 2321 Ecclesiae

209 2361 334 2445 labnae,
362 2357 477 2428 altera
500 2358 729 2426 constituitur
752 2357 889 2447 graecis
905 2358 1082 2428 codicibus
1106 2361 1179 2428 fere
1203 2381 1307 2450 opera
1329 2366 1365 2429 et

210 2469 402 2540 auctoritate
426 2466 568 2556 privata
590 2466 744 2556 scriptis,
765 2467 825 2558 qui
840 2467 956 2536 eodem
973 2468 1139 2557 temporis
1156 2468 1258 2556 lapsu
1274 2465 1364 2535 illud

210 2576 419 2646 communiter
431 2597 500 2642 non
513 2573 652 2661 habent,
671 2575 826 2664 profecto
840 2597 881 2643 ex
898 2574 1152 2664 computatione
1164 2574 1364 2644 huiusmodi

209 2685 344 2755 codicum
368 2683 470 2752 nulla
493 2687 571 2752 arte
595 2703 758 2773 umquam
781 2682 929 2751 deduces
952 2690 1197 2772 argumentum
1215 2688 1361 2767 certum,

209 2815 259 2884 quo
279 2794 518 2876 demonstres,
545 2796 681 2860 textum
705 2791 875 2881 scriptum
899 2813 920 2858 a
943 2792 1072 2860 Ioanne
1101 2814 1176 2861 esse
1209 2792 1246 2858 in
1268 2789 1364 2859 hisce

208 2901 342 2989 priuatis
354 2899 610 2991 exemplaribus
622 2899 759 2988 graecis
775 2900 837 2988 (1),
857 2900 894 2967 in
907 2922 1008 2969 usum
1024 2924 1107 2971 vero
1120 2899 1299 2990 publicum
1313 2905 1363 2968 to-

208 3007 264 3077 tius
284 3007 464 3079 Ecclesiae
489 3006 716 3077 occidentalis
744 3009 878 3077 nemine
910 3030 1072 3101 umquam
1103 3008 1366 3079 contradicente

210 3115 299 3184 luisse
322 3120 522 3204 susceptum
545 3119 681 3182 textum
704 3115 741 3181 in
758 3136 795 3182 re
811 3115 905 3182 tanti
922 3117 1085 3184 momenti
1101 3115 1362 3206 interpolatum,

210 3223 401 3314 sudemque
425 3221 751 3313 interpolationem,
777 3222 869 3290 nihil
893 3223 1081 3291 obsistente
1096 3229 1161 3292 tua
1183 3223 1248 3292 illa
1271 3224 1365 3292 codi-

211 3350 268 3397 cum
290 3329 527 3416 auctoritate,
553 3350 658 3421 penes
681 3329 833 3399 Graecos
856 3330 962 3399 etiam
995 3329 1237 3408 schismaticos
1266 3353 1365 3420 pras·

211 3438 372 3509 valuisse!

258 3547 422 3616 Codicum
445 3545 680 3632 vetustiorum
704 3546 1002 3639 penuriaabuude
1018 3545 1234 3637 compensari
1249 3552 1367 3637 potest

212 3654 333 3747 scriptia
357 3654 514 3740 Petrum,
541 3654 722 3724 dummodo
745 3655 798 3724 ita
821 3653 984 3739 habeant,
1011 3660 1053 3723 ut
1075 3676 1117 3722 ex
1143 3654 1363 3724 contestibus

263 3910 304 3986 (1)
320 3913 448 3982 Ipsamat
457 3909 626 3977 Michaelis,
650 3909 701 3978 qul
723 3914 786 3964 crat
806 3910 884 3964 inter
910 3911 1019 3978 primos
1040 3914 1249 3979 oppugnatores
1268 3913 1366 3978 genui·

211 4000 294 4058 daus
311 4002 400 4057 buius
418 4000 581 4067 commatis,
603 4000 709 4054 statuit
732 4003 827 4054 tamen
853 4000 1026 4068 principium
1045 4002 1197 4066 generale:
1214 4020 1227 4048 a
1242 4001 1284 4055 011
1303 4017 1366 4056 cou-

210 4090 251 4151 cir
265 4093 331 4148 bien
349 4092 442 4145 moins
461 4089 625 4143 l’inscrtion
645 4089 712 4142 d'un
725 4105 846 4156 passage
864 4106 918 4158 que
932 4105 982 4142 sou
1000 4089 1145 4156 omission,
1161 4093 1275 4145 surtout
1287 4094 1366 4146 entre

209 4174 266 4234 deux
281 4186 354 4235 mota
375 4181 426 4248 qui
439 4183 490 4234 out
508 4180 538 4233 la
551 4181 637 4232 meme
657 4179 856 4233 terminaison.
871 4179 912 4232 La
925 4180 1099 4246 superiorite
1118 4178 1155 4233 du
1175 4181 1289 4233 nombre
1304 4179 1366 4251 (dea

209 4269 272 4344 uss.)
283 4289 319 4326 ue
332 4271 425 4325 serait
441 4286 493 4338 pas
512 4272 599 4323 meme
613 4268 685 4323 dans
697 4284 727 4322 cc
747 4284 793 4322 cas
813 4269 947 4334 decisivo,
965 4284 1049 4336 pares
1069 4271 1172 4337 qu'une
1192 4285 1290 4322 erreur
1304 4269 1367 4337 ddja

208 4359 297 4417 adnisa
315 4362 387 4416 daus
408 4361 484 4414 deux
502 4376 538 4414 au
559 4361 632 4415 trois
651 4375 718 4413 mss.
739 4359 874 4425 ancisus,
898 4375 927 4411 se
946 4361 1089 4414 transmet
1106 4360 1330 4415 naturallsment
1348 4360 1365 4411 a

207 4452 286 4507 lorus
305 4453 349 4507 les
367 4452 463 4522 copies
484 4465 538 4519 qua
560 4451 618 4505 l'on
636 4465 671 4505 an
696 4449 776 4503 tire»
800 4448 950 4503 Michaelis
969 4449 991 4501 1.
1003 4464 1026 4501 e.

1208 4552 1225 4587 Ω
