3172 4950
694 328 733 343 ..
752 299 813 360 290
835 329 873 344 -

210 432 296 501 puae
316 407 480 497 perpetuo
501 401 643 472 flumine
666 425 709 471 ex
731 404 804 473 Deo
827 424 988 473 emanare
1016 402 1159 495 Deoque
1192 402 1229 471 in
1255 424 1345 472 rernu

206 517 357 585 amnium
370 513 446 581 sira
461 513 634 581 creatione
657 513 733 582 sive
756 512 1059 583 administratione
1075 511 1260 594 inservire,
1276 511 1347 578 funs

204 636 309 695 erate
335 622 522 691 Grossman
544 620 571 689 l.
586 644 616 690 c.
631 646 666 712 p.
682 623 738 689 68.

269 729 509 821 Neoplatonici
531 732 575 798 ab
598 730 741 800 ineunte
765 731 903 800 saeculo
926 731 996 800 ΙΠ.
1012 753 1124 824 nsque
1146 730 1193 799 ad
1215 729 1277 799 VI.
1298 728 1348 797 sibi

204 839 430 913 succedebant
443 837 637 907 Numenius
651 839 901 930 Pythagoreus
916 840 1033 910 dictus
1047 861 1069 907 a
1084 839 1276 922 veteribus,
1287 837 1349 904 Aru·

203 948 339 1018 mouius
361 945 487 1016 Saccas
510 946 571 1037 qui
592 946 863 1037 Neoplatonicae
886 946 993 1018 huius
1008 948 1151 1018 anhelae
1167 953 1287 1017 auctor
1305 945 1348 1012 he

205 1056 275 1127 bari
299 1053 409 1137 solet,
435 1054 620 1139 Plotinae,
646 1054 893 1144 Porphyrius,
918 1055 1100 1140 Amelius,
1133 1052 1347 1136 Iamblichus,

200 1164 381 1247 Aedesius,
406 1161 579 1230 Maximus
601 1161 788 1251 Ephesius,
819 1164 981 1232 Iulianus
1002 1164 1190 1254 Apostata,
1216 1161 1346 1243 Procles,

202 1272 357 1345 Isidorus
381 1271 563 1356 Gazaeus,
588 1272 817 1359 Damascins,
843 1275 908 1342 snb
932 1274 1059 1366 quibus
1087 1271 1272 1362 postremis
1292 1269 1348 1361 phi·

200 1380 419 1471 losophorum
443 1379 582 1449 scholae
605 1380 772 1470 religioni
795 1381 1011 1451 christianae
1040 1381 1270 1450 adversantes
1290 1386 1347 1447 tan·

201 1490 276 1561 dem
311 1512 373 1579 per
408 1487 559 1557 edictum
589 1489 783 1558 Iustiniani
815 1512 906 1559 anno
934 1489 1000 1558 529
1030 1489 1248 1580 proscriptae
1273 1494 1345 1555 sunt

201 1596 274 1667 Iam
300 1618 382 1665 vero
404 1595 461 1664 his
485 1595 644 1666 omnibns
666 1597 860 1667 Platonicis
883 1620 951 1666 non
967 1597 1065 1666 modo
1089 1596 1249 1665 Philonis
1269 1593 1346 1663 nae

199 1708 330 1773 temate
352 1702 412 1770 sed
428 1702 708 1773 Christianorum
722 1704 927 1794 Scripturas
942 1710 980 1774 et
995 1705 1158 1774 doctrina
1172 1708 1346 1794 perspectae

199 1818 323 1897 orant,
350 1811 461 1903 sliqni
483 1834 601 1881 eorum
626 1813 732 1881 etism
756 1814 899 1882 fuerant
921 1812 1142 1898 Christiani,
1168 1817 1211 1881 nt
1232 1811 1272 1880 de
1291 1811 1347 1900 ipso

200 1918 382 1989 Ammonio
405 1920 576 1988 traditum
599 1926 665 1990 est.
688 1920 836 1990 Nullum
867 1921 986 2013 itaque
1016 1920 1184 2006 dubium,
1216 1920 1296 2012 quin
1317 1939 1347 1985 ex

199 2027 360 2099 doctrine
383 2027 578 2097 christiana
600 2027 721 2121 aliqua
743 2029 825 2120 plns
855 2029 1014 2099 minusve
1041 2029 1180 2098 detorta
1207 2029 1243 2097 in
1271 2048 1347 2096 ausu

199 2136 453 2229 philosophiam
465 2136 669 2205 eclecticam
684 2138 912 2227 susceperint.
931 2136 1031 2206 Unde
1054 2135 1148 2204 nihil
1163 2135 1346 2216 mirandnu,

199 2245 229 2313 si
253 2266 357 2334 penes
379 2245 467 2313 istos
482 2244 524 2313 de
539 2244 756 2334 processione
774 2245 882 2315 Verbi
898 2267 967 2313 non
983 2244 1076 2312 nihil
1091 2250 1254 2314 occurrat
1268 2240 1348 2334 paulo

199 2353 313 2443 magis
336 2353 437 2422 affine
460 2353 639 2422 doctrinae
663 2351 889 2438 christianae,
914 2376 1018 2446 quam
1041 2353 1133 2443 apud
1157 2354 1270 2444 ipsum
1289 2351 1346 2420 Pla

198 2470 325 2529 tonam.
340 2461 440 2529 Hanc
464 2483 535 2530 rem
559 2461 663 2529 etism
686 2461 810 2530 Patres
833 2461 1074 2532 adverterunt.
1097 2461 1158 2529 Sic
1181 2460 1346 2529 Theodore-

198 2578 280 2655 tus,
307 2570 367 2637 nbi
392 2589 413 2636 a
435 2568 650 2655 Plutarcho,
683 2567 880 2654 Numenio,
913 2568 1075 2655 Plotino,
1106 2569 1245 2638 Amelio
1274 2563 1345 2657 eqni

200 2677 338 2746 scholae
365 2678 556 2770 Porphyrii
587 2679 749 2770 princeps
781 2680 907 2765 fuit,n
941 2684 978 2747 et
1008 2709 1025 2743 a
1039 2681 1082 2747 ab
1110 2678 1195 2747 aliis
1220 2674 1344 2747 einsdsn

199 2794 343 2856 meme»
369 2787 539 2856 nonnulla
561 2788 712 2878 analoga
734 2788 889 2878 dogmati
906 2787 1102 2857 christiano
1118 2784 1214 2856 dicta
1231 2804 1343 2855 comum

199 2900 333 2978 morat,
360 2893 629 2963 declarationem
660 2895 783 2964 addit:
820 2894 893 2962 chi
917 2916 1064 2986 namque
1097 2916 1176 2962 cnm
1205 2900 1280 2984 post
1302 2888 1343 2956 ad·

199 3007 342 3071 ventum
365 3001 607 3093 Redemptoris
630 3004 742 3072 nostri
765 3002 991 3089 exstiterint,
1017 3000 1130 3070 multa
1159 3001 1340 3070 christianas

198 3108 395 3198 theologiae
419 3110 494 3179 suis
511 3110 726 3180 sermonibus
751 3110 1069 3180 commiscuerunt»
1090 3100 1340 3196 (anemonen

198 3239 315 3308 graec.
329 3218 446 3285 effect.
462 3226 576 3288 curat.
592 3242 694 3289 sarm.
713 3219 763 3286 II.
777 3219 818 3288 Τ.
834 3218 900 3286 IV.
919 3242 954 3308 p.
974 3217 1083 3303 500).

265 3325 425 3393 Ceterum
449 3325 573 3395 Patres
596 3332 741 3417 agentes
764 3348 842 3394 cum
873 3325 1066 3416 gentilibus
1097 3325 1247 3416 quadarn
1273 3338 1339 3391 cccc

197 3433 332 3503 nomica
353 3433 558 3524 disputandi
581 3436 718 3504 ratione
741 3442 777 3503 et
800 3433 966 3505 velutad
991 3433 1166 3502 hominem
1188 3448 1338 3523 argnneu·

197 3543 305 3612 tando
322 3541 471 3610 libenter
495 3543 718 3611 assumebant
747 3564 806 3626 es,
840 3563 928 3634 quae
960 3540 1036 3611 sive
1066 3540 1162 3633 apud
1192 3541 1340 3609 Platorem

198 3653 274 3722 sive
297 3652 391 3744 apud
413 3652 613 3723 Platonicos
637 3653 679 3722 de
701 3652 816 3723 Mente
839 3659 875 3720 et
897 3651 940 3721 de
954 3650 1069 3719 Verbo
1092 3648 1278 3720 secundum
1296 3638 1339 3711 ali·
1379 3666 1386 3709 -·.

199 3891 260 3945 sint
270 3888 509 3958 fundamentales,
522 3890 670 3957 inquibus
683 3889 812 3956 reliquae
827 3886 1022 3941 emanationes
1037 3886 1125 3938 trium
1138 3874 1342 3957 classianprtt·

198 3982 245 4035 uls
255 3982 474 4048 intellectualis,
488 3981 614 4045 moralis,
628 3977 754 4049 physici)
762 3979 965 4032 contineantur
975 3980 1005 4030 et
1014 3977 1266 4045 animumque
1273 3968 1341 4027 ridel·

199 4087 248 4124 cur
267 4070 517 4144 slli(liostminua
537 4067 671 4142 absurde)
690 4071 721 4122 in
742 4071 836 4123 tribus
848 4068 948 4138 primis
967 4062 1342 4135 Scphirotlssupponantlra⁸

199 4163 348 4230 designari
375 4164 492 4218 divinus
512 4178 669 4232 personum
696 4177 758 4215 eum
782 4162 880 4229 potius
909 4160 979 4213 haec
1001 4157 1096 4213 omnia
1115 4156 1151 4210 ud
1179 4155 1343 4211 emanatione

199 4255 346 4319 gnosticas
365 4256 513 4322 pertinere
534 4258 564 4307 st
583 4256 705 4319 cognata
723 4267 784 4304 assa
810 4249 964 4304 videantur
988 4270 1001 4297 a
1014 4236 1344 4315 genealogiisacludaicb

198 4344 307 4399 tabells
320 4364 344 4411 n,
361 4360 433 4413 quas
443 4347 550 4398 Paulus
559 4343 715 4412 Apostolus
725 4340 898 4394 devitandas
909 4355 971 4394 asae
982 4344 1077 4396 monet
1087 4340 1198 4398 (lutosa.
1206 4339 1244 4393 11.
1257 4336 1295 4390 l&
1304 4343 1342 4395 'ti

200 4441 224 4492 1.
237 4439 310 4493 Tim.
336 4439 358 4491 1.
379 4438 448 4491 ηε
465 4432 857 4498 tv.7.:vl.ao.al.;'1¹it.1.
872 4431 928 4497 14.;
941 4431 996 4485 111.
1007 4431 1034 4484 θ.
