3172 4950
712 322 750 337 -
772 288 832 351 448
851 294 895 337 -'

640 478 786 539 THESIS
806 476 955 538 XXXlll.

253 622 408 683 Eiusdem
435 623 586 681 veritatis
613 621 847 682 demonstratio
868 636 912 680 ex
932 622 1112 681 intrinseco
1132 638 1306 698 personatus

353 723 469 783 ordine
489 722 630 799 originis
650 728 680 779 et
700 737 742 779 ex
762 721 914 779 missione
932 717 1078 796 Spiritus
1102 738 1124 779 a
1143 719 1237 779 Filio.

268 926 281 949 a
301 901 407 956 Eadem
430 902 573 969 processio
600 900 728 969 Spiritus
750 900 848 954 Sancti
869 899 956 953 etism
980 915 997 953 a
1017 898 1096 952 ustio
1117 898 1335 951 demonstrans

215 1014 227 1035 ·
242 994 370 1047 revelato
389 993 545 1046 intrinseco
565 1006 750 1059 personarum
771 990 881 1056 ordine,
906 990 957 1057 qui
975 1005 1033 1042 nou
1056 993 1154 1057 potest
1169 984 1335 1042 curmusi«

214 1084 382 1150 „originise
402 1083 568 1151 pariterque
587 1099 622 1136 cx
648 1084 783 1136 missione
802 1081 931 1150 Spiritus
958 1080 1077 1147 Sancti,
1107 1095 1180 1149 quse
1200 1079 1335 1133 intrim

214 1195 226 1221 n
241 1174 449 1241 processionem
466 1186 601 1240 personas
625 1172 729 1226 missac
746 1187 763 1225 a
782 1171 916 1225 mittente
937 1170 1098 1223 necessario
1118 1184 1279 1238 supponens,
1294 1166 1335 1221 sim

214 1284 227 1309 ν
243 1279 259 1317 s
275 1262 361 1316 Patre
381 1262 424 1316 its
443 1268 488 1317 cst
508 1278 525 1316 a
543 1261 657 1315 sitio.»

278 1475 308 1544 1.
334 1474 426 1544 Ordo
449 1473 649 1544 divinarum
673 1496 898 1567 personarum
923 1480 959 1545 in
984 1475 1182 1567 Scripturis
1203 1474 1283 1565 ipsis
1298 1480 1335 1543 tn

212 1583 311 1654 ditur
326 1584 462 1652 omnino
479 1584 569 1653 fixus
586 1592 756 1668 acratas,
774 1582 982 1676 ubicumque
1001 1588 1335 1653 connumeranturtrt

211 1691 353 1761 divinae
375 1712 539 1781 personae
567 1690 755 1761 secundum
783 1711 902 1759 earum
930 1690 1143 1760 intrinsecas
1169 1686 1335 1759 occussis

211 1800 419 1870 relationes:
448 1800 515 1867 sin
539 1800 675 1868 nomine
700 1800 817 1869 Patris
832 1808 869 1869 et
884 1799 971 1868 Filii
993 1805 1030 1868 et
1052 1798 1212 1890 Spiritus
1228 1794 1335 1868 Sustulit

211 1906 604 1995 Matth.XXV111.19;
633 1909 768 1977 «Pater
791 1908 944 1977 Verbum
966 1914 1002 1977 et
1025 1907 1185 1999 Spiritus
1200 1905 1335 1976 sancis·

212 2014 310 2084 1.10.
329 2015 423 2102 uu
446 2021 482 2084 et
511 1998 751 2106 incipiendis
769 2036 921 2106 persona
949 2015 1058 2084 tertis
1087 2016 1190 2085 vetut
1220 2014 1261 2083 ss
1287 2008 1335 2079 ss

211 2146 251 2191 ro
273 2129 450 2192 extremo:
478 2154 493 2186 o
508 2123 598 2192 idem
623 2123 791 2212 Spiritus,
817 2122 907 2192 idem
934 2122 1116 2206 Dominus,
1141 2122 1232 2191 idem
1250 2120 1335 2193 Dens

212 2229 244 2299 1.
265 2228 344 2299 Cor.
362 2230 446 2297 XII.
467 2230 562 2314 4-a.,
591 2253 658 2322 quo
680 2231 754 2299 loco
779 2229 814 2298 S.
835 2229 991 2299 Basilius
1013 2227 1282 2321 animadvertit,
1300 2242 1335 2293 ru

212 2337 364 2409 ordinem
389 2337 624 2427 ontologicnm
658 2334 835 2408 invers'um
860 2336 979 2423 tradi,
1006 2338 1065 2406 sed
1092 2335 1335 2421 exhiberint

211 2454 321 2517 stram
344 2445 602 2533 habitudinem
629 2469 708 2515 nam
729 2469 806 2516 cum
830 2447 920 2515 dona
935 2445 1139 2537 accipimus,
1159 2444 1335 2536 primumn

211 2555 266 2624 bis
281 2552 435 2623 occurrit
450 2553 676 2638 distribuens,
694 2562 770 2623 turn
785 2554 980 2643 cogitamus
995 2553 1192 2621 mittentem
1207 2550 1334 2640 (Filius)

211 2662 291 2732 dein
314 2663 561 2753 cogitationem
584 2662 804 2753 perducimus
826 2662 871 2731 ad
895 2652 1025 2731 iontem
1048 2667 1086 2731 et
1108 2684 1247 2732 causam
1276 2661 1335 2727 bau

210 2794 317 2840 sumo
344 2770 402 2858 (ad
427 2793 605 2861 personam
629 2770 785 2860 primum,
804 2792 892 2861 quae
909 2793 976 2839 nou
999 2776 1052 2839 est
1077 2772 1121 2838 ab
1136 2770 1211 2839 alia
1225 2778 1335 2857 etaqut

211 2884 295 2947 sunt
316 2878 407 2947 aliae
431 2881 609 2968 personae}
632 2877 742 2945 Basil.
769 2878 811 2946 de
835 2876 973 2967 Spiritu
996 2878 1125 2947 Sancto
1150 2901 1181 2948 c.
1200 2879 1252 2946 16.
1268 2870 1335 2945 stt

214 2985 393 3054 uProinde
417 2986 477 3053 via
500 2986 544 3054 ad
569 2985 633 3054 Dei
664 2984 896 3074 cognitionem
919 2991 973 3053 est
995 2986 1040 3053 ab
1063 3007 1132 3053 uno
1156 2986 1335 3077 Spiritupt

211 3119 317 3164 unum
339 3094 472 3162 Filium
495 3093 538 3161 ad
563 3117 670 3162 unum
700 3094 850 3161 Patrem.
876 3092 925 3161 Et
947 3093 1024 3162 vice
1053 3116 1156 3163 versa
1185 3086 1335 3163 essentiali

211 3202 348 3271 bouitas
370 3209 406 3270 et
429 3201 617 3269 secundum
644 3207 806 3268 naturam
823 3200 995 3268 sanctitas
1018 3206 1053 3269 et
1077 3199 1211 3291 regalis
1224 3197 1335 3289 dignita

210 3330 251 3377 ex
275 3310 381 3378 Patre
405 3331 466 3398 per
491 3310 720 3399 Unigenitum
747 3308 791 3377 ad
819 3307 993 3397 Spiritum
1017 3315 1202 3399 permanat
1220 3308 1267 3395 (1)
1286 3300 1335 3375 ilii

210 3442 240 3487 c.
256 3418 311 3486 18.
326 3440 360 3485 u.
377 3418 433 3485 47.
450 3418 495 3485 cf.
512 3416 549 3485 S.
565 3416 657 3483 Iren.
673 3415 698 3483 l.
714 3416 758 3485 V.
775 3440 804 3485 c.
821 3414 876 3482 36.
892 3416 975 3483 n.2.

276 3524 435 3595 Ceterum
461 3524 502 3593 de
525 3524 589 3593 hoc
620 3525 740 3593 ordine
773 3523 968 3613 ontologico
991 3530 1026 3593 et
1049 3524 1239 3593 intrinseca
1262 3538 1335 3593 utut

209 3635 303 3704 sario
325 3655 550 3723 personarum
574 3632 735 3701 dubitare
767 3656 835 3701 nou
866 3632 954 3701 sinit
983 3632 1156 3722 professio
1186 3628 1335 3702 christini

209 3764 373 3833 expressa
388 3741 424 3809 in
441 3742 599 3809 omnibus
622 3740 802 3830 symbolis,
822 3741 859 3808 iu
874 3740 1084 3809 solemnibus
1100 3739 1258 3808 formulis
1271 3736 1335 3804 tim

210 3850 323 3940 gicis,
352 3849 389 3916 in
421 3848 588 3916 universa
621 3849 880 3938 praedicatione
909 3848 1160 3917 ecclesiastica.
1190 3842 1335 3915 saisost

209 3956 381 4047 Spiritum
399 3956 514 4025 eodem
531 3957 628 4025 modo
651 3958 874 4046 pronuntiari
890 3980 966 4025 cum
983 3956 1131 4023 Domino
1147 3954 1275 4042 (Filio),
1288 3964 1335 4042 qut

209 4063 308 4132 modo
323 4069 359 4131 et
373 4062 489 4131 Filius
512 4064 764 4153 pronuntiatur
780 4088 857 4133 oum
871 4064 988 4133 Putre.
1007 4064 1139 4132 Nomen
1156 4063 1245 4133 enim
1258 4048 1335 4129 Patri

207 4178 243 4241 et
256 4170 344 4239 Filii
355 4178 391 4239 et
403 4171 560 4260 Spiritus
577 4172 699 4241 Sancti
717 4172 881 4240 similiter
896 4171 1029 4240 editum
1042 4178 1108 4239 cst.
1123 4172 1246 4263 Itaque
1260 4181 1335 4259 quta·

261 4316 304 4393 (1)
323 4322 374 4372 lius
394 4318 530 4372 drauscius
552 4320 569 4376 η’
592 4332 691 4389 ,tuatim
715 4316 858 4388 ἆγαὲοτης
880 4340 923 4371 aar
951 4318 964 4372 ὁ
984 4339 1055 4372 κατα
1079 4332 1158 4389 φυσιν
1178 4318 1300 4388 &usurpati
1312 4322 1335 4357 ¹⁶

209 4430 238 4461 rs
261 4410 399 4475 βασιλικον
419 4410 527 4482 ἀξίωμα
553 4410 581 4462 ἐκ
604 4428 701 4481 aurp&
727 4412 769 4461 itu
793 4428 838 4461 rou
859 4428 1017 4481 persperso<
1041 4406 1085 4462 im
1109 4428 1138 4461 re
1162 4428 1260 4479 receptu
1277 4408 1335 4459 δῆθ’·
