3172 4950
355 414 474 505 utpote
497 405 650 476 Verbum
674 400 779 472 simul
802 405 839 470 et
861 297 969 486 Deldsl,
994 423 1181 494 perquem
1213 403 1330 472 omnis
1354 402 1446 475 feeit
1467 406 1532 474 Ps-

356 528 433 602 ιιι,
458 537 527 585 uon
548 518 727 604 temqusm
761 532 821 602 per
857 510 1129 579 instrumentum
1161 533 1226 580 uso
1258 516 1443 613 tamquam
1471 534 1534 603 per

356 620 539 696 soisutiem
561 641 629 688 uon
646 641 707 709 per
720 640 756 688 se
774 615 1033 685 subsistentem:
1051 620 1230 706 esnensis
1245 616 1385 709 quidese
1396 619 1533 688 Fisus

357 732 464 802 Pater
488 741 662 817 tamquam
684 741 797 794 actum
807 747 872 821 per
888 747 921 790 se
937 725 1170 792 subsistentem
1185 740 1218 792 et
1233 729 1352 793 omniu
1368 729 1411 794 s'ss
1425 729 1532 795 onsi-

357 841 417 906 bus
430 849 649 926 operantem
662 858 858 924 γεννησαντος
869 856 922 917 μεν
939 853 990 897 τον
1005 853 1114 925 saepe<
1125 859 1175 902 τον
1193 833 1253 900 siros
1273 834 1313 908 ὡς
1333 840 1439 911 {usas
1457 831 1532 927 iusp-

356 968 453 1035 γιιαι,
467 967 519 1008 και
537 941 734 1010 ἐνυποστατον
754 948 926 1038 ἐνεργουντα
942 968 981 1011 τα
995 968 1095 1010 παντα
1113 939 1143 1009 ἐν
1161 967 1254 1010 naurs
1270 943 1403 1031 (ldsusi
1427 943 1529 1014 cone

356 1053 399 1122 Τ.
413 1052 445 1121 Ι.
460 1076 494 1142 p.
510 1052 640 1138 1035.).
658 1053 717 1121 Its
739 1055 844 1123 etism
868 1054 1115 1144 Athenagoras
1131 1053 1271 1143 (Iegst.
1286 1075 1323 1121 ιι.
1338 1052 1414 1138 10.)
1429 1052 1528 1138 dioit,

357 1160 489 1231 Filium
512 1159 753 1250 prodiissent
769 1162 919 1231 omnium
935 1184 1053 1231 rerum
1069 1167 1267 1231 emtarum
1290 1164 1385 1229 esset
1399 1159 1480 1229 ides
1496 1166 1531 1230 st

358 1274 459 1338 setus
484 1259 549 1330 ἱδεα
572 1291 623 1330 και
649 1262 791 1358 ἐνεργεια.
824 1270 874 1338 Et
905 1267 1132 1359 Augustinus
1163 1269 1366 1359 frequenter
1398 1266 1529 1336 Filium

358 1377 472 1468 ipsum
495 1375 653 1465 appellnt
671 1376 902 1445 «mandatum
917 1399 986 1444 non
1002 1397 1025 1443 e
1040 1383 1192 1465 tempore
1208 1375 1343 1458 dutum,
1361 1375 1425 1444 ssd
1439 1395 1529 1443 msu-

359 1485 479 1554 dstum
501 1488 623 1551 ustum
638 1507 669 1570 ις
698 1482 912 1554 «iussionem
936 1483 1027 1553 enim
1050 1481 1169 1551 Putris
1192 1483 1235 1551 ut
1256 1481 1384 1550 flerent
1404 1480 1526 1564 omnis,

359 1591 434 1677 sit,
458 1613 528 1659 non
550 1612 625 1660 esss
647 1590 719 1658 nisi
740 1590 906 1676 Verbum,
932 1615 994 1683 per
1019 1589 1109 1683 quod
1140 1591 1236 1659 fuste
1258 1594 1345 1657 sunt
1366 1588 1497 1657 omnis.
1510 1614 1527 1649 ι

361 1699 455 1788 Aug.
469 1699 579 1768 Serm.
595 1698 672 1766 120.
690 1721 725 1766 ιι.
746 1699 779 1785 63
797 1699 823 1767 1.
838 1706 950 1769 contr.
973 1697 1084 1767 Ssrm.
1101 1696 1227 1765 Arisn.
1246 1694 1320 1782 o.3;
1344 1695 1446 1764 'l'riu
1459 1693 1528 1762 l.l.

359 1806 567 1892 eluente
582 1811 693 1875 oontr.
703 1806 826 1876 Faust.
841 1808 868 1876 l.
879 1806 929 1874 Π.
942 1808 1028 1894 ο.ὅ.;
1043 1804 1081 1875 in
1092 1803 1362 1874 lenaeum
1374 1825 1412 1872 ιι.
1422 1803 1528 1873 beto.

427 1912 593 1982 ursulo
616 1912 835 2002 diligentiori
860 1913 1136 1985 consideratione
1170 1911 1310 2001 indiget
1337 1909 1530 2001 singulsris

361 2021 501 2114 quidem
525 2018 647 2088 modus
669 2020 833 2113 loquendi
855 2029 1013 2092 veterum
1036 2021 1176 2090 illorum
1199 2021 1346 2089 Petrum
1369 2019 1414 2088 de
1430 2040 1532 2109 gens·

361 2127 497 2197 rstious
518 2125 607 2195 Filii
629 2127 667 2195 in
690 2128 810 2199 ordine
834 2131 879 2199 sd
903 2152 989 2221 opus
1019 2129 1218 2199 creationis.
1242 2127 1423 2197 Videntur
1444 2127 1532 2197 enirn

362 2235 498 2320 dicere,
524 2234 677 2303 Verbum
699 2257 721 2303 s
743 2237 815 2306 Deo
837 2239 943 2308 Putre
966 2238 1216 2328 prolstumsut
1237 2241 1446 2325 generatum
1461 2256 1533 2306 sm

363 2341 408 2411 ud
431 2339 552 2410 mundi
575 2343 806 2429 creationem,
832 2346 936 2437 idque
959 2346 1035 2432 its,
1061 2351 1103 2414 ut
1118 2344 1203 2414 hseo
1219 2342 1330 2412 Verbi
1352 2342 1532 2433 generatio

364 2446 529 2517 videatur
551 2448 651 2516 Petri
674 2451 784 2521 fuisse
807 2451 930 2537 libers,
955 2474 1066 2545 neque
1083 2450 1191 2521 Verbi
1209 2450 1444 2520 oossteruitss
1458 2473 1532 2521 oum

365 2558 469 2625 Putre
492 2556 581 2625 setis
603 2556 839 2647 intelligetur.
863 2560 922 2629 Sio
938 2561 1095 2652 loquitur
1112 2557 1332 2648 Theophilus
1347 2556 1532 2627 Antioohs

365 2687 451 2734 nus:
480 2663 605 2734 anihil
627 2665 699 2734 Deo
723 2688 912 2753 coaevum,
939 2669 998 2738 sed
1029 2667 1204 2756 cumipse
1236 2664 1304 2734 sibi
1334 2665 1436 2734 loous
1461 2665 1530 2746 sit,

365 2803 427 2851 nse
450 2781 526 2850 ulls
547 2804 585 2850 re
608 2785 711 2872 egeat
732 2803 773 2850 eo
797 2784 947 2853 saeculis
971 2783 1151 2876 antiquior
1174 2783 1245 2867 sit,
1277 2780 1454 2850 hominem
1484 2781 1532 2848 fs·

365 2911 441 2958 oere
465 2889 602 2973 voluit,
628 2889 685 2958 eui
709 2888 983 2961 innotesceret...
1008 2893 1149 2960 Hubens
1171 2889 1287 2979 igitur
1315 2890 1413 2958 Deus
1436 2910 1533 2957 sunu

366 2995 478 3086 ipsius
500 2995 653 3064 Verbum
676 2995 890 3089 inpropriis
918 2997 1113 3068 visceribus
1144 2997 1291 3068 insitum
1328 2993 1399 3081 (τοι
1432 2996 1535 3060 murm

367 3101 453 3191 λογον
477 3098 644 3171 {edesium
672 3099 703 3172 ἐν
730 3130 788 3180 τοις
818 3103 901 3181 iduare
925 3103 1148 3193 σπλαγχνσις),
1179 3107 1304 3196 genuit
1332 3103 1426 3173 illud
1458 3126 1533 3173 oum

366 3233 430 3278 sus
445 3210 626 3302 Sapientis
649 3217 699 3303 (1)
723 3219 902 3307 proferens
924 3221 1006 3284 ente
1029 3214 1094 3282 hoo
1116 3214 1330 3283 uuiversum.
1353 3213 1431 3282 Hoo
1452 3212 1535 3282 Ver·

367 3322 444 3388 bum
458 3320 583 3390 hebuit
596 3322 840 3394 administrum
858 3346 998 3415 operum
1014 3344 1167 3408 suorum,
1185 3327 1223 3391 et
1238 3343 1299 3411 por
1314 3320 1408 3390 illud
1425 3319 1536 3389 omnis

365 3427 561 3497 condidit...
576 3429 736 3500 Nondum
760 3438 863 3501 erent
884 3430 1084 3522 prophetas,
1110 3453 1188 3499 oum
1212 3428 1363 3497 mundus
1377 3427 1536 3498 oondore·

365 3540 444 3621 tur,
471 3537 530 3606 sed
553 3544 631 3606 erut
654 3537 836 3628 Sapientis
864 3538 929 3607 Dei
959 3538 996 3605 in
1024 3538 1099 3627 ipso
1133 3542 1170 3605 st
1195 3540 1356 3604 sunctum
1383 3535 1536 3604 Verbum

364 3645 452 3729 sius,
471 3645 561 3736 quod
577 3669 709 3738 semper
724 3652 779 3715 est
794 3646 886 3737 apud
902 3647 1035 3737 ipsum»
1051 3643 1207 3734 Theoph.
1218 3640 1440 3732 sdAutulyu.
1452 3641 1533 3711 1.Π.

365 3776 400 3823 ιι.
416 3753 470 3822 10.
488 3754 720 3823 Luculentius
743 3754 848 3845 psulo
871 3761 949 3845 post
971 3752 1127 3844 sppellst
1145 3750 1325 3821 «Verbum
1340 3750 1423 3835 Dei,
1448 3747 1536 3842 quod

365 3857 441 3927 eius
456 3881 589 3950 quoque
611 3860 729 3928 Filius
744 3866 808 3944 est,
824 3882 891 3929 non
908 3865 950 3928 ut
964 3865 1085 3950 poetes
1108 3857 1202 3927 filios
1224 3857 1367 3926 deorum
1383 3856 1534 3946 fingunt,

366 3964 426 4033 sed
449 3971 491 4034 ut
514 3966 646 4036 veritus
668 3967 837 4052 declarat,
857 3968 1022 4052 Verbum,
1042 3967 1134 4060 quod
1150 3988 1284 4057 semper
1307 3964 1434 4034 existit
1454 3963 1537 4032 insi·

366 4078 441 4141 tum
464 4075 501 4142 iu
524 4076 625 4145 sorde
647 4077 713 4146 Dei
741 4074 800 4163 (ror
834 4074 916 4164 loyor
946 4098 994 4141 τιν
1027 4079 1095 4142 ὂντα
1118 4071 1278 4146 trasmae
1303 4068 1476 4140 s'sdaeubrm
1508 4061 1538 4135 ἐι

436 4236 479 4311 (1)
496 4239 576 4294 Siout
594 4243 729 4296 Irenssus
752 4244 781 4294 et
801 4241 936 4295 nonnulli
954 4242 1007 4295 ulii
1028 4241 1083 4294 1³1³.
1104 4237 1204 4314 (suprs
1223 4255 1251 4306 p.
1268 4237 1331 4290 106.
1358 4232 1423 4307 144)
1441 4236 1485 4290 its
1509 4239 1538 4289 st

366 4328 542 4397 Theophilus
560 4333 673 4385 nonius
684 4333 849 4400 Septentiss
867 4333 1012 4397 intelligit
1030 4330 1171 4399 Spiritum
1190 4329 1326 4384 Ssnotum
1353 4328 1471 4382 tsrtlsn
1490 4326 1538 4391 hy·

367 4421 495 4487 poenus
515 4422 551 4475 ot.
563 4422 599 4476 sd
611 4423 744 4490 Autolyo.
758 4425 779 4478 1.
791 4425 814 4477 1.
828 4440 858 4477 u.
871 4424 896 4488 7;
909 4424 930 4476 l.
946 4423 984 4476 11.
999 4438 1028 4475 n.
1043 4422 1086 4474 16.
1101 4421 1145 4474 ls.
