3172 4950
725 327 884 393 ..91-

686 527 831 592 THESIS
852 530 908 593 v1.

258 684 547 750 madantensis
571 687 770 752 Testamenti
791 693 829 754 de
849 693 1016 756 distinctis
1033 697 1183 774 personis
1205 697 1342 759 divinis.

282 892 459 949 «Revehtic
473 891 598 947 nnitstia
611 893 664 947 Dal
676 892 709 947 ln
722 893 815 948 veter-l
829 895 1011 951 Testamentc
1025 896 1069 951 its
1080 897 1178 966 hebet,
1192 901 1225 953 ut
1234 914 1291 955 ncu
1301 899 1385 956 modo

232 998 293 1039 scor
309 983 457 1051 excludat,
478 981 529 1037 scd
547 985 608 1037 tum
626 983 657 1039 in
677 982 767 1037 modis
784 984 921 1052 loquendi
942 985 976 1040 de
995 987 1052 1042 Dec
1071 1003 1127 1043 unc
1146 992 1207 1045 tum
1227 989 1258 1044 in
1279 989 1384 1046 descri-

232 1072 337 1129 ‚unum
354 1073 545 1143 theophaniis
563 1075 624 1126 tum
642 1072 674 1126 in
692 1073 932 1142 promissionibus
951 1076 1043 1130 futuri
1061 1078 1183 1132 Messius
1209 1079 1380 1149 multipllcl·
1480 1068 1482 1073 ’

231 1162 401 1219 stetindtcat
413 1148 819 1233 acrespicist'distincticnem
829 1179 1023 1235 personarum,
1040 1181 1112 1236 quse
1122 1167 1184 1222 sint
1195 1184 1269 1225 unns
1279 1170 1382 1225 Deus.»

274 1390 392 1481 Longe
416 1391 577 1462 diverses
600 1396 685 1461 sunt
707 1389 941 1484 quaestiones,
960 1396 1080 1460 utrum
1095 1390 1256 1461 doctrine
1270 1390 1313 1461 de
1329 1390 1382 1463 di·

228 1497 395 1569 etinoticne
418 1498 620 1568 divinarum
643 1521 867 1591 personarum
891 1499 928 1568 in
953 1497 1149 1591 Scripturis
1171 1499 1303 1570 veteris
1319 1499 1383 1571 To·

227 1605 370 1675 sumenti
395 1605 629 1691 contineatur,
654 1612 691 1675 et
713 1611 835 1676 utrum
866 1605 1027 1677 doctrina
1058 1606 1175 1676 eadem
1205 1607 1243 1675 in
1267 1607 1382 1679 veteri

227 1712 429 1783 Testamento
451 1712 522 1781 iem
546 1713 757 1783 sufficienter
773 1713 883 1783 fuerit
898 1714 1077 1805 proposita
1093 1714 1167 1800 ito,.
1177 1721 1220 1784 ut
1234 1715 1278 1785 ad
1295 1739 1382 1786 com·

226 1842 342 1890 nucem
366 1819 469 1889 fidem
492 1818 614 1910 populi
636 1821 747 1890 Israel
769 1821 973 1911 pertineret.
987 1822 1062 1891 Hoc
1084 1820 1236 1891 alterum
1260 1822 1382 1917 utique

224 1928 403 2018 negandum
426 1934 503 2016 est;
529 1927 641 1997 nihilo
664 1934 780 1998 minen
803 1928 918 1998 minus
942 1936 1075 1999 certum
1098 1936 1164 2017 est,
1182 1928 1377 2002 doctrinam

225 2035 486 2107 dedistincticne
502 2059 727 2127 personarum
742 2037 897 2107 inlibris
914 2037 1045 2109 veteris
1062 2038 1277 2109 Testamenti
1293 2039 1380 2110 mul·

224 2144 379 2236 tipliciter
403 2145 502 2214 mcdc
526 2144 656 2216 clarius
671 2167 869 2236 expressam
885 2145 983 2215 modo
999 2145 1182 2216 obscurius
1199 2149 1381 2218 adumbra-

224 2258 282 2322 tam
302 2253 464 2347 reperiri.
482 2253 526 2323 Id
556 2253 750 2324 universim
779 2276 909 2344 negare
941 2253 1073 2325 nemini
1102 2255 1304 2325 Christiano
1328 2257 1383 2326 fas

225 2370 301 2433 esset
317 2413 326 2450 ,
349 2369 425 2432 tum
450 2364 541 2455 quod
556 2362 721 2433 Christus
736 2362 905 2434 Dominus
920 2362 995 2454 ipse
1010 2371 1047 2434 et
1060 2363 1222 2456 Apostoli
1238 2363 1276 2433 in
1290 2387 1381 2436 novo

224 2469 431 2543 Testamentc
454 2471 647 2542 doctrinam
670 2493 693 2539 a
714 2493 751 2540 sc
775 2470 1011 2562 praedicatam
1027 2471 1068 2541 de
1083 2472 1178 2541 Filio
1193 2470 1261 2541 Dei
1278 2478 1383 2564 atque

223 2579 292 2649 alec
313 2581 355 2651 da
377 2581 484 2651 Patre
507 2586 542 2650 et
563 2578 657 2648 Filio
679 2578 838 2670 personis
860 2577 1063 2664 distinctis,
1084 2600 1171 2672 quoe
1195 2578 1268 2648 sint
1290 2602 1382 2649 unns

222 2687 312 2775 Deus,
337 2711 489 2758 necnon
512 2687 706 2758 doctrinam
730 2686 772 2757 de
796 2685 934 2776 Spiritu
959 2686 1087 2756 Sancto
1111 2687 1317 2757 confirmant
1338 2710 1381 2757 cx

221 2793 308 2869 libris
318 2796 450 2868 veteris
467 2795 683 2866 Testamenti
699 2793 842 2882 (Matth.
856 2793 1037 2882 XXII.44;
1048 2792 1156 2864 Marc.
1167 2794 1199 2864 Ι.
1213 2793 1285 2865 23.
1299 2794 1378 2865 coll.

220 2900 291 2973 lid.
305 2905 374 2976 ΠΙ.
394 2906 428 2975 1.
452 2927 548 2998 sqq.;
579 2905 668 2975 Heb.
690 2903 720 2972 Ι.
737 2900 847 2990 5-13;
869 2901 933 2971 IV.
949 2901 1004 2972 18.
1027 2927 1121 2996 sqq.;
1151 2902 1233 2974 Aet.
1258 2902 1378 2973 11.17.

220 3033 283 3105 sqq.
300 3017 397 3101 ete),
416 3019 492 3083 tum
508 3013 600 3106 quod
615 3009 726 3081 multe
741 3010 818 3080 loca
834 3009 965 3081 veteris
989 3010 1205 3082 Testamenti
1222 3018 1305 3081 sunt
1319 3034 1381 3103 por

222 3141 251 3190 se
264 3123 315 3192 its
328 3143 505 3213 expressa,
520 3127 562 3191 ut
573 3119 698 3190 saltem
708 3124 789 3209 post
804 3116 1025 3187 manifestam
1036 3118 1282 3189 revelationem
1297 3119 1382 3190 novi

217 3228 422 3302 Testamenti
449 3230 525 3300 sine
551 3227 746 3298 detorsione
777 3225 847 3295 alic
879 3247 983 3295 sensu
1012 3225 1170 3318 intelligi
1191 3234 1378 3320 nequeant,

213 3343 278 3412 tum
294 3338 386 3432 qnod
402 3337 596 3408 catholicus
611 3334 824 3405 intellectus·
836 3339 873 3402 et
894 3331 1119 3422 plenissimus
1139 3334 1285 3404 Petrum
1301 3358 1379 3407 con·

213 3469 326 3517 ansus
345 3447 437 3516 hano
457 3444 651 3515 doctrinam
673 3441 711 3512 in
733 3440 837 3511 libris
860 3439 991 3510 veteris
1008 3440 1224 3512 Testamenti
1247 3464 1380 3535 semper

211 3555 352 3646 ognovit
375 3552 632 3642 (cf.Petavium
656 3551 699 3621 de
714 3549 815 3619 Trin.
834 3548 859 3619 1.
879 3547 931 3617 H.
952 3571 981 3618 o.
997 3550 1046 3636 7).

216 3701 219 3706 ·
267 3665 299 3734 1.
323 3662 461 3747 Modus,
487 3684 555 3754 quc
577 3660 673 3730 Daue
698 3657 737 3727 in
760 3653 873 3727 veteri
902 3654 1123 3726 Testamento
1145 3655 1304 3750 loquitur
1333 3655 1376 3729 do

209 3770 465 3863 operationibus
482 3767 526 3837 ad
543 3775 655 3853 extre,
674 3762 840 3857 exprimit
855 3760 1195 3835 connumerationem
1211 3764 1378 3858 plurium,

209 3881 361 3972 quisunt
375 3900 467 3947 nnus
481 3878 588 3947 Deus.
607 3874 699 3944 uAit
713 3874 822 3961 (Deus
837 3858 1001 3978 &dict
1018 3871 1198 3960 faciamus
1208 3872 1380 3943 hominem

209 3984 249 4053 cd
271 3988 461 4076 imopinem
484 3999 516 4052 et
540 3980 806 4050 similitudinem
828 3997 1021 4051 noemam...
1047 3980 1097 4050 Et
1127 3982 1264 4052 creavit
1284 3982 1380 4052 Deus

209 4091 379 4164 bominem
403 4093 448 4161 ad
471 4091 658 4182 imaginem
681 4111 809 4159 suamc
837 4090 925 4160 Gen.
944 4090 975 4159 l.
994 4090 1050 4158 26.
1068 4089 1124 4158 27.
1142 4090 1297 4160 Verbum
1316 4091 1379 4178 fo·

205 4205 327 4271 samm
350 4208 388 4273 et
409 4223 596 4292 pronomen
620 4213 773 4267 nostram
795 4199 981 4268 manifesto
1005 4197 1193 4268 includunt
1216 4198 1377 4289 designe-

206 4311 329 4382 ticnem
351 4310 510 4404 plurium
532 4310 570 4380 in
592 4307 660 4379 tali
683 4309 783 4380 velut
806 4308 1032 4383 consiliorum
1051 4307 1374 4392 communicatione,

206 4441 263 4491 rec
284 4425 433 4513 possunt
448 4419 534 4490 heec
550 4416 708 4490 revocari
724 4416 837 4488 solnm
851 4417 898 4486 ad
913 4415 1207 4488 constructionem
1223 4413 1275 4486 sic
1291 4412 1380 4485 dicti
