<?xml version="1.0" encoding="UTF-8"?>
<!DOCTYPE html PUBLIC "-//W3C//DTD XHTML 1.0 Transitional//EN"
    "http://www.w3.org/TR/xhtml1/DTD/xhtml1-transitional.dtd">
<html xmlns="http://www.w3.org/1999/xhtml" xml:lang="en" lang="en">
 <head>
  <title>
</title>
<meta http-equiv="Content-Type" content="text/html;charset=utf-8" />
  <meta name='ocr-system' content='tesseract 3.04.00' />
  <meta name='ocr-capabilities' content='ocr_page ocr_carea ocr_par ocr_line ocrx_word'/>
</head>
<body>
  <div class='ocr_page' id='page_1' title='image "./tractatusdedeot00frangoog/tractatusdedeot00frangoog_0614.png"; bbox 0 0 3172 4950; ppageno 0'>
   <div class='ocr_carea' id='block_1_1' title="bbox 699 317 878 381">
    <p class='ocr_par' dir='ltr' id='par_1_1' title="bbox 699 317 878 381">
     <span class='ocr_line' id='line_1_1' title="bbox 699 317 878 381; baseline 0 -18"><span class='ocrx_word' id='word_1_1' title='bbox 699 317 878 381; x_wconf 75' lang='lat'>..003-</span> 
     </span>
    </p>
   </div>
   <div class='ocr_carea' id='block_1_2' title="bbox 656 515 932 598">
    <p class='ocr_par' dir='ltr' id='par_1_2' title="bbox 656 515 932 598">
     <span class='ocr_line' id='line_1_2' title="bbox 656 515 932 598; baseline -0.014 -2"><span class='ocrx_word' id='word_1_2' title='bbox 656 515 835 598; x_wconf 80' lang='lat' dir='ltr'>SEOTIO</span> <span class='ocrx_word' id='word_1_3' title='bbox 861 516 932 594; x_wconf 89' lang='lat' dir='ltr'>IV.</span> 
     </span>
    </p>
   </div>
   <div class='ocr_carea' id='block_1_3' title="bbox 277 711 1305 892">
    <p class='ocr_par' dir='ltr' id='par_1_3' title="bbox 277 711 1305 892">
     <span class='ocr_line' id='line_1_3' title="bbox 388 711 1195 775; baseline 0.005 -4"><span class='ocrx_word' id='word_1_4' title='bbox 388 713 440 771; x_wconf 84' lang='lat' dir='ltr'>DE</span> <span class='ocrx_word' id='word_1_5' title='bbox 455 711 647 774; x_wconf 82' lang='lat' dir='ltr'>MISSIONE</span> <span class='ocrx_word' id='word_1_6' title='bbox 661 713 899 774; x_wconf 81' lang='lat' dir='ltr'>DIVINARUM</span> <span class='ocrx_word' id='word_1_7' title='bbox 913 711 1195 775; x_wconf 81' lang='lat' dir='ltr'>PERSONARUM</span> 
     </span>
     <span class='ocr_line' id='line_1_4' title="bbox 277 825 1305 892; baseline 0.001 -7"><span class='ocrx_word' id='word_1_8' title='bbox 277 826 330 886; x_wconf 83' lang='lat' dir='ltr'>ET</span> <span class='ocrx_word' id='word_1_9' title='bbox 352 825 624 888; x_wconf 81' lang='lat' dir='ltr'>SINGILLATIM</span> <span class='ocrx_word' id='word_1_10' title='bbox 644 828 696 888; x_wconf 81' lang='lat' dir='ltr'>DE</span> <span class='ocrx_word' id='word_1_11' title='bbox 717 827 910 889; x_wconf 82' lang='lat' dir='ltr'>MISSIONE</span> <span class='ocrx_word' id='word_1_12' title='bbox 931 827 1122 889; x_wconf 85' lang='lat' dir='ltr'>SPIRITUS</span> <span class='ocrx_word' id='word_1_13' title='bbox 1144 828 1305 892; x_wconf 73' lang='lat' dir='ltr'>SANCTI.</span> 
     </span>
    </p>
   </div>
   <div class='ocr_carea' id='block_1_4' title="bbox 203 1027 1383 2600">
    <p class='ocr_par' dir='ltr' id='par_1_4' title="bbox 203 1027 1383 2600">
     <span class='ocr_line' id='line_1_5' title="bbox 203 1027 1202 1120; baseline 0.006 -27"><span class='ocrx_word' id='word_1_14' title='bbox 203 1027 269 1096; x_wconf 79' lang='lat' dir='ltr'>Tu.</span> <span class='ocrx_word' id='word_1_15' title='bbox 294 1029 409 1097; x_wconf 88' lang='lat' dir='ltr'>XLII.</span> <span class='ocrx_word' id='word_1_16' title='bbox 472 1031 524 1099; x_wconf 90' lang='lat' dir='ltr'>De</span> <span class='ocrx_word' id='word_1_17' title='bbox 546 1029 687 1099; x_wconf 83' lang='lat' dir='ltr'>notione</span> <span class='ocrx_word' id='word_1_18' title='bbox 708 1029 885 1100; x_wconf 80' lang='lat' dir='ltr'>missionis</span> <span class='ocrx_word' id='word_1_19' title='bbox 915 1029 954 1098; x_wconf 89' lang='lat' dir='ltr'>in</span> <span class='ocrx_word' id='word_1_20' title='bbox 982 1050 1129 1120; x_wconf 84' lang='lat' dir='ltr'>persona</span> <span class='ocrx_word' id='word_1_21' title='bbox 1153 1030 1202 1099; x_wconf 88' lang='lat' dir='ltr'>di·</span> 
     </span>
     <span class='ocr_line' id='line_1_6' title="bbox 258 1136 1202 1223; baseline -0.005 -14"><span class='ocrx_word' id='word_1_22' title='bbox 258 1136 268 1153; x_wconf 55' lang='lat'>*</span> <span class='ocrx_word' id='word_1_23' title='bbox 537 1138 641 1223; x_wconf 87' lang='lat' dir='ltr'>vina,</span> <span class='ocrx_word' id='word_1_24' title='bbox 658 1144 695 1208; x_wconf 87' lang='lat' dir='ltr'>et</span> <span class='ocrx_word' id='word_1_25' title='bbox 711 1139 753 1206; x_wconf 86' lang='lat' dir='ltr'>de</span> <span class='ocrx_word' id='word_1_26' title='bbox 768 1136 994 1207; x_wconf 80' lang='lat' dir='ltr'>distinetione</span> <span class='ocrx_word' id='word_1_27' title='bbox 1015 1137 1109 1206; x_wconf 87' lang='lat' dir='ltr'>inter</span> <span class='ocrx_word' id='word_1_28' title='bbox 1124 1136 1202 1205; x_wconf 78' lang='lat' dir='ltr'>mis</span> 
     </span>
     <span class='ocr_line' id='line_1_7' title="bbox 540 1243 1380 1333; baseline -0.004 -19"><span class='ocrx_word' id='word_1_29' title='bbox 540 1246 670 1314; x_wconf 84' lang='lat' dir='ltr'>sionem</span> <span class='ocrx_word' id='word_1_30' title='bbox 693 1245 868 1315; x_wconf 87' lang='lat' dir='ltr'>visibilem</span> <span class='ocrx_word' id='word_1_31' title='bbox 891 1267 933 1314; x_wconf 84' lang='lat' dir='ltr'>ao</span> <span class='ocrx_word' id='word_1_32' title='bbox 955 1244 1170 1313; x_wconf 84' lang='lat' dir='ltr'>invisibilem</span> <span class='ocrx_word' id='word_1_33' title='bbox 1199 1266 1286 1333; x_wconf 77' lang='lat' dir='ltr'>pop.</span> <span class='ocrx_word' id='word_1_34' title='bbox 1313 1243 1380 1311; x_wconf 82' lang='grc'>552</span> 
     </span>
     <span class='ocr_line' id='line_1_8' title="bbox 203 1350 1203 1421; baseline 0.001 -3"><span class='ocrx_word' id='word_1_35' title='bbox 203 1350 269 1418; x_wconf 80' lang='lat' dir='ltr'>Tu.</span> <span class='ocrx_word' id='word_1_36' title='bbox 294 1350 428 1420; x_wconf 93' lang='lat' dir='ltr'>XLIII.</span> <span class='ocrx_word' id='word_1_37' title='bbox 472 1351 524 1421; x_wconf 86' lang='lat' dir='ltr'>Da</span> <span class='ocrx_word' id='word_1_38' title='bbox 536 1352 698 1421; x_wconf 88' lang='lat' dir='ltr'>missione</span> <span class='ocrx_word' id='word_1_39' title='bbox 709 1350 885 1420; x_wconf 85' lang='lat' dir='ltr'>invisibili</span> <span class='ocrx_word' id='word_1_40' title='bbox 897 1356 935 1420; x_wconf 84' lang='lat' dir='ltr'>at</span> <span class='ocrx_word' id='word_1_41' title='bbox 946 1351 1203 1420; x_wconf 81' lang='lat' dir='ltr'>inhabitatione</span> 
     </span>
     <span class='ocr_line' id='line_1_9' title="bbox 538 1459 1201 1550; baseline -0.005 -21"><span class='ocrx_word' id='word_1_42' title='bbox 538 1460 695 1550; x_wconf 76' lang='lat' dir='ltr'>Spiritus</span> <span class='ocrx_word' id='word_1_43' title='bbox 712 1459 833 1530; x_wconf 78' lang='lat' dir='ltr'>Sancti</span> <span class='ocrx_word' id='word_1_44' title='bbox 854 1461 892 1528; x_wconf 92' lang='lat' dir='ltr'>in</span> <span class='ocrx_word' id='word_1_45' title='bbox 913 1460 1143 1530; x_wconf 85' lang='lat' dir='ltr'>sanotifioatis</span> <span class='ocrx_word' id='word_1_46' title='bbox 1159 1482 1201 1529; x_wconf 84' lang='lat' dir='ltr'>ox</span> 
     </span>
     <span class='ocr_line' id='line_1_10' title="bbox 539 1565 1380 1659; baseline -0.005 -23"><span class='ocrx_word' id='word_1_47' title='bbox 539 1567 699 1637; x_wconf 83' lang='lat' dir='ltr'>doctrina</span> <span class='ocrx_word' id='word_1_48' title='bbox 722 1566 926 1659; x_wconf 76' lang='lat' dir='ltr'>Scripturas</span> <span class='ocrx_word' id='word_1_49' title='bbox 950 1573 986 1636; x_wconf 91' lang='lat' dir='ltr'>et</span> <span class='ocrx_word' id='word_1_50' title='bbox 1007 1568 1153 1636; x_wconf 88' lang='lat' dir='ltr'>Patrum</span> <span class='ocrx_word' id='word_1_51' title='bbox 1190 1617 1198 1634; x_wconf 89' lang='lat'>.</span> <span class='ocrx_word' id='word_1_52' title='bbox 1248 1593 1264 1626; x_wconf 81' lang='lat' dir='ltr'>n</span> <span class='ocrx_word' id='word_1_53' title='bbox 1314 1565 1380 1633; x_wconf 96' lang='grc'>557</span> 
     </span>
     <span class='ocr_line' id='line_1_11' title="bbox 204 1673 1201 1766; baseline -0.001 -24"><span class='ocrx_word' id='word_1_54' title='bbox 204 1673 269 1742; x_wconf 73' lang='grc' dir='ltr'>ΤΗ.</span> <span class='ocrx_word' id='word_1_55' title='bbox 295 1673 424 1743; x_wconf 93' lang='lat' dir='ltr'>XLIV.</span> <span class='ocrx_word' id='word_1_56' title='bbox 472 1673 675 1764; x_wconf 85' lang='lat' dir='ltr'>Explioatio</span> <span class='ocrx_word' id='word_1_57' title='bbox 697 1674 819 1766; x_wconf 88' lang='lat' dir='ltr'>aliqua</span> <span class='ocrx_word' id='word_1_58' title='bbox 841 1674 948 1742; x_wconf 90' lang='lat' dir='ltr'>huius</span> <span class='ocrx_word' id='word_1_59' title='bbox 975 1673 1201 1742; x_wconf 85' lang='lat' dir='ltr'>inhabitatio·</span> 
     </span>
     <span class='ocr_line' id='line_1_12' title="bbox 536 1779 1382 1873; baseline -0.004 -23"><span class='ocrx_word' id='word_1_60' title='bbox 536 1783 593 1850; x_wconf 91' lang='lat' dir='ltr'>uis</span> <span class='ocrx_word' id='word_1_61' title='bbox 617 1782 758 1852; x_wconf 85' lang='lat' dir='ltr'>divinae</span> <span class='ocrx_word' id='word_1_62' title='bbox 781 1804 823 1850; x_wconf 83' lang='lat' dir='ltr'>ex</span> <span class='ocrx_word' id='word_1_63' title='bbox 846 1787 946 1873; x_wconf 84' lang='lat' dir='ltr'>parte</span> <span class='ocrx_word' id='word_1_64' title='bbox 968 1780 1137 1850; x_wconf 87' lang='lat' dir='ltr'>tormini.</span> <span class='ocrx_word' id='word_1_65' title='bbox 1190 1830 1197 1846; x_wconf 92' lang='lat'>.</span> <span class='ocrx_word' id='word_1_66' title='bbox 1249 1807 1265 1843; x_wconf 76' lang='lat' dir='ltr'><em>n</em></span> <span class='ocrx_word' id='word_1_67' title='bbox 1314 1779 1382 1847; x_wconf 88' lang='grc'>570</span> 
     </span>
     <span class='ocr_line' id='line_1_13' title="bbox 204 1887 1252 1977; baseline 0 -23"><span class='ocrx_word' id='word_1_68' title='bbox 204 1888 269 1955; x_wconf 70' lang='lat' dir='ltr'>In.</span> <span class='ocrx_word' id='word_1_69' title='bbox 295 1887 404 1956; x_wconf 88' lang='lat' dir='ltr'>XLV.</span> <span class='ocrx_word' id='word_1_70' title='bbox 471 1887 523 1957; x_wconf 91' lang='lat' dir='ltr'>De</span> <span class='ocrx_word' id='word_1_71' title='bbox 536 1887 793 1957; x_wconf 71' lang='lat' dir='ltr'>inhabitatione</span> <span class='ocrx_word' id='word_1_72' title='bbox 810 1887 981 1958; x_wconf 79' lang='lat' dir='ltr'>communi</span> <span class='ocrx_word' id='word_1_73' title='bbox 996 1887 1199 1977; x_wconf 87' lang='lat' dir='ltr'>tribnspsr·</span> <span class='ocrx_word' id='word_1_74' title='bbox 1248 1922 1252 1928; x_wconf 43' lang='grc'><strong>’</strong></span> 
     </span>
     <span class='ocr_line' id='line_1_14' title="bbox 541 1991 1383 2087; baseline -0.004 -24"><span class='ocrx_word' id='word_1_75' title='bbox 541 1995 654 2081; x_wconf 89' lang='lat' dir='ltr'>sonia,</span> <span class='ocrx_word' id='word_1_76' title='bbox 681 1996 764 2087; x_wconf 87' lang='lat' dir='ltr'>quia</span> <span class='ocrx_word' id='word_1_77' title='bbox 787 2018 895 2065; x_wconf 90' lang='lat' dir='ltr'>unum</span> <span class='ocrx_word' id='word_1_78' title='bbox 918 2000 1003 2064; x_wconf 90' lang='lat' dir='ltr'>sunt</span> <span class='ocrx_word' id='word_1_79' title='bbox 1024 1999 1156 2064; x_wconf 87' lang='lat' dir='ltr'>natura</span> <span class='ocrx_word' id='word_1_80' title='bbox 1192 2042 1201 2060; x_wconf 97' lang='lat'>.</span> <span class='ocrx_word' id='word_1_81' title='bbox 1251 2020 1267 2055; x_wconf 81' lang='lat' dir='ltr'><em>n</em></span> <span class='ocrx_word' id='word_1_82' title='bbox 1315 1991 1383 2060; x_wconf 84' lang='grc'>574</span> 
     </span>
     <span class='ocr_line' id='line_1_15' title="bbox 204 2098 1203 2193; baseline 0.001 -25"><span class='ocrx_word' id='word_1_83' title='bbox 204 2101 268 2168; x_wconf 73' lang='lat' dir='ltr'>Tu.</span> <span class='ocrx_word' id='word_1_84' title='bbox 295 2100 424 2171; x_wconf 86' lang='lat' dir='ltr'>XLVI.</span> <span class='ocrx_word' id='word_1_85' title='bbox 471 2101 523 2170; x_wconf 91' lang='lat' dir='ltr'>De</span> <span class='ocrx_word' id='word_1_86' title='bbox 539 2102 677 2193; x_wconf 88' lang='lat' dir='ltr'>proprio</span> <span class='ocrx_word' id='word_1_87' title='bbox 693 2103 895 2172; x_wconf 85' lang='lat' dir='ltr'>oharaotere</span> <span class='ocrx_word' id='word_1_88' title='bbox 911 2101 1068 2193; x_wconf 83' lang='lat' dir='ltr'>Spiritus</span> <span class='ocrx_word' id='word_1_89' title='bbox 1080 2098 1203 2171; x_wconf 85' lang='lat' dir='ltr'>Sanoti</span> 
     </span>
     <span class='ocr_line' id='line_1_16' title="bbox 538 2202 1381 2278; baseline -0.004 -2"><span class='ocrx_word' id='word_1_90' title='bbox 538 2209 575 2276; x_wconf 91' lang='lat' dir='ltr'>in</span> <span class='ocrx_word' id='word_1_91' title='bbox 598 2209 734 2278; x_wconf 85' lang='lat' dir='ltr'>ratione</span> <span class='ocrx_word' id='word_1_92' title='bbox 756 2208 838 2278; x_wconf 89' lang='lat' dir='ltr'>doni</span> <span class='ocrx_word' id='word_1_93' title='bbox 894 2257 1200 2277; x_wconf 89' lang='grc'><strong>......</strong></span> <span class='ocrx_word' id='word_1_94' title='bbox 1252 2233 1267 2266; x_wconf 75' lang='lat' dir='ltr'>n</span> <span class='ocrx_word' id='word_1_95' title='bbox 1315 2202 1381 2273; x_wconf 86' lang='grc'>579</span> 
     </span>
     <span class='ocr_line' id='line_1_17' title="bbox 205 2313 1203 2406; baseline 0 -23"><span class='ocrx_word' id='word_1_96' title='bbox 205 2315 269 2384; x_wconf 80' lang='lat' dir='ltr'>Tn.</span> <span class='ocrx_word' id='word_1_97' title='bbox 295 2313 444 2385; x_wconf 86' lang='lat' dir='ltr'>XLVII.</span> <span class='ocrx_word' id='word_1_98' title='bbox 472 2315 675 2406; x_wconf 77' lang='lat' dir='ltr'>Explicatio</span> <span class='ocrx_word' id='word_1_99' title='bbox 690 2315 811 2406; x_wconf 84' lang='lat' dir='ltr'>aliqua</span> <span class='ocrx_word' id='word_1_100' title='bbox 826 2316 933 2384; x_wconf 88' lang='lat' dir='ltr'>huius</span> <span class='ocrx_word' id='word_1_101' title='bbox 948 2315 1048 2385; x_wconf 87' lang='lat' dir='ltr'>volut</span> <span class='ocrx_word' id='word_1_102' title='bbox 1063 2314 1203 2383; x_wconf 84' lang='lat' dir='ltr'>habitu·</span> 
     </span>
     <span class='ocr_line' id='line_1_18' title="bbox 535 2419 1202 2514; baseline -0.007 -22"><span class='ocrx_word' id='word_1_103' title='bbox 535 2422 629 2492; x_wconf 88' lang='lat' dir='ltr'>dinis</span> <span class='ocrx_word' id='word_1_104' title='bbox 644 2422 834 2514; x_wconf 80' lang='lat' dir='ltr'>peculiaris</span> <span class='ocrx_word' id='word_1_105' title='bbox 856 2423 894 2491; x_wconf 89' lang='lat' dir='ltr'>in</span> <span class='ocrx_word' id='word_1_106' title='bbox 918 2421 1057 2513; x_wconf 87' lang='lat' dir='ltr'>Spiritu</span> <span class='ocrx_word' id='word_1_107' title='bbox 1072 2419 1202 2490; x_wconf 86' lang='lat' dir='ltr'>Sanoto</span> 
     </span>
     <span class='ocr_line' id='line_1_19' title="bbox 535 2521 1381 2600; baseline -0.012 -1"><span class='ocrx_word' id='word_1_108' title='bbox 535 2531 580 2599; x_wconf 88' lang='lat' dir='ltr'>ad</span> <span class='ocrx_word' id='word_1_109' title='bbox 596 2530 886 2600; x_wconf 84' lang='lat' dir='ltr'>inhabitationem</span> <span class='ocrx_word' id='word_1_110' title='bbox 910 2527 1200 2598; x_wconf 82' lang='lat' dir='ltr'>sanotifioantem.</span> <span class='ocrx_word' id='word_1_111' title='bbox 1251 2549 1267 2584; x_wconf 81' lang='lat' dir='ltr'>n</span> <span class='ocrx_word' id='word_1_112' title='bbox 1315 2521 1381 2590; x_wconf 81' lang='grc'>583</span> 
     </span>
    </p>
   </div>
   <div class='ocr_carea' id='block_1_5' title="bbox 205 2632 1379 2814">
    <p class='ocr_par' dir='ltr' id='par_1_5' title="bbox 205 2632 1379 2814">
     <span class='ocr_line' id='line_1_20' title="bbox 205 2632 1201 2729; baseline -0.004 -24"><span class='ocrx_word' id='word_1_113' title='bbox 205 2638 269 2705; x_wconf 75' lang='lat' dir='ltr'>Tu.</span> <span class='ocrx_word' id='word_1_114' title='bbox 288 2635 455 2708; x_wconf 83' lang='lat' dir='ltr'>XLVIII.</span> <span class='ocrx_word' id='word_1_115' title='bbox 472 2637 524 2706; x_wconf 85' lang='lat' dir='ltr'>Da</span> <span class='ocrx_word' id='word_1_116' title='bbox 547 2637 802 2707; x_wconf 86' lang='lat' dir='ltr'>inhabitatione</span> <span class='ocrx_word' id='word_1_117' title='bbox 832 2636 988 2729; x_wconf 85' lang='lat' dir='ltr'>Spiritus</span> <span class='ocrx_word' id='word_1_118' title='bbox 1011 2633 1133 2705; x_wconf 87' lang='lat' dir='ltr'>Sanoti</span> <span class='ocrx_word' id='word_1_119' title='bbox 1164 2632 1201 2701; x_wconf 88' lang='lat' dir='ltr'>in</span> 
     </span>
     <span class='ocr_line' id='line_1_21' title="bbox 537 2736 1379 2814; baseline -0.012 -2"><span class='ocrx_word' id='word_1_120' title='bbox 537 2744 643 2814; x_wconf 89' lang='lat' dir='ltr'>iustis</span> <span class='ocrx_word' id='word_1_121' title='bbox 666 2744 797 2814; x_wconf 87' lang='lat' dir='ltr'>veteris</span> <span class='ocrx_word' id='word_1_122' title='bbox 820 2743 1038 2814; x_wconf 72' lang='lat' dir='ltr'>Testamenti</span> <span class='ocrx_word' id='word_1_123' title='bbox 1070 2792 1078 2809; x_wconf 93' lang='lat'>.</span> <span class='ocrx_word' id='word_1_124' title='bbox 1129 2791 1137 2808; x_wconf 95' lang='lat'>.</span> <span class='ocrx_word' id='word_1_125' title='bbox 1188 2790 1196 2807; x_wconf 85' lang='lat'>.</span> <span class='ocrx_word' id='word_1_126' title='bbox 1247 2765 1264 2800; x_wconf 80' lang='lat' dir='ltr'>n</span> <span class='ocrx_word' id='word_1_127' title='bbox 1312 2736 1379 2803; x_wconf 89' lang='grc'>588</span> 
     </span>
    </p>
   </div>
   <div class='ocr_carea' id='block_1_6' title="bbox 0 0 1595 4950">
    <p class='ocr_par' dir='ltr' id='par_1_6' title="bbox 0 0 1595 4950">
     <span class='ocr_line' id='line_1_22' title="bbox 0 0 1595 4950; baseline 0 0"><span class='ocrx_word' id='word_1_128' title='bbox 0 0 1595 4950; x_wconf 95' lang='lat' dir='ltr'> </span> 
     </span>
    </p>
   </div>
  </div>
 </body>
</html>
