3180 4944
854 327 892 342 ..
912 294 972 356 274
995 327 1032 341 ..

361 403 514 475 existens
537 401 748 494 principium
771 402 990 488 existentiae,
1008 400 1198 472 existentia
1212 399 1294 471 inde
1310 421 1536 494 promanans,

361 512 532 584 terminus
555 511 722 601 principii
744 509 892 579 actionis
915 508 1125 580 intrinsecae
1156 507 1288 579 lumine
1310 508 1464 579 rationis
1484 510 1538 578 in·

259 633 262 637 '
360 610 575 710 telliguntur
598 626 670 687 tres
687 618 828 687 divinae
842 617 1064 710 hypostases.
1084 615 1186 701 Quod
1200 622 1280 686 erat
1293 615 1535 686 demonstran·

362 729 455 797 dum.
470 728 528 796 Ita
551 727 575 797 l.
595 727 663 795 III.
679 726 938 817 Metapbysices
962 725 1187 795 sublimioris.

430 834 469 929 Si
491 833 749 924 argumentatio
772 832 858 902 haec
882 834 991 922 lopiac
1014 839 1201 923 spectetur,
1226 837 1366 923 praeter
1389 833 1535 903 formam

361 943 590 1014 extrinsecam
607 941 698 1009 nibil
711 941 852 1010 videtur
865 940 991 1009 habere
1004 941 1116 1010 simile
1129 940 1432 1011 demonstrationi.
1448 941 1535 1012 Nolo

362 1074 546 1145 quaerere,
573 1050 739 1143 quomodo
762 1049 830 1117 sibi
854 1049 1062 1119 cohaereant
1085 1048 1188 1136 haec,
1214 1048 1306 1142 quod
1330 1051 1445 1119 omnis
1467 1050 1533 1120 exi-

362 1161 492 1230 stentia
509 1159 666 1250 postulat
681 1158 892 1250 principium
908 1157 1126 1244 distinctum,
1145 1164 1182 1227 et
1197 1157 1288 1249 quod
1304 1157 1534 1227 nibilominus

362 1267 574 1359 principium
597 1266 806 1335 existentiae
830 1273 884 1335 est
907 1265 1061 1334 existens
1084 1265 1159 1335 sine
1181 1264 1252 1334 alio
1283 1264 1340 1335 sui
1362 1264 1533 1359 principio

362 1374 551 1461 distincto;
578 1381 613 1443 et
636 1376 801 1466 quomodo
824 1373 895 1442 tale
920 1373 1184 1441 fundamentum
1208 1372 1283 1441 sine
1306 1373 1534 1444 fundamento

242 1552 245 1557 ,
361 1483 397 1551 h.
416 1505 446 1551 e.
462 1483 634 1552 deducens
656 1483 701 1550 ad
723 1504 920 1573 processum
937 1481 974 1549 in
991 1479 1167 1550 infinitum
1182 1503 1251 1550 non
1267 1481 1316 1550 sit
1330 1482 1531 1567 absurdum,

362 1592 498 1684 quando
522 1591 643 1680 agitur
667 1590 708 1658 de
730 1595 809 1660 ente
833 1614 874 1659 ex
897 1588 1089 1660 intrinseca
1112 1589 1168 1658 sni
1191 1589 1328 1660 ratione
1350 1613 1394 1661 ac
1423 1614 1532 1661 essen·

363 1702 416 1769 tia
438 1699 645 1769 necessario.
665 1680 802 1768 Sufficit
818 1698 921 1767 obvia
943 1697 995 1768 rei
1019 1698 1265 1784 consideratio,
1290 1706 1333 1771 ut
1354 1699 1531 1792 intelliga-

360 1815 421 1877 tur
447 1806 657 1898 principium
681 1807 887 1876 existentiae
917 1813 953 1876 et
982 1807 1205 1876 existentiam
1233 1807 1299 1877 Dei
1323 1831 1368 1877 ne
1399 1812 1533 1878 rarione

363 1916 500 2011 quidem
524 1914 750 2002 (ratiocinata
773 1913 808 1984 h.
824 1938 854 1983 e.
870 1937 947 1983 cnm
971 1915 1197 1984 fundamento
1219 1914 1258 1983 in
1280 1919 1340 2003 re)
1357 1917 1533 2010 multoque

363 2025 479 2094 minna
502 2025 645 2091 realiter
668 2023 855 2116 distingui,
875 2022 934 2092 sed
950 2048 1094 2116 prorsus
1110 2024 1201 2093 nihil
1216 2047 1292 2096 esse
1308 2025 1410 2096 aliud
1435 2050 1535 2121 quam

363 2134 520 2204 divinam
543 2133 728 2202 essentiam
753 2133 943 2203 intrinsece
965 2133 1319 2204 necessariam.Unde
1343 2136 1376 2205 si
1400 2129 1544 2205 demon·

363 2243 491 2312 stratio
514 2249 690 2332 spectetur
716 2243 913 2333 theolopice,
931 2244 1086 2332 profecto
1100 2242 1310 2335 principium
1326 2243 1582 2315 existentiae.

363 2349 452 2436 Dei,
479 2371 567 2442 quae
590 2372 657 2417 non
681 2355 894 2438 potestesse
917 2349 987 2417 nisi
1005 2348 1208 2430 ,existentia
1239 2351 1402 2420 absoluta
1431 2358 1530 2445 atqu

362 2458 515 2530 essentia
531 2508 539 2542 ,
564 2480 632 2525 non
656 2463 712 2527 est
735 2458 857 2540 Parem
873 2481 935 2527 nec
950 2457 1139 2528 existentia
1155 2459 1220 2527 illa
1235 2467 1291 2531 est
1306 2458 1445 2553 aliquid
1461 2483 1520 2552 pro

364 2588 509 2635 manans
532 2565 590 2634 vel
612 2564 792 2634 resultans
814 2582 857 2635 ex
880 2565 950 2633 alio
974 2564 1049 2633 sive
1072 2588 1110 2636 re
1135 2564 1211 2635 sive
1241 2566 1348 2635 etiam
1380 2567 1458 2635 sola
1483 2590 1533 2637 ra

365 2914 454 2975 mus,
480 2891 740 2982 productionem
764 2890 808 2958 ad
832 2892 930 2959 intra
952 2913 1021 2958 non
1045 2914 1142 2982 posse
1165 2891 1297 2962 lumine
1320 2893 1472 2963 rationis
1486 2917 1513 2960 ιι

363 2997 493 3087 telligi.
508 2997 617 3066 Plura
633 2998 705 3065 alia
721 2998 873 3067 absurda
890 2998 927 3064 iu
946 3003 1021 3066 toto
1033 2998 1098 3068 hoo
1113 2999 1212 3068 modo
1228 2999 1584 3071 demonstration’

365 3105 489 3197 cuique
505 3105 741 3174 consideranti
757 3104 862 3174 facile
880 3106 1062 3195 patebunt.

433 3212 612 3281 Secundae
635 3213 946 3299 demonstrationi,
972 3219 1015 3282 ut
1037 3235 1111 3282 eam
1142 3221 1264 3284 auctor
1279 3216 1588 3306 appellarer&

366 3328 519 3404 veretur,
538 3320 752 3411 impenditur
764 3322 852 3390 liber
864 3321 928 3390 IV.
943 3321 1031 3389 Eam
1047 3344 1083 3390 se
1099 3322 1267 3392 deducere
1279 3323 1332 3392 ait
1351 3347 1422 3395 aex
1432 3344 1582 3419 qnam

364 3430 470 3498 titate
493 3429 549 3498 vis
572 3428 765 3515 creatricis,
786 3452 889 3521 quam
913 3430 950 3497 in
974 3453 1010 3498 se
1032 3431 1126 3499 Deus
1143 3431 1349 3519 continet»,
1369 3456 1406 3502 re
1425 3441 1520 3504 aute
1573 3462 1590 3486 a

365 3537 443 3629 ipsa
466 3538 753 3622 fundamentum,
780 3538 837 3606 cui
867 3545 943 3606 tota
971 3537 1232 3628 argumentatio
1262 3539 1462 3627 innititur,
1486 3565 1529 3612 eu
1569 3568 1590 3593 2*

366 3644 619 3737 aequivocatio,
646 3666 715 3736 qna
737 3645 915 3714 inlinitum
938 3647 1164 3736 perfeetionis
1194 3646 1375 3718 absolutae
1399 3673 1461 3720 seu
1481 3644 1580 3719 ast

366 3753 475 3822 soluti
497 3754 586 3822 Esse
607 3752 787 3843 plenitudo
812 3755 872 3839 (cf.
894 3754 1013 3823 Tract.
1033 3755 1083 3823 de
1097 3755 1184 3842 Deo)
1199 3755 1396 3827 invertitur
1419 3757 1504 3828 ad'
1487 3782 1522 3826 r.
1545 3772 1580 3817 :11

365 3862 446 3930 linit
431 3869 505 3930 tum
529 3860 739 3953 quantitatis
755 3862 1031 3931 mathematicae.
1047 3862 1157 3932 Mirae
1172 3864 1408 3934 absurditatis
1425 3865 1578 3958 dispo

366 3970 456 4038 tatio
488 3968 532 4037 ad
564 3967 655 4038 hanc
690 3992 857 4037 summam
888 3978 1085 4039 revocatur.
1111 3971 1223 4040 Est
1213 3995 1251 4041 ιιι
1277 3973 1350 4042 Deo
1382 3964 1589 4064 potentis

368 4073 508 4144 creandi
531 4073 788 4159 substantiam,
814 4074 899 4143 haec
924 4075 980 4143 vis
1003 4076 1157 4145 creatrix
1181 4082 1236 4145 est
1260 4078 1417 4166 infinita.
1444 4076 1586 4148 Ul*r

367 4180 444 4249 rius
467 4180 553 4249 est
543 4204 579 4248 ιιι
603 4181 757 4250 Dect
697 4206 739 4272 po
742 4183 854 4252 tentia
876 4182 921 4250 ad
938 4185 1119 4252 creandam
1137 4184 1260 4253 seriem
1277 4184 1453 4254 infinitam
1469 4196 1583 4277 apt

367 4289 521 4376 cierum;
547 4314 630 4381 ergo
654 4291 710 4359 vis
734 4292 887 4360 creatrix
910 4316 978 4361 non
1003 4293 1113 4362 solnm
1137 4299 1192 4362 eat
1224 4293 1436 4384 simpliciter
1465 4281 1578 4364 infi-

367 4399 444 4467 nita
467 4399 527 4468 sed
549 4398 720 4470 infinities
743 4399 904 4485 infinita,
931 4423 992 4472 seu
1010 4408 1064 4472 est
1089 4401 1302 4472 «inlinitum
1320 4402 1465 4473 secundi
1500 4411 1572 4461 ὑῒ·
