3172 4950
682 337 720 352 -
742 307 800 368 231
823 338 860 352 -
1217 366 1222 375 .

188 411 329 480 cutione
354 411 590 501 intelligendo
604 411 767 503 producit
782 413 936 480 Verbum
961 410 1272 482 consubstantiale.
1293 412 1354 483 Sic

188 518 423 589 msideratus
446 519 649 590 intellectus
668 526 725 589 est
746 519 919 589 relativus
943 519 987 588 ed
1010 518 1163 588 Verbum
1187 543 1289 589 suum
1312 527 1353 589 ut

188 647 264 697 m
288 627 512 718 producens,
536 635 575 698 ot
595 627 748 698 Verbum
771 635 826 697 est
840 627 1030 696 relativum
1046 628 1090 697 ad
1106 628 1352 718 producentem

188 735 439 826 tprooedens·
457 734 504 803 ab
525 733 611 822 illo;
637 733 698 804 ille
721 735 846 819 Pater,
872 733 930 803 hic
959 734 1087 804 Filius.
1118 735 1218 804 Unde
1248 736 1353 805 Pater

188 842 413 912 instituitur
427 841 565 933 quidem
578 841 785 927 formaliter,
804 848 977 933 quatenus
991 850 1046 912 est
1058 843 1260 912 intellectus
1275 866 1351 934 pro-

188 962 303 1019 ucens
327 948 487 1019 Verbum
509 948 616 1041 (quod
638 951 814 1018 abstracte
836 948 980 1018 dicitur:
994 950 1101 1018 Pater
1124 950 1353 1020 constituitur

188 1055 348 1127 elatione
372 1056 598 1148 paternitatis
614 1055 852 1126 identificatae
867 1079 945 1125 eum
960 1057 1138 1143 essentie),
1158 1058 1218 1127 sed
1235 1058 1352 1127 eadem

188 1167 373 1234 nti-insece
395 1165 605 1235 necessitate
628 1187 698 1259 qua
719 1165 951 1254 intelligendo
979 1165 1144 1256 producit
1172 1166 1350 1252 Verbum,

188 1274 278 1344 abet
300 1295 409 1342 auum
431 1274 585 1344 Verbum
607 1281 649 1345 ut
669 1277 857 1345 terminum
879 1275 1087 1365 productum
1110 1275 1353 1344 immanentem

188 1382 456 1469 mellenticum,
492 1405 559 1453 nec
590 1389 682 1453 esset
711 1383 942 1472 intelligendo
974 1383 1169 1473 producens
1201 1383 1352 1474 adeoque

188 1491 466 1560 mesaetPater
481 1490 556 1560 sine
572 1490 687 1561 Verbo
704 1491 771 1561 sibi
787 1493 1007 1560 immanente.
1027 1490 1221 1560 Verissime·
1233 1490 1352 1581 itaqua

188 1597 236 1668 ts.
251 1599 388 1668 Patres
406 1598 541 1685 dicunt,
559 1598 713 1669 siue-suo
736 1599 853 1669 Verbo
875 1599 1015 1667 Potrem
1033 1600 1108 1667 fore
1131 1597 1209 1666 sine
1222 1597 1352 1666 intelli·

188 1707 297 1797 gentia
321 1708 399 1776 sine
421 1707 595 1799 sapientie
619 1701 741 1800 (ἄσαισι
765 1731 816 1771 και
841 1702 982 1795 ἄλογον),
999 1728 1067 1773 non
1081 1706 1183 1798 quasi
1199 1703 1353 1773 Verbum

188 1822 269 1884 ut
283 1815 484 1884 formaliter
499 1815 740 1906 intelligentie
755 1821 793 1885 et
806 1814 997 1907 sapientie,
1012 1836 1082 1907 qua
1093 1814 1199 1882 Peter
1215 1813 1355 1903 sepiens

188 1926 255 2009 st3
282 1923 336 1991 sic
359 1922 450 1992 enim
472 1921 651 2014 sapientie
671 1929 726 1992 est
749 1922 934 2009 obsolute,
964 1920 1155 1991 communis
1184 1920 1287 1990 Petri
1317 1926 1355 1990 st

188 2027 270 2099 lilio
292 2036 333 2102 et
355 2030 508 2123 Spiritui
531 2031 671 2117 Soneio,
690 2037 727 2101 et
742 2038 914 2125 quatenus
930 2031 1037 2101 estin
1053 2031 1170 2114 Patre,
1188 2031 1352 2120 estprin-

188 2137 309 2230 lllfium
339 2163 407 2232 qvo
430 2139 594 2230 producit
615 2139 792 2227 Verbum,
819 2139 879 2208 sed
902 2161 1029 2209 sensus·
1047 2139 1192 2208 Petrum
1209 2137 1352 2208 verissi·
1498 2199 1506 2214 ,

188 2267 256 2317 nus
276 2253 358 2331 est,
382 2247 474 2340 quod
504 2247 745 2339 intelligentia
766 2255 805 2318 et
827 2247 1025 2339 sapientia,
1050 2253 1162 2317 otest
1178 2249 1216 2315 in
1231 2248 1350 2332 Patre,

188 2349 285 2423 babet
305 2354 504 2423 necessario
524 2354 681 2425 Verbum
700 2354 907 2447 productum
930 2363 974 2425 ut
995 2356 1195 2440 terminum,
1215 2361 1251 2424 et
1272 2355 1353 2423 sub·

188 2457 255 2530 beo
272 2462 470 2534 necessario
491 2461 556 2533 hoe
579 2463 790 2533 immanente
810 2463 981 2555 producto
1001 2484 1112 2554 neque
1135 2469 1227 2532 esset
1248 2460 1351 2530 iutel-

188 2563 331 2658 ligantie
353 2572 400 2641 of.
416 2571 454 2641 S.
474 2572 597 2641 Thom.
612 2594 730 2662 opusc.
745 2578 868 2642 contre
890 2572 1042 2642 Graecos
1065 2596 1095 2642 o.
1111 2573 1143 2641 7.
1160 2570 1265 2659 (Vide
1287 2571 1353 2639 Pe

188 2678 255 2746 tres
275 2679 369 2770 apud
392 2680 484 2749 Ruiz
508 2680 598 2772 disp.
614 2680 669 2749 29.
687 2685 772 2750 sect.
787 2681 828 2768 33
843 2682 967 2750 Petev.
986 2680 1012 2750 1.
1031 2678 1096 2750 VI.
1116 2704 1145 2749 e.
1161 2676 1209 2766 9).
1228 2679 1353 2770 Itaque

190 2783 258 2854 eine
270 2786 375 2856 dubio
389 2788 543 2879 pertinet
557 2788 602 2857 ad
617 2788 864 2880 perfectionem
880 2788 1000 2857 Patris
1013 2810 1083 2856 non
1100 2787 1239 2880 quidem
1251 2786 1350 2856 velut

192 2890 292 2962 forma
313 2895 531 2965 constituens
553 2895 614 2965 sed
636 2896 737 2964 velut
759 2896 933 2966 terminus
954 2896 1171 2967 necessarius
1186 2893 1350 2964 intrinse—

193 3020 245 3069 cas
264 3022 348 3071 suae
368 3009 534 3093 peter-nee
558 3001 832 3090 intellectiouis,
858 3008 901 3072 ut
915 3003 1043 3073 habeat
1057 3003 1096 3071 in
1120 3025 1156 3072 se
1178 3024 1201 3071 a
1222 3024 1259 3073 se
1273 3018 1351 3094 pro·

194 3105 321 3178 ductum
344 3110 535 3180 immanens
550 3111 716 3182 Verbum.
738 3139 754 3174 u
769 3112 854 3180 Cum
869 3112 961 3181 enim
977 3113 1042 3183 hoc
1057 3112 1211 3182 Verbum
1227 3112 1264 3180 in
1278 3112 1350 3181 Dec

194 3223 330 3304 portur
351 3239 414 3308 per
438 3216 515 3302 hoo,
541 3216 633 3310 quod
656 3218 747 3285 Deus
761 3242 795 3285 ae
811 3220 923 3308 ipsum
946 3219 1122 3308 intellipe't
1136 3221 1192 3286 sui
1210 3219 1351 3287 Verbum

194 3321 410 3415 intelliqidile
426 3325 657 3416 concipiendo,
684 3339 816 3416 oportet
832 3327 970 3418 quodsi
987 3325 1178 3420 aliquando
1191 3327 1258 3393 Dei
1272 3328 1348 3394 Ver·

196 3425 258 3497 lass
280 3455 350 3498 non
375 3432 458 3519 seit
471 3481 482 3515 ,
515 3430 605 3522 qood
629 3447 709 3499 tunc
739 3434 831 3500 Deus
860 3457 894 3502 se
922 3435 1033 3525 ipsum
1062 3458 1129 3500 non
1158 3433 1347 3504 intellexit.

195 3531 321 3629 Semper
342 3545 462 3608 autem
483 3538 620 3631 qnando
642 3540 738 3610 Deus
761 3541 855 3627 fuit,
881 3563 917 3610 se
940 3539 1141 3625 intellexit,
1167 3540 1249 3633 quie
1272 3539 1351 3610 eius

194 3643 377 3737 iststliqere
398 3652 453 3716 eet
475 3646 557 3716 eius·
576 3670 653 3716 esee.
680 3646 821 3738 Semper
852 3670 936 3737 ergo
968 3647 1121 3717 Verbum
1144 3647 1221 3716 eius
1244 3647 1347 3716 inito

194 3746 224 3820 S.
238 3753 302 3824 rh.
316 3753 501 3846 compend.
516 3753 623 3824 theol.
644 3778 673 3824 e.
693 3754 750 3824 43.
766 3755 866 3824 Hanc
887 3777 960 3824 rem
984 3754 1104 3845 magni
1126 3754 1290 3823 momenti
1305 3755 1349 3824 ad

192 3857 333 3954 aliquam
353 3869 510 3932 nostram
525 3882 751 3954 personarum
767 3862 969 3933 divinarum
986 3862 1260 3951 intelligentiam
1272 3882 1350 3934 ver·

193 3965 236 4039 bis
252 3971 487 4064 exprimemus
508 3971 723 4062 praestantis
746 3971 903 4061 theologi
926 3971 1053 4041 Dideci
1076 3972 1180 4041 Ruiz.
1210 4000 1226 4037 e
1244 3971 1350 4041 Peter

192 4071 288 4150 lebet
302 4081 341 4150 in
363 4103 421 4167 se,
446 4080 583 4174 iuquit,
609 4084 722 4149 totum
745 4078 878 4148 Filium
900 4085 938 4148 et
951 4079 1027 4149 eius
1043 4078 1247 4148 filiationem
1263 4084 1350 4147 tam·

192 4206 281 4277 quem
300 4189 490 4260 terminum
513 4190 706 4279 perfectum
730 4188 943 4279 operationis
965 4186 1089 4257 vitalis
1113 4191 1197 4279 (qua
1219 4183 1350 4255 intelli-

191 4297 288 4383 gendo
308 4297 478 4390 producit
496 4296 677 4382 Verbum),
691 4295 728 4365 h.
746 4317 776 4366 e.
803 4301 980 4388 temquem
1010 4294 1165 4364 Verbum
1196 4292 1349 4363 eiusdem

189 4403 315 4476 mins
335 4404 578 4492 sementim
604 4403 815 4496 proindeque
838 4405 943 4473 Peter
966 4403 1064 4473 intre
1079 4426 1114 4473 se
1130 4402 1244 4494 ipsum
1259 4398 1349 4468 filie·
