3172 4950
700 339 739 354 -
761 308 823 371 elo
842 338 881 355 -

208 422 341 487 etentes
356 438 424 484 non
439 423 495 485 eat
509 414 547 483 in
562 438 599 486 se
614 414 823 499 neccssaria,
838 413 898 484 sed
910 414 1025 484 solum
1036 415 1075 484 in
1086 413 1269 506 hypothesi
1280 438 1343 487 orec

207 533 309 595 turae
325 545 388 615 pro
405 521 526 615 aliqua
541 523 709 612 temporis
723 522 932 591 defferentia
947 522 1151 592 existentis.

275 631 313 697 δ”
336 629 576 700 Nihilominus
599 636 716 720 potest
738 628 822 717 dici,
847 629 1034 720 procedere
1056 630 1212 699 Verbum
1233 652 1300 700 cum
1313 652 1347 701 re

209 722 340 809 litione
364 738 556 826 (rationis)
579 737 624 806 ad
647 744 844 821 creaturas,
869 760 972 830 quem
994 746 1194 829 respectum
1213 738 1349 829 Augusti·

211 871 277 917 nus
307 847 451 939 putavit
480 846 722 935 adsignificari
746 846 884 936 inipso
914 847 1051 915 nomine
1083 846 1205 915 Verbi.
1232 846 1349 933 ldeliua,

211 959 350 1051 inquit,
377 955 508 1025 dicitur
532 956 685 1025 Verbum
709 976 810 1046 quam
833 955 952 1040 ratio,
975 962 1052 1026 aut
1075 955 1289 1045 significetur
1305 976 1351 1023 rou

212 1063 323 1134 solum
346 1062 390 1131 ad
406 1064 545 1131 Patrem
567 1069 756 1152 respectus,
775 1062 834 1131 sed
850 1062 894 1131 ad
910 1062 976 1131 illa
997 1062 1105 1132 etiam
1121 1084 1211 1155 qnae
1224 1084 1279 1153 per
1291 1060 1352 1131 Va·

213 1174 294 1241 bum
316 1173 413 1240 facta
443 1177 528 1238 suut
558 1171 740 1261 operativa
770 1171 928 1261 potentia
945 1198 962 1233 r
980 1170 1007 1239 l.
1027 1195 1085 1262 qq.
1104 1170 1161 1239 83.
1182 1195 1216 1262 q.
1233 1170 1285 1237 bd.
1304 1168 1353 1237 m·

211 1279 378 1371 primitur
400 1278 492 1347 enim
516 1278 680 1361 Verbum,
696 1286 738 1345 ut
753 1277 917 1364 diximus,
943 1301 1005 1368 per
1026 1286 1210 1369 paternam
1231 1276 1354 1346 intoller-

211 1388 341 1456 tionem
362 1383 505 1453 divinae
527 1384 697 1452 esseutiae
711 1384 818 1452 etiam
834 1384 1031 1454 formaliter
1045 1392 1089 1454 ut
1103 1385 1189 1454 baec
1203 1391 1257 1453 est
1268 1383 1355 1453 imita·

213 1494 296 1563 bilis
319 1493 364 1562 ad
386 1497 488 1561 extra
510 1498 546 1561 et
567 1512 673 1560 eausa
703 1491 912 1581 exemplaris
934 1492 1126 1583 ,continens
1156 1490 1303 1560 rationes
1316 1508 1355 1557 ue·

212 1609 355 1687 ternas,
380 1600 569 1669 secuudum
599 1621 687 1692 quaa
720 1606 805 1669 aunt
830 1600 1012 1691 possibilia
1041 1622 1274 1692 quaecumque
1297 1602 1355 1667 suut

214 1709 407 1802 possibilia,
432 1714 468 1776 et
490 1706 679 1776 secundum
702 1729 789 1799 quas
812 1706 955 1797 proinde
986 1708 1173 1783 accedente
1194 1707 1299 1775 libera
1314 1724 1355 1773 rc

213 1818 353 1887 luntata
377 1816 492 1884 omnia
515 1822 691 1884 creantur.
710 1814 803 1885 Hinc
819 1815 973 1883 Verbum
988 1814 1080 1908 quod
1095 1814 1299 1906 exprimitur
1309 1810 1355 1881 tn

215 1922 474 2007 intellectione,
511 1945 580 1990 non
611 1923 721 1991 solum
753 1921 854 2013 quasi
885 1922 1119 1991 materialiter
1150 1914 1355 2013 quatenus&

215 2032 488 2102 communicatur
510 2032 662 2101 essentia
685 2030 826 2119 divina,
844 2031 904 2100 sed
921 2030 1116 2102 formaliter
1140 2054 1183 2101 ex
1198 2030 1272 2121 ipso
1284 2026 1355 2097 mole

216 2140 424 2231 procedendi
452 2164 513 2231 per
545 2140 762 2210 intellectum
797 2147 838 2209 ut
869 2144 1044 2231 rapientia
1077 2144 1201 2232 perita
1233 2138 1355 2210 contiurl

214 2248 312 2317 ideas
334 2255 370 2317 et
391 2249 546 2317 rationes
568 2255 730 2317 aeternas
752 2248 802 2334 (1)
823 2248 975 2316 omnium
998 2248 1204 2318 creabilium
1220 2252 1255 2316 et
1273 2243 1355 2315 otiu

216 2355 349 2425 ordinis
372 2356 482 2425 creati
508 2364 716 2449 atamquam
731 2355 885 2425 Verbum
908 2358 1103 2447 perlectum
1127 2357 1185 2426 eui
1206 2378 1272 2424 non
1289 2350 1355 2423 derit

215 2463 363 2556 aliquid,
389 2470 425 2532 et
447 2485 506 2532 ars
529 2464 697 2555 quaedam
720 2463 967 2553 omnipotentis
988 2470 1094 2555 atque
1117 2462 1284 2554 sapientie
1297 2458 1354 2543 aa,

215 2573 319 2665 plena
342 2573 493 2641 omnium
524 2574 699 2642 rationum
729 2573 927 2642 viventium
958 2572 1355 2655 incommutabilium,et

216 2703 332 2749 omnes
355 2701 461 2747 unum
486 2680 523 2746 in
546 2701 587 2748 ea
612 2684 741 2765 (arte),
778 2679 973 2770 sicutipse
995 2702 1103 2748 unum
1126 2680 1169 2749 de
1192 2703 1280 2763 uno,
1300 2696 1355 2747 ouu

216 2812 283 2880 quo
299 2810 417 2875 unum;
436 2788 486 2856 ibi
501 2788 603 2857 novit
618 2790 734 2857 omnia
750 2789 856 2872 Deus,
875 2809 963 2879 quae
980 2788 1066 2857 feeit
1082 2812 1145 2879 per
1161 2789 1293 2879 ipsum»
1307 2788 1355 2853 so.

215 2898 311 2987 Aug.
333 2896 432 2965 Tria.
451 2896 477 2964 l.
495 2896 559 2965 VI.
579 2919 608 2964 o.
625 2896 679 2963 10.
698 2920 732 2965 n.
753 2896 807 2965 11.
829 2896 954 2989 Itaque
975 2897 1061 2965 licet
1082 2896 1257 2986 expressio
1276 2886 1355 2963 Verb'

216 3027 283 3074 non
307 3004 356 3073 sit
370 3027 432 3094 per
447 3004 615 3072 visionem
633 3008 815 3072 creaturae
831 3005 958 3087 factae,
976 3008 1164 3072 esttamen
1187 3008 1229 3071 ut
1249 3018 1355 3091 exprur

216 3112 268 3180 sio
291 3111 483 3201 sapientiae
506 3117 542 3179 et
564 3110 655 3179 artis
678 3110 904 3179 subsistentis
927 3133 1004 3180 cnm
1027 3118 1191 3201 respectu
1213 3107 1355 3179 veluit*

215 3218 322 3288 dioali
337 3219 382 3286 ad
398 3224 594 3287 creaturam
611 3216 817 3285 faciendam.
837 3217 928 3286 Vide
940 3217 1071 3286 Suarcz
1084 3218 1109 3285 1.
1128 3218 1195 3285 IX.
1209 3240 1241 3286 c.
1252 3214 1315 3285 47.

280 3326 330 3395 II.
350 3326 518 3410 Quaestio
535 3326 577 3396 de
593 3326 732 3418 Spiritu
755 3326 895 3411 Sancto,
914 3349 976 3416 per
992 3346 1139 3416 quorum
1156 3316 1355 3394 bonorumdi

215 3434 398 3503 lectionem
422 3434 598 3525 procedat,
625 3440 704 3524 post
720 3456 760 3502 ea
777 3456 865 3525 quae
889 3434 985 3503 dicta
1007 3440 1091 3502 aunt
1113 3433 1157 3502 de
1171 3428 1355 3523 prooemiare

215 3541 345 3627 Verbi,
364 3543 456 3611 nibil
472 3542 622 3632 amplius
639 3541 742 3610 babet
759 3542 995 3616 difficultatis.

284 3649 313 3715 1·
338 3651 442 3719 Pater
468 3657 503 3719 et
529 3649 646 3717 Filius
673 3670 744 3716 una
772 3648 944 3718 communi
971 3653 1007 3718 et
1037 3648 1181 3717 infinita
1201 3642 1355 3717 secundun

216 3780 331 3826 omnes
355 3760 508 3827 rationes
531 3757 763 3825 amabilitatis
786 3756 842 3824 aui
861 3757 1048 3825 dilectione
1072 3757 1271 3846 producunt
1292 3768 1355 3819 aar

216 3888 288 3934 rem
311 3873 353 3935 ut
374 3867 561 3936 terminum
590 3865 841 3951 intrinsecum,
875 3865 936 3957 qui
958 3871 1014 3934 est
1043 3864 1203 3956 Spiritus
1225 3862 1355 3932 Sanctus

268 4060 311 4136 (1)
331 4067 478 4120 «Verbum
496 4066 594 4119 uiuere
605 4065 640 4119 ab
654 4065 728 4127 idea,
743 4064 808 4119 ides
820 4064 896 4116 enim
915 4064 1047 4117 nominat
1064 4063 1184 4117 turmam
1202 4058 1355 4149 exemploru

217 4157 355 4221 absoluta,
374 4156 423 4209 sed
441 4158 558 4207 Verbum
578 4164 721 4209 creaturae
737 4152 780 4228 (b.
793 4171 818 4206 e.
830 4154 954 4226 Verbum
966 4168 1021 4221 quo
1035 4153 1122 4205 Pater
1136 4151 1355 4206 diciturenim

217 4246 249 4296 in
269 4248 326 4297 Deo
345 4247 474 4297 riomiaar
490 4248 615 4313 sormam
634 4246 811 4310 exemplarem
832 4245 867 4294 ab
887 4244 946 4294 olio
966 4241 1135 4303 deductam
1154 4239 1257 4294 etideo
1273 4222 1355 4288 idssll

216 4336 275 4389 Deo
292 4336 329 4388 sd
348 4337 504 4391 essentiam
526 4337 664 4406 partinet,
686 4334 736 4389 sod
746 4334 868 4388 Verbum
891 4330 927 4386 sd
944 4346 1095 4400 personam
1107 4350 1120 4377 r
1140 4330 1170 4384 8.
1184 4328 1235 4381 Ἧι.
1249 4310 1355 4375 dentit

217 4424 446 4491 utatmt
