<?xml version="1.0" encoding="UTF-8"?>
<!DOCTYPE html PUBLIC "-//W3C//DTD XHTML 1.0 Transitional//EN"
    "http://www.w3.org/TR/xhtml1/DTD/xhtml1-transitional.dtd">
<html xmlns="http://www.w3.org/1999/xhtml" xml:lang="en" lang="en">
 <head>
  <title>
</title>
<meta http-equiv="Content-Type" content="text/html;charset=utf-8" />
  <meta name='ocr-system' content='tesseract 3.04.00' />
  <meta name='ocr-capabilities' content='ocr_page ocr_carea ocr_par ocr_line ocrx_word'/>
</head>
<body>
  <div class='ocr_page' id='page_1' title='image "./tractatusdedeot00frangoog/tractatusdedeot00frangoog_0168.png"; bbox 0 0 3172 4950; ppageno 0'>
   <div class='ocr_carea' id='block_1_1' title="bbox 9 336 1228 4413">
    <p class='ocr_par' dir='ltr' id='par_1_1' title="bbox 534 336 713 398">
     <span class='ocr_line' id='line_1_1' title="bbox 534 336 713 398; baseline -0.011 -14"><span class='ocrx_word' id='word_1_1' title='bbox 534 370 571 384; x_wconf 89' lang='lat'>-</span> <span class='ocrx_word' id='word_1_2' title='bbox 595 336 653 398; x_wconf 84' lang='lat'><strong>155</strong></span> <span class='ocrx_word' id='word_1_3' title='bbox 675 368 713 382; x_wconf 84' lang='grc'><strong>.-</strong></span> 
     </span>
    </p>

    <p class='ocr_par' dir='ltr' id='par_1_2' title="bbox 49 439 1215 1718">
     <span class='ocr_line' id='line_1_2' title="bbox 120 439 1210 533; baseline 0.001 -24"><span class='ocrx_word' id='word_1_4' title='bbox 120 441 154 511; x_wconf 86' lang='grc'><strong>1·.</strong></span> <span class='ocrx_word' id='word_1_5' title='bbox 174 440 308 531; x_wconf 79' lang='lat' dir='ltr'>Agitur</span> <span class='ocrx_word' id='word_1_6' title='bbox 331 442 373 510; x_wconf 91' lang='lat' dir='ltr'><strong>de</strong></span> <span class='ocrx_word' id='word_1_7' title='bbox 397 443 549 512; x_wconf 87' lang='lat' dir='ltr'><strong>veritate</strong></span> <span class='ocrx_word' id='word_1_8' title='bbox 573 442 729 532; x_wconf 79' lang='lat' dir='ltr'><strong>principe</strong></span> <span class='ocrx_word' id='word_1_9' title='bbox 745 441 788 509; x_wconf 85' lang='lat' dir='ltr'><strong>ab</strong></span> <span class='ocrx_word' id='word_1_10' title='bbox 803 439 890 531; x_wconf 90' lang='lat' dir='ltr'><strong>ipsis</strong></span> <span class='ocrx_word' id='word_1_11' title='bbox 906 442 1085 532; x_wconf 90' lang='lat' dir='ltr'><strong>Apostolis</strong></span> <span class='ocrx_word' id='word_1_12' title='bbox 1100 442 1210 533; x_wconf 88' lang='lat' dir='ltr'><strong>expli·</strong></span> 
     </span>
     <span class='ocr_line' id='line_1_3' title="bbox 71 547 1211 639; baseline 0.002 -23"><span class='ocrx_word' id='word_1_13' title='bbox 71 548 120 617; x_wconf 87' lang='lat' dir='ltr'><strong>u&#39;tc</strong></span> <span class='ocrx_word' id='word_1_14' title='bbox 135 549 168 617; x_wconf 94' lang='lat' dir='ltr'><strong>in</strong></span> <span class='ocrx_word' id='word_1_15' title='bbox 189 549 385 639; x_wconf 88' lang='lat' dir='ltr'><strong>Scriptnris</strong></span> <span class='ocrx_word' id='word_1_16' title='bbox 416 549 644 638; x_wconf 89' lang='lat' dir='ltr'><strong>consignata,</strong></span> <span class='ocrx_word' id='word_1_17' title='bbox 675 547 869 618; x_wconf 87' lang='lat' dir='ltr'><strong>necessario</strong></span> <span class='ocrx_word' id='word_1_18' title='bbox 892 549 930 615; x_wconf 91' lang='lat' dir='ltr'><strong>in</strong></span> <span class='ocrx_word' id='word_1_19' title='bbox 953 548 1211 639; x_wconf 89' lang='lat' dir='ltr'><strong>praedicatione</strong></span> 
     </span>
     <span class='ocr_line' id='line_1_4' title="bbox 67 655 1211 747; baseline 0.003 -25"><span class='ocrx_word' id='word_1_20' title='bbox 67 655 283 747; x_wconf 75' lang='lat' dir='ltr'><strong>Apostolorum</strong></span> <span class='ocrx_word' id='word_1_21' title='bbox 306 656 468 726; x_wconf 91' lang='lat' dir='ltr'><strong>fidelibus</strong></span> <span class='ocrx_word' id='word_1_22' title='bbox 498 657 695 741; x_wconf 86' lang='lat' dir='ltr'><strong>declarata,</strong></span> <span class='ocrx_word' id='word_1_23' title='bbox 720 656 764 724; x_wconf 91' lang='lat' dir='ltr'><strong>ab</strong></span> <span class='ocrx_word' id='word_1_24' title='bbox 788 656 945 724; x_wconf 90' lang='lat' dir='ltr'><strong>omnibus</strong></span> <span class='ocrx_word' id='word_1_25' title='bbox 969 655 1131 726; x_wconf 88' lang='lat' dir='ltr'><strong>fidelibus</strong></span> <span class='ocrx_word' id='word_1_26' title='bbox 1154 681 1211 726; x_wconf 93' lang='lat' dir='ltr'><strong>ex-</strong></span> 
     </span>
     <span class='ocr_line' id='line_1_5' title="bbox 61 763 1212 858; baseline -0.002 -24"><span class='ocrx_word' id='word_1_27' title='bbox 61 763 158 854; x_wconf 86' lang='lat' dir='ltr'><strong>plicita</strong></span> <span class='ocrx_word' id='word_1_28' title='bbox 167 766 342 835; x_wconf 88' lang='lat' dir='ltr'><strong>credenda</strong></span> <span class='ocrx_word' id='word_1_29' title='bbox 353 772 393 835; x_wconf 91' lang='lat' dir='ltr'><strong>et</strong></span> <span class='ocrx_word' id='word_1_30' title='bbox 407 766 444 834; x_wconf 95' lang='lat' dir='ltr'><strong>in</strong></span> <span class='ocrx_word' id='word_1_31' title='bbox 459 766 536 856; x_wconf 89' lang='lat' dir='ltr'><strong>ipsa</strong></span> <span class='ocrx_word' id='word_1_32' title='bbox 548 765 748 835; x_wconf 76' lang='lat' dir='ltr'><strong>initiatione</strong></span> <span class='ocrx_word' id='word_1_33' title='bbox 764 765 928 856; x_wconf 77' lang='lat' dir='ltr'><strong>baptismi</strong></span> <span class='ocrx_word' id='word_1_34' title='bbox 940 772 1044 858; x_wconf 90' lang='lat' dir='ltr'><strong>atque</strong></span> <span class='ocrx_word' id='word_1_35' title='bbox 1058 764 1212 857; x_wconf 80' lang='lat' dir='ltr'><strong>quotidie</strong></span> 
     </span>
     <span class='ocr_line' id='line_1_6' title="bbox 58 870 1212 962; baseline 0.001 -24"><span class='ocrx_word' id='word_1_36' title='bbox 58 870 84 938; x_wconf 89' lang='lat' dir='ltr'><strong>in</strong></span> <span class='ocrx_word' id='word_1_37' title='bbox 103 870 255 960; x_wconf 82' lang='lat' dir='ltr'><strong>symbolo</strong></span> <span class='ocrx_word' id='word_1_38' title='bbox 279 872 484 962; x_wconf 84' lang='lat' dir='ltr'><strong>profitenda,</strong></span> <span class='ocrx_word' id='word_1_39' title='bbox 512 872 683 961; x_wconf 89' lang='lat' dir='ltr'><strong>sanguine</strong></span> <span class='ocrx_word' id='word_1_40' title='bbox 707 873 812 941; x_wconf 90' lang='lat' dir='ltr'><strong>etiam</strong></span> <span class='ocrx_word' id='word_1_41' title='bbox 835 893 950 941; x_wconf 92' lang='lat' dir='ltr'><strong>coram</strong></span> <span class='ocrx_word' id='word_1_42' title='bbox 974 874 1140 961; x_wconf 87' lang='lat' dir='ltr'><strong>tyrannis</strong></span> <span class='ocrx_word' id='word_1_43' title='bbox 1157 871 1212 939; x_wconf 94' lang='lat' dir='ltr'><strong>ob·</strong></span> 
     </span>
     <span class='ocr_line' id='line_1_7' title="bbox 55 979 1213 1073; baseline -0.001 -26"><span class='ocrx_word' id='word_1_44' title='bbox 55 979 221 1068; x_wconf 69' lang='lat' dir='ltr'><strong>amanda.</strong></span> <span class='ocrx_word' id='word_1_45' title='bbox 248 980 393 1050; x_wconf 84' lang='lat' dir='ltr'><strong>Veritas</strong></span> <span class='ocrx_word' id='word_1_46' title='bbox 409 980 494 1050; x_wconf 91' lang='lat' dir='ltr'><strong>haec</strong></span> <span class='ocrx_word' id='word_1_47' title='bbox 510 987 576 1049; x_wconf 85' lang='lat' dir='ltr'><strong>est:</strong></span> <span class='ocrx_word' id='word_1_48' title='bbox 596 1003 703 1048; x_wconf 88' lang='lat' dir='ltr'><strong>unum</strong></span> <span class='ocrx_word' id='word_1_49' title='bbox 718 1002 793 1049; x_wconf 91' lang='lat' dir='ltr'><strong>esse</strong></span> <span class='ocrx_word' id='word_1_50' title='bbox 816 981 937 1066; x_wconf 92' lang='lat' dir='ltr'><strong>Deum,</strong></span> <span class='ocrx_word' id='word_1_51' title='bbox 957 985 1213 1073; x_wconf 82' lang='lat' dir='ltr'><strong>praeterquam</strong></span> 
     </span>
     <span class='ocr_line' id='line_1_8' title="bbox 52 1086 1214 1179; baseline 0 -24"><span class='ocrx_word' id='word_1_52' title='bbox 52 1086 130 1156; x_wconf 80' lang='lat' dir='ltr'><strong>alius</strong></span> <span class='ocrx_word' id='word_1_53' title='bbox 143 1087 239 1158; x_wconf 89' lang='lat' dir='ltr'><strong>Deus</strong></span> <span class='ocrx_word' id='word_1_54' title='bbox 253 1110 324 1156; x_wconf 91' lang='lat' dir='ltr'><strong>non</strong></span> <span class='ocrx_word' id='word_1_55' title='bbox 339 1094 404 1175; x_wconf 89' lang='lat' dir='ltr'><strong>est;</strong></span> <span class='ocrx_word' id='word_1_56' title='bbox 421 1095 495 1158; x_wconf 88' lang='lat' dir='ltr'><strong>tres</strong></span> <span class='ocrx_word' id='word_1_57' title='bbox 510 1087 697 1158; x_wconf 88' lang='lat' dir='ltr'><strong>distinctos</strong></span> <span class='ocrx_word' id='word_1_58' title='bbox 709 1088 860 1172; x_wconf 91' lang='lat' dir='ltr'><strong>Patrem,</strong></span> <span class='ocrx_word' id='word_1_59' title='bbox 878 1087 1022 1174; x_wconf 82' lang='lat' dir='ltr'><strong>Filium,</strong></span> <span class='ocrx_word' id='word_1_60' title='bbox 1041 1087 1214 1179; x_wconf 88' lang='lat' dir='ltr'><strong>Spiritum</strong></span> 
     </span>
     <span class='ocr_line' id='line_1_9' title="bbox 51 1193 1214 1283; baseline 0.001 -20"><span class='ocrx_word' id='word_1_61' title='bbox 51 1194 205 1265; x_wconf 83' lang='lat' dir='ltr'><strong>Senatum</strong></span> <span class='ocrx_word' id='word_1_62' title='bbox 226 1218 303 1265; x_wconf 85' lang='lat' dir='ltr'><strong>esse</strong></span> <span class='ocrx_word' id='word_1_63' title='bbox 325 1196 418 1266; x_wconf 88' lang='lat' dir='ltr'><strong>hunc</strong></span> <span class='ocrx_word' id='word_1_64' title='bbox 441 1220 548 1265; x_wconf 90' lang='lat' dir='ltr'><strong>unum</strong></span> <span class='ocrx_word' id='word_1_65' title='bbox 570 1197 698 1282; x_wconf 91' lang='lat' dir='ltr'><strong>Deum,</strong></span> <span class='ocrx_word' id='word_1_66' title='bbox 716 1219 785 1265; x_wconf 92' lang='lat' dir='ltr'><strong>non</strong></span> <span class='ocrx_word' id='word_1_67' title='bbox 800 1203 916 1265; x_wconf 90' lang='lat' dir='ltr'><strong>autem</strong></span> <span class='ocrx_word' id='word_1_68' title='bbox 931 1202 1005 1265; x_wconf 90' lang='lat' dir='ltr'><strong>tres</strong></span> <span class='ocrx_word' id='word_1_69' title='bbox 1028 1193 1129 1283; x_wconf 89' lang='lat' dir='ltr'><strong>Deos;</strong></span> <span class='ocrx_word' id='word_1_70' title='bbox 1155 1218 1214 1264; x_wconf 92' lang='lat' dir='ltr'><strong>no-</strong></span> 
     </span>
     <span class='ocr_line' id='line_1_10' title="bbox 50 1302 1215 1390; baseline 0 -19"><span class='ocrx_word' id='word_1_71' title='bbox 50 1302 197 1372; x_wconf 82' lang='lat' dir='ltr'><strong>minatim</strong></span> <span class='ocrx_word' id='word_1_72' title='bbox 218 1305 375 1374; x_wconf 81' lang='lat' dir='ltr'>Verbum</span> <span class='ocrx_word' id='word_1_73' title='bbox 390 1304 509 1373; x_wconf 89' lang='lat' dir='ltr'><strong>Patris</strong></span> <span class='ocrx_word' id='word_1_74' title='bbox 525 1304 759 1390; x_wconf 87' lang='lat' dir='ltr'><strong>incarnatum,</strong></span> <span class='ocrx_word' id='word_1_75' title='bbox 785 1304 976 1389; x_wconf 81' lang='lat' dir='ltr'><strong>Christum,</strong></span> <span class='ocrx_word' id='word_1_76' title='bbox 1002 1326 1077 1373; x_wconf 89' lang='lat' dir='ltr'><strong>esse</strong></span> <span class='ocrx_word' id='word_1_77' title='bbox 1093 1325 1215 1373; x_wconf 89' lang='lat' dir='ltr'><strong>verum</strong></span> 
     </span>
     <span class='ocr_line' id='line_1_11' title="bbox 49 1410 1215 1504; baseline 0.002 -25"><span class='ocrx_word' id='word_1_78' title='bbox 49 1410 148 1479; x_wconf 86' lang='lat' dir='ltr'><strong>Deum</strong></span> <span class='ocrx_word' id='word_1_79' title='bbox 169 1413 324 1504; x_wconf 85' lang='lat' dir='ltr'><strong>adeoque</strong></span> <span class='ocrx_word' id='word_1_80' title='bbox 346 1435 415 1481; x_wconf 91' lang='lat' dir='ltr'><strong>non</strong></span> <span class='ocrx_word' id='word_1_81' title='bbox 432 1413 542 1482; x_wconf 76' lang='lat' dir='ltr'><strong>Denuo</strong></span> <span class='ocrx_word' id='word_1_82' title='bbox 558 1413 667 1481; x_wconf 89' lang='lat' dir='ltr'><strong>alium</strong></span> <span class='ocrx_word' id='word_1_83' title='bbox 691 1413 750 1481; x_wconf 90' lang='lat' dir='ltr'><strong>sed</strong></span> <span class='ocrx_word' id='word_1_84' title='bbox 765 1413 877 1481; x_wconf 91' lang='lat' dir='ltr'><strong>Deum</strong></span> <span class='ocrx_word' id='word_1_85' title='bbox 893 1435 1000 1480; x_wconf 90' lang='lat' dir='ltr'><strong>unum</strong></span> <span class='ocrx_word' id='word_1_86' title='bbox 1017 1435 1094 1482; x_wconf 91' lang='lat' dir='ltr'><strong>cum</strong></span> <span class='ocrx_word' id='word_1_87' title='bbox 1110 1412 1215 1481; x_wconf 88' lang='lat' dir='ltr'><strong>Patre</strong></span> 
     </span>
     <span class='ocr_line' id='line_1_12' title="bbox 49 1518 1215 1611; baseline 0.001 -25"><span class='ocrx_word' id='word_1_88' title='bbox 49 1525 80 1586; x_wconf 87' lang='lat' dir='ltr'><strong>et</strong></span> <span class='ocrx_word' id='word_1_89' title='bbox 97 1518 236 1609; x_wconf 84' lang='lat' dir='ltr'><strong>Spiritu</strong></span> <span class='ocrx_word' id='word_1_90' title='bbox 260 1519 402 1589; x_wconf 89' lang='lat' dir='ltr'><strong>Sancto.</strong></span> <span class='ocrx_word' id='word_1_91' title='bbox 427 1520 540 1611; x_wconf 81' lang='lat' dir='ltr'><strong>Atqui</strong></span> <span class='ocrx_word' id='word_1_92' title='bbox 571 1527 748 1611; x_wconf 77' lang='lat' dir='ltr'><strong>repugnat</strong></span> <span class='ocrx_word' id='word_1_93' title='bbox 777 1520 848 1588; x_wconf 88' lang='lat' dir='ltr'><strong>toti</strong></span> <span class='ocrx_word' id='word_1_94' title='bbox 878 1519 1008 1589; x_wconf 90' lang='lat' dir='ltr'><strong>rationi</strong></span> <span class='ocrx_word' id='word_1_95' title='bbox 1038 1518 1215 1590; x_wconf 87' lang='lat' dir='ltr'><strong>Ecclesiae</strong></span> 
     </span>
     <span class='ocr_line' id='line_1_13' title="bbox 50 1624 1215 1718; baseline 0 -24"><span class='ocrx_word' id='word_1_96' title='bbox 50 1624 214 1695; x_wconf 81' lang='lat' dir='ltr'><strong>divinitus</strong></span> <span class='ocrx_word' id='word_1_97' title='bbox 237 1627 450 1696; x_wconf 88' lang='lat' dir='ltr'><strong>constitutae</strong></span> <span class='ocrx_word' id='word_1_98' title='bbox 472 1634 509 1696; x_wconf 91' lang='lat' dir='ltr'><strong>et</strong></span> <span class='ocrx_word' id='word_1_99' title='bbox 531 1627 818 1718; x_wconf 81' lang='lat' dir='ltr'><strong>promissionibus</strong></span> <span class='ocrx_word' id='word_1_100' title='bbox 849 1627 985 1698; x_wconf 86' lang='lat' dir='ltr'><strong>Christi</strong></span> <span class='ocrx_word' id='word_1_101' title='bbox 1008 1627 1120 1718; x_wconf 90' lang='lat' dir='ltr'><strong>ipsius</strong></span> <span class='ocrx_word' id='word_1_102' title='bbox 1142 1649 1215 1694; x_wconf 91' lang='lat' dir='ltr'><strong>mn-</strong></span> 
     </span>
    </p>

    <p class='ocr_par' dir='ltr' id='par_1_3' title="bbox 34 1731 1219 2472">
     <span class='ocr_line' id='line_1_14' title="bbox 34 1731 1216 1827; baseline 0 -27"><span class='ocrx_word' id='word_1_103' title='bbox 34 1731 136 1803; x_wconf 80' lang='lat' dir='ltr'><strong>&#39;uitaa</strong></span> <span class='ocrx_word' id='word_1_104' title='bbox 157 1735 203 1804; x_wconf 83' lang='lat' dir='ltr'><strong>ad</strong></span> <span class='ocrx_word' id='word_1_105' title='bbox 227 1735 421 1804; x_wconf 87' lang='lat' dir='ltr'><strong>custodiam</strong></span> <span class='ocrx_word' id='word_1_106' title='bbox 444 1734 593 1826; x_wconf 88' lang='lat' dir='ltr'><strong>depositi</strong></span> <span class='ocrx_word' id='word_1_107' title='bbox 617 1734 711 1820; x_wconf 86' lang='lat' dir='ltr'><strong>fidei,</strong></span> <span class='ocrx_word' id='word_1_108' title='bbox 737 1742 779 1805; x_wconf 90' lang='lat' dir='ltr'><strong>ut</strong></span> <span class='ocrx_word' id='word_1_109' title='bbox 801 1736 935 1805; x_wconf 87' lang='lat' dir='ltr'><strong>veritas</strong></span> <span class='ocrx_word' id='word_1_110' title='bbox 958 1757 1009 1820; x_wconf 91' lang='lat' dir='ltr'><strong>eo,</strong></span> <span class='ocrx_word' id='word_1_111' title='bbox 1036 1757 1103 1827; x_wconf 90' lang='lat' dir='ltr'><strong>quo</strong></span> <span class='ocrx_word' id='word_1_112' title='bbox 1126 1734 1216 1802; x_wconf 89' lang='lat' dir='ltr'><strong>dixi·</strong></span> 
     </span>
     <span class='ocr_line' id='line_1_15' title="bbox 52 1841 1216 1934; baseline 0.002 -25"><span class='ocrx_word' id='word_1_113' title='bbox 52 1863 129 1926; x_wconf 88' lang='lat' dir='ltr'><strong>mus,</strong></span> <span class='ocrx_word' id='word_1_114' title='bbox 153 1843 254 1912; x_wconf 88' lang='lat' dir='ltr'><strong>modo</strong></span> <span class='ocrx_word' id='word_1_115' title='bbox 277 1843 522 1934; x_wconf 89' lang='lat' dir='ltr'><strong>comprehensa</strong></span> <span class='ocrx_word' id='word_1_116' title='bbox 536 1842 573 1911; x_wconf 94' lang='lat' dir='ltr'><strong>in</strong></span> <span class='ocrx_word' id='word_1_117' title='bbox 590 1841 816 1928; x_wconf 79' lang='lat' dir='ltr'><strong>revelatione,</strong></span> <span class='ocrx_word' id='word_1_118' title='bbox 843 1843 1009 1934; x_wconf 89' lang='lat' dir='ltr'><strong>explicite</strong></span> <span class='ocrx_word' id='word_1_119' title='bbox 1023 1843 1157 1912; x_wconf 83' lang='lat' dir='ltr'><strong>tradita</strong></span> <span class='ocrx_word' id='word_1_120' title='bbox 1173 1843 1216 1911; x_wconf 95' lang='lat' dir='ltr'><strong>ab</strong></span> 
     </span>
     <span class='ocr_line' id='line_1_16' title="bbox 53 1948 1216 2043; baseline 0.003 -29"><span class='ocrx_word' id='word_1_121' title='bbox 53 1948 233 2038; x_wconf 78' lang='lat' dir='ltr'><strong>Apostolis,</strong></span> <span class='ocrx_word' id='word_1_122' title='bbox 258 1952 303 2019; x_wconf 95' lang='lat' dir='ltr'><strong>ab</strong></span> <span class='ocrx_word' id='word_1_123' title='bbox 326 1950 484 2019; x_wconf 90' lang='lat' dir='ltr'><strong>omnibns</strong></span> <span class='ocrx_word' id='word_1_124' title='bbox 507 1949 668 2018; x_wconf 86' lang='lat' dir='ltr'><strong>fidelibus</strong></span> <span class='ocrx_word' id='word_1_125' title='bbox 693 1972 826 2041; x_wconf 85' lang='lat' dir='ltr'><strong>semper</strong></span> <span class='ocrx_word' id='word_1_126' title='bbox 847 1957 884 2019; x_wconf 90' lang='lat' dir='ltr'><strong>et</strong></span> <span class='ocrx_word' id='word_1_127' title='bbox 899 1950 1027 2043; x_wconf 88' lang='lat' dir='ltr'><strong>ubique</strong></span> <span class='ocrx_word' id='word_1_128' title='bbox 1050 1948 1216 2041; x_wconf 82' lang='lat' dir='ltr'><strong>explicite</strong></span> 
     </span>
     <span class='ocr_line' id='line_1_17' title="bbox 56 2055 1218 2151; baseline 0.003 -27"><span class='ocrx_word' id='word_1_129' title='bbox 56 2055 213 2128; x_wconf 58' lang='lat' dir='ltr'><strong>menda</strong></span> <span class='ocrx_word' id='word_1_130' title='bbox 234 2058 354 2151; x_wconf 87' lang='lat' dir='ltr'><strong>aliquo</strong></span> <span class='ocrx_word' id='word_1_131' title='bbox 376 2064 529 2149; x_wconf 89' lang='lat' dir='ltr'><strong>tempora</strong></span> <span class='ocrx_word' id='word_1_132' title='bbox 544 2080 612 2126; x_wconf 96' lang='lat' dir='ltr'><strong>non</strong></span> <span class='ocrx_word' id='word_1_133' title='bbox 629 2057 678 2126; x_wconf 88' lang='lat' dir='ltr'><strong>sit</strong></span> <span class='ocrx_word' id='word_1_134' title='bbox 693 2058 879 2127; x_wconf 91' lang='lat' dir='ltr'><strong>secundnm</strong></span> <span class='ocrx_word' id='word_1_135' title='bbox 903 2059 1092 2148; x_wconf 89' lang='lat' dir='ltr'><strong>genuinum</strong></span> <span class='ocrx_word' id='word_1_136' title='bbox 1116 2081 1218 2127; x_wconf 86' lang='lat' dir='ltr'><strong>suum</strong></span> 
     </span>
     <span class='ocr_line' id='line_1_18' title="bbox 57 2162 1217 2255; baseline 0.001 -23"><span class='ocrx_word' id='word_1_137' title='bbox 57 2184 180 2233; x_wconf 69' lang='lat' dir='ltr'><strong>ursum</strong></span> <span class='ocrx_word' id='word_1_138' title='bbox 203 2165 241 2234; x_wconf 93' lang='lat' dir='ltr'><strong>in</strong></span> <span class='ocrx_word' id='word_1_139' title='bbox 265 2165 448 2236; x_wconf 90' lang='lat' dir='ltr'><strong>intellectu</strong></span> <span class='ocrx_word' id='word_1_140' title='bbox 471 2166 642 2236; x_wconf 87' lang='lat' dir='ltr'><strong>catholico</strong></span> <span class='ocrx_word' id='word_1_141' title='bbox 665 2165 856 2234; x_wconf 78' lang='lat' dir='ltr'><strong>Ecclesiae.</strong></span> <span class='ocrx_word' id='word_1_142' title='bbox 874 2165 917 2233; x_wconf 97' lang='lat' dir='ltr'><strong>In</strong></span> <span class='ocrx_word' id='word_1_143' title='bbox 934 2165 1134 2235; x_wconf 89' lang='lat' dir='ltr'><strong>huiusmodi</strong></span> <span class='ocrx_word' id='word_1_144' title='bbox 1151 2162 1217 2255; x_wconf 90' lang='lat' dir='ltr'><strong>igi-</strong></span> 
     </span>
     <span class='ocr_line' id='line_1_19' title="bbox 58 2272 1215 2366; baseline 0.003 -26"><span class='ocrx_word' id='word_1_145' title='bbox 58 2275 108 2340; x_wconf 81' lang='lat' dir='ltr'><strong>tur</strong></span> <span class='ocrx_word' id='word_1_146' title='bbox 128 2272 322 2343; x_wconf 87' lang='lat' dir='ltr'><strong>veritatum</strong></span> <span class='ocrx_word' id='word_1_147' title='bbox 354 2273 536 2343; x_wconf 88' lang='lat' dir='ltr'><strong>intellectu</strong></span> <span class='ocrx_word' id='word_1_148' title='bbox 560 2279 596 2342; x_wconf 88' lang='lat' dir='ltr'><strong>et</strong></span> <span class='ocrx_word' id='word_1_149' title='bbox 618 2273 850 2365; x_wconf 80' lang='lat' dir='ltr'><strong>explicatione</strong></span> <span class='ocrx_word' id='word_1_150' title='bbox 873 2274 960 2343; x_wconf 85' lang='lat' dir='ltr'><strong>talis</strong></span> <span class='ocrx_word' id='word_1_151' title='bbox 981 2297 1215 2366; x_wconf 87' lang='lat' dir='ltr'><strong>progressus,</strong></span> 
     </span>
     <span class='ocr_line' id='line_1_20' title="bbox 59 2380 1219 2472; baseline 0.002 -24"><span class='ocrx_word' id='word_1_152' title='bbox 59 2399 144 2468; x_wconf 82' lang='lat' dir='ltr'><strong>quem</strong></span> <span class='ocrx_word' id='word_1_153' title='bbox 165 2381 205 2449; x_wconf 94' lang='lat' dir='ltr'><strong>hi</strong></span> <span class='ocrx_word' id='word_1_154' title='bbox 227 2380 384 2469; x_wconf 85' lang='lat' dir='ltr'><strong>theologi</strong></span> <span class='ocrx_word' id='word_1_155' title='bbox 399 2388 594 2467; x_wconf 88' lang='lat' dir='ltr'><strong>assumunt,</strong></span> <span class='ocrx_word' id='word_1_156' title='bbox 613 2403 655 2450; x_wconf 91' lang='lat' dir='ltr'><strong>ex</strong></span> <span class='ocrx_word' id='word_1_157' title='bbox 676 2380 764 2470; x_wconf 90' lang='lat' dir='ltr'><strong>ipsis</strong></span> <span class='ocrx_word' id='word_1_158' title='bbox 787 2381 972 2472; x_wconf 83' lang='lat' dir='ltr'><strong>principiis</strong></span> <span class='ocrx_word' id='word_1_159' title='bbox 995 2381 1219 2470; x_wconf 81' lang='lat' dir='ltr'><strong>generalibus</strong></span> 
     </span>
    </p>

    <p class='ocr_par' dir='ltr' id='par_1_4' title="bbox 9 2489 1228 4413">
     <span class='ocr_line' id='line_1_21' title="bbox 10 2489 1218 2579; baseline -0.003 -19"><span class='ocrx_word' id='word_1_160' title='bbox 10 2500 12 2505; x_wconf 86' lang='lat'>&#39;</span> <span class='ocrx_word' id='word_1_161' title='bbox 58 2490 248 2561; x_wconf 64' lang='lat' dir='ltr'><strong>mononis</strong></span> <span class='ocrx_word' id='word_1_162' title='bbox 270 2498 309 2562; x_wconf 89' lang='lat' dir='ltr'><strong>et</strong></span> <span class='ocrx_word' id='word_1_163' title='bbox 331 2491 545 2561; x_wconf 90' lang='lat' dir='ltr'><strong>oeconomiae</strong></span> <span class='ocrx_word' id='word_1_164' title='bbox 568 2491 649 2560; x_wconf 88' lang='lat' dir='ltr'><strong>fldei</strong></span> <span class='ocrx_word' id='word_1_165' title='bbox 673 2489 888 2559; x_wconf 83' lang='lat' dir='ltr'><strong>christianae</strong></span> <span class='ocrx_word' id='word_1_166' title='bbox 912 2489 1055 2558; x_wconf 87' lang='lat' dir='ltr'><strong>admitti</strong></span> <span class='ocrx_word' id='word_1_167' title='bbox 1070 2513 1137 2558; x_wconf 92' lang='lat' dir='ltr'><strong>non</strong></span> <span class='ocrx_word' id='word_1_168' title='bbox 1161 2510 1218 2579; x_wconf 91' lang='lat' dir='ltr'><strong>po-</strong></span> 
     </span>
     <span class='ocr_line' id='line_1_22' title="bbox 57 2596 1219 2691; baseline -0.003 -23"><span class='ocrx_word' id='word_1_169' title='bbox 57 2603 129 2669; x_wconf 84' lang='lat' dir='ltr'><strong>test.</strong></span> <span class='ocrx_word' id='word_1_170' title='bbox 145 2600 264 2690; x_wconf 83' lang='lat' dir='ltr'><strong>Longe</strong></span> <span class='ocrx_word' id='word_1_171' title='bbox 280 2600 372 2670; x_wconf 88' lang='lat' dir='ltr'><strong>enim</strong></span> <span class='ocrx_word' id='word_1_172' title='bbox 388 2601 530 2670; x_wconf 90' lang='lat' dir='ltr'><strong>diversa</strong></span> <span class='ocrx_word' id='word_1_173' title='bbox 547 2606 601 2669; x_wconf 89' lang='lat' dir='ltr'><strong>ast</strong></span> <span class='ocrx_word' id='word_1_174' title='bbox 615 2600 707 2668; x_wconf 88' lang='lat' dir='ltr'><strong>ratio</strong></span> <span class='ocrx_word' id='word_1_175' title='bbox 723 2598 936 2688; x_wconf 90' lang='lat' dir='ltr'><strong>dogmatum,</strong></span> <span class='ocrx_word' id='word_1_176' title='bbox 952 2619 1039 2691; x_wconf 88' lang='lat' dir='ltr'><strong>qnae</strong></span> <span class='ocrx_word' id='word_1_177' title='bbox 1055 2596 1219 2687; x_wconf 89' lang='lat' dir='ltr'><strong>explicite</strong></span> 
     </span>
     <span class='ocr_line' id='line_1_23' title="bbox 61 2704 1219 2799; baseline -0.001 -26"><span class='ocrx_word' id='word_1_178' title='bbox 61 2706 231 2799; x_wconf 87' lang='lat' dir='ltr'><strong>inseipsis</strong></span> <span class='ocrx_word' id='word_1_179' title='bbox 243 2714 327 2778; x_wconf 90' lang='lat' dir='ltr'><strong>sunt</strong></span> <span class='ocrx_word' id='word_1_180' title='bbox 340 2710 383 2776; x_wconf 96' lang='lat' dir='ltr'><strong>ab</strong></span> <span class='ocrx_word' id='word_1_181' title='bbox 393 2707 573 2799; x_wconf 88' lang='lat' dir='ltr'><strong>Apostolis</strong></span> <span class='ocrx_word' id='word_1_182' title='bbox 585 2707 721 2776; x_wconf 90' lang='lat' dir='ltr'><strong>tradita</strong></span> <span class='ocrx_word' id='word_1_183' title='bbox 734 2706 916 2790; x_wconf 87' lang='lat' dir='ltr'><strong>Ecclesiis,</strong></span> <span class='ocrx_word' id='word_1_184' title='bbox 935 2704 1110 2774; x_wconf 69' lang='lat' dir='ltr'><strong>«instanti</strong></span> <span class='ocrx_word' id='word_1_185' title='bbox 1122 2724 1219 2795; x_wconf 88' lang='lat' dir='ltr'><strong>prae·</strong></span> 
     </span>
     <span class='ocr_line' id='line_1_24' title="bbox 10 2811 1219 2907; baseline -0.001 -25"><span class='ocrx_word' id='word_1_186' title='bbox 10 2838 12 2843; x_wconf 93' lang='lat'>·</span> <span class='ocrx_word' id='word_1_187' title='bbox 61 2811 218 2886; x_wconf 64' lang='lat' dir='ltr'><strong>datione</strong></span> <span class='ocrx_word' id='word_1_188' title='bbox 229 2844 246 2879; x_wconf 82' lang='lat' dir='ltr'><strong>n</strong></span> <span class='ocrx_word' id='word_1_189' title='bbox 261 2817 391 2886; x_wconf 89' lang='lat' dir='ltr'><strong>diserte</strong></span> <span class='ocrx_word' id='word_1_190' title='bbox 406 2838 539 2907; x_wconf 86' lang='lat' dir='ltr'><strong>semper</strong></span> <span class='ocrx_word' id='word_1_191' title='bbox 551 2815 729 2907; x_wconf 83' lang='lat' dir='ltr'><strong>proposita</strong></span> <span class='ocrx_word' id='word_1_192' title='bbox 745 2814 905 2884; x_wconf 84' lang='lat' dir='ltr'><strong>fidelibus</strong></span> <span class='ocrx_word' id='word_1_193' title='bbox 921 2818 1041 2904; x_wconf 87' lang='lat' dir='ltr'><strong>utpote</strong></span> <span class='ocrx_word' id='word_1_194' title='bbox 1054 2812 1097 2880; x_wconf 91' lang='lat' dir='ltr'><strong>ab</strong></span> <span class='ocrx_word' id='word_1_195' title='bbox 1113 2812 1219 2881; x_wconf 91' lang='lat' dir='ltr'><strong>omni·</strong></span> 
     </span>
     <span class='ocr_line' id='line_1_25' title="bbox 63 2917 1219 3016; baseline -0.006 -25"><span class='ocrx_word' id='word_1_196' title='bbox 63 2920 116 2991; x_wconf 81' lang='lat' dir='ltr'><strong>tus</strong></span> <span class='ocrx_word' id='word_1_197' title='bbox 134 2923 299 3016; x_wconf 85' lang='lat' dir='ltr'><strong>explicite</strong></span> <span class='ocrx_word' id='word_1_198' title='bbox 323 2922 559 3014; x_wconf 87' lang='lat' dir='ltr'><strong>cognoscenda</strong></span> <span class='ocrx_word' id='word_1_199' title='bbox 581 2943 622 2991; x_wconf 85' lang='lat' dir='ltr'><strong>eo</strong></span> <span class='ocrx_word' id='word_1_200' title='bbox 645 2921 835 3005; x_wconf 89' lang='lat' dir='ltr'><strong>credenda,</strong></span> <span class='ocrx_word' id='word_1_201' title='bbox 861 2926 897 2990; x_wconf 89' lang='lat' dir='ltr'><strong>et</strong></span> <span class='ocrx_word' id='word_1_202' title='bbox 919 2921 1109 2989; x_wconf 87' lang='lat' dir='ltr'><strong>veritatum</strong></span> <span class='ocrx_word' id='word_1_203' title='bbox 1133 2917 1219 2986; x_wconf 89' lang='lat' dir='ltr'><strong>alia-</strong></span> 
     </span>
     <span class='ocr_line' id='line_1_26' title="bbox 10 3025 1221 3143; baseline -0.005 -45"><span class='ocrx_word' id='word_1_204' title='bbox 10 3060 16 3143; x_wconf 68' lang='lat' dir='ltr'><strong>p</strong></span> <span class='ocrx_word' id='word_1_205' title='bbox 64 3051 128 3098; x_wconf 87' lang='lat' dir='ltr'><strong>mm</strong></span> <span class='ocrx_word' id='word_1_206' title='bbox 148 3031 388 3124; x_wconf 87' lang='lat' dir='ltr'><strong>quarumdam,</strong></span> <span class='ocrx_word' id='word_1_207' title='bbox 415 3052 502 3122; x_wconf 88' lang='lat' dir='ltr'><strong>qnae</strong></span> <span class='ocrx_word' id='word_1_208' title='bbox 526 3029 584 3099; x_wconf 90' lang='lat' dir='ltr'><strong>vel</strong></span> <span class='ocrx_word' id='word_1_209' title='bbox 608 3029 719 3098; x_wconf 90' lang='lat' dir='ltr'><strong>solum</strong></span> <span class='ocrx_word' id='word_1_210' title='bbox 735 3026 906 3118; x_wconf 87' lang='lat' dir='ltr'><strong>implicite</strong></span> <span class='ocrx_word' id='word_1_211' title='bbox 929 3027 967 3095; x_wconf 92' lang='lat' dir='ltr'><strong>in</strong></span> <span class='ocrx_word' id='word_1_212' title='bbox 989 3025 1072 3094; x_wconf 90' lang='lat' dir='ltr'><strong>aliis</strong></span> <span class='ocrx_word' id='word_1_213' title='bbox 1087 3025 1221 3094; x_wconf 88' lang='lat' dir='ltr'><strong>revela·</strong></span> 
     </span>
     <span class='ocr_line' id='line_1_27' title="bbox 10 3133 1221 3227; baseline -0.01 -14"><span class='ocrx_word' id='word_1_214' title='bbox 10 3166 18 3219; x_wconf 72' lang='grc' dir='ltr'><strong>ι.</strong></span> <span class='ocrx_word' id='word_1_215' title='bbox 65 3142 111 3206; x_wconf 68' lang='lat' dir='ltr'><strong>he</strong></span> <span class='ocrx_word' id='word_1_216' title='bbox 128 3147 229 3224; x_wconf 88' lang='lat' dir='ltr'><strong>sunt,</strong></span> <span class='ocrx_word' id='word_1_217' title='bbox 255 3137 313 3207; x_wconf 89' lang='lat' dir='ltr'><strong>vel</strong></span> <span class='ocrx_word' id='word_1_218' title='bbox 335 3160 404 3207; x_wconf 91' lang='lat' dir='ltr'><strong>usu</strong></span> <span class='ocrx_word' id='word_1_219' title='bbox 426 3144 462 3206; x_wconf 87' lang='lat' dir='ltr'><strong>et</strong></span> <span class='ocrx_word' id='word_1_220' title='bbox 485 3136 728 3206; x_wconf 88' lang='lat' dir='ltr'><strong>observatione</strong></span> <span class='ocrx_word' id='word_1_221' title='bbox 751 3135 900 3227; x_wconf 89' lang='lat' dir='ltr'><strong>quadam</strong></span> <span class='ocrx_word' id='word_1_222' title='bbox 924 3134 1095 3203; x_wconf 90' lang='lat' dir='ltr'><strong>communi</strong></span> <span class='ocrx_word' id='word_1_223' title='bbox 1119 3133 1221 3203; x_wconf 90' lang='lat' dir='ltr'><strong>disci·</strong></span> 
     </span>
     <span class='ocr_line' id='line_1_28' title="bbox 10 3226 1222 3337; baseline -0.006 -21"><span class='ocrx_word' id='word_1_224' title='bbox 10 3226 16 3251; x_wconf 78' lang='lat'>&#39;</span> <span class='ocrx_word' id='word_1_225' title='bbox 65 3245 165 3335; x_wconf 83' lang='lat' dir='ltr'><strong>plicae</strong></span> <span class='ocrx_word' id='word_1_226' title='bbox 187 3245 302 3336; x_wconf 90' lang='lat' dir='ltr'><strong>magis</strong></span> <span class='ocrx_word' id='word_1_227' title='bbox 324 3268 426 3337; x_wconf 84' lang='lat' dir='ltr'><strong>quam</strong></span> <span class='ocrx_word' id='word_1_228' title='bbox 457 3244 592 3314; x_wconf 88' lang='lat' dir='ltr'><strong>diserta</strong></span> <span class='ocrx_word' id='word_1_229' title='bbox 614 3244 775 3314; x_wconf 87' lang='lat' dir='ltr'><strong>doctrina</strong></span> <span class='ocrx_word' id='word_1_230' title='bbox 803 3242 1022 3334; x_wconf 88' lang='lat' dir='ltr'><strong>propositae,</strong></span> <span class='ocrx_word' id='word_1_231' title='bbox 1049 3241 1106 3310; x_wconf 87' lang='lat' dir='ltr'><strong>vel</strong></span> <span class='ocrx_word' id='word_1_232' title='bbox 1130 3245 1222 3310; x_wconf 88' lang='lat' dir='ltr'><strong>certe</strong></span> 
     </span>
     <span class='ocr_line' id='line_1_29' title="bbox 16 3348 1222 3445; baseline -0.003 -25"><span class='ocrx_word' id='word_1_233' title='bbox 16 3386 20 3401; x_wconf 92' lang='lat'>·</span> <span class='ocrx_word' id='word_1_234' title='bbox 54 3352 199 3445; x_wconf 77' lang='lat' dir='ltr'><strong>‘simplici</strong></span> <span class='ocrx_word' id='word_1_235' title='bbox 219 3355 291 3423; x_wconf 87' lang='lat' dir='ltr'><strong>fide</strong></span> <span class='ocrx_word' id='word_1_236' title='bbox 314 3359 494 3443; x_wconf 84' lang='lat' dir='ltr'><strong>susceptae</strong></span> <span class='ocrx_word' id='word_1_237' title='bbox 507 3375 576 3421; x_wconf 92' lang='lat' dir='ltr'><strong>non</strong></span> <span class='ocrx_word' id='word_1_238' title='bbox 592 3360 709 3421; x_wconf 88' lang='lat' dir='ltr'><strong>autem</strong></span> <span class='ocrx_word' id='word_1_239' title='bbox 732 3350 881 3421; x_wconf 78' lang='lat' dir='ltr'><strong>instanti</strong></span> <span class='ocrx_word' id='word_1_240' title='bbox 896 3348 1154 3441; x_wconf 91' lang='lat' dir='ltr'><strong>praedicatione</strong></span> <span class='ocrx_word' id='word_1_241' title='bbox 1170 3348 1222 3416; x_wconf 91' lang='lat' dir='ltr'><strong>in-</strong></span> 
     </span>
     <span class='ocr_line' id='line_1_30' title="bbox 9 3450 1223 3551; baseline -0.006 -22"><span class='ocrx_word' id='word_1_242' title='bbox 9 3450 16 3509; x_wconf 68' lang='lat' dir='ltr'><strong>l</strong></span> <span class='ocrx_word' id='word_1_243' title='bbox 69 3459 217 3531; x_wconf 72' lang='lat' dir='ltr'><strong>marae.</strong></span> <span class='ocrx_word' id='word_1_244' title='bbox 245 3461 288 3528; x_wconf 92' lang='lat' dir='ltr'><strong>In</strong></span> <span class='ocrx_word' id='word_1_245' title='bbox 309 3460 367 3530; x_wconf 89' lang='lat' dir='ltr'><strong>hia</strong></span> <span class='ocrx_word' id='word_1_246' title='bbox 389 3459 593 3551; x_wconf 88' lang='lat' dir='ltr'><strong>posterioris</strong></span> <span class='ocrx_word' id='word_1_247' title='bbox 615 3458 750 3529; x_wconf 88' lang='lat' dir='ltr'><strong>ordinis</strong></span> <span class='ocrx_word' id='word_1_248' title='bbox 773 3457 948 3548; x_wconf 87' lang='lat' dir='ltr'><strong>capitibus</strong></span> <span class='ocrx_word' id='word_1_249' title='bbox 971 3479 1039 3524; x_wconf 91' lang='lat' dir='ltr'><strong>non</strong></span> <span class='ocrx_word' id='word_1_250' title='bbox 1055 3477 1223 3544; x_wconf 88' lang='lat' dir='ltr'><strong>negamus</strong></span> 
     </span>
     <span class='ocr_line' id='line_1_31' title="bbox 70 3563 1223 3661; baseline -0.007 -23"><span class='ocrx_word' id='word_1_251' title='bbox 70 3588 149 3654; x_wconf 78' lang='lat' dir='ltr'><strong>posse</strong></span> <span class='ocrx_word' id='word_1_252' title='bbox 159 3568 348 3661; x_wconf 87' lang='lat' dir='ltr'><strong>aliquando</strong></span> <span class='ocrx_word' id='word_1_253' title='bbox 362 3591 425 3659; x_wconf 89' lang='lat' dir='ltr'><strong>per</strong></span> <span class='ocrx_word' id='word_1_254' title='bbox 440 3566 682 3656; x_wconf 86' lang='lat' dir='ltr'><strong>magisterium</strong></span> <span class='ocrx_word' id='word_1_255' title='bbox 694 3566 936 3636; x_wconf 89' lang='lat' dir='ltr'><strong>authenticum</strong></span> <span class='ocrx_word' id='word_1_256' title='bbox 953 3564 1016 3634; x_wconf 90' lang='lat' dir='ltr'><strong>sub</strong></span> <span class='ocrx_word' id='word_1_257' title='bbox 1033 3563 1223 3632; x_wconf 88' lang='lat' dir='ltr'><strong>directione</strong></span> 
     </span>
     <span class='ocr_line' id='line_1_32' title="bbox 72 3670 1223 3767; baseline -0.002 -27"><span class='ocrx_word' id='word_1_258' title='bbox 72 3670 206 3763; x_wconf 83' lang='lat' dir='ltr'><strong>Spiritus</strong></span> <span class='ocrx_word' id='word_1_259' title='bbox 218 3675 341 3746; x_wconf 87' lang='lat' dir='ltr'><strong>Sancti</strong></span> <span class='ocrx_word' id='word_1_260' title='bbox 357 3676 551 3767; x_wconf 84' lang='lat' dir='ltr'><strong>profectum</strong></span> <span class='ocrx_word' id='word_1_261' title='bbox 568 3674 812 3766; x_wconf 87' lang='lat' dir='ltr'><strong>explicationis</strong></span> <span class='ocrx_word' id='word_1_262' title='bbox 828 3673 941 3743; x_wconf 92' lang='lat' dir='ltr'><strong>locum</strong></span> <span class='ocrx_word' id='word_1_263' title='bbox 953 3671 1079 3740; x_wconf 89' lang='lat' dir='ltr'><strong>habere</strong></span> <span class='ocrx_word' id='word_1_264' title='bbox 1096 3693 1134 3739; x_wconf 91' lang='lat' dir='ltr'><strong>eo</strong></span> <span class='ocrx_word' id='word_1_265' title='bbox 1151 3671 1223 3739; x_wconf 84' lang='lat' dir='ltr'><strong>fere</strong></span> 
     </span>
     <span class='ocr_line' id='line_1_33' title="bbox 72 3776 1224 3876; baseline -0.002 -29"><span class='ocrx_word' id='word_1_266' title='bbox 72 3784 162 3870; x_wconf 90' lang='lat' dir='ltr'><strong>nodo,</strong></span> <span class='ocrx_word' id='word_1_267' title='bbox 185 3807 255 3876; x_wconf 92' lang='lat' dir='ltr'><strong>quo</strong></span> <span class='ocrx_word' id='word_1_268' title='bbox 278 3782 335 3852; x_wconf 92' lang='lat' dir='ltr'><strong>illi</strong></span> <span class='ocrx_word' id='word_1_269' title='bbox 357 3782 514 3872; x_wconf 86' lang='lat' dir='ltr'><strong>theologi</strong></span> <span class='ocrx_word' id='word_1_270' title='bbox 536 3783 730 3874; x_wconf 84' lang='lat' dir='ltr'><strong>profectum</strong></span> <span class='ocrx_word' id='word_1_271' title='bbox 746 3786 909 3850; x_wconf 89' lang='lat' dir='ltr'><strong>asserunt</strong></span> <span class='ocrx_word' id='word_1_272' title='bbox 931 3779 968 3847; x_wconf 92' lang='lat' dir='ltr'><strong>in</strong></span> <span class='ocrx_word' id='word_1_273' title='bbox 991 3776 1224 3868; x_wconf 84' lang='lat' dir='ltr'><strong>explicatione</strong></span> 
     </span>
     <span class='ocr_line' id='line_1_34' title="bbox 75 3884 1223 3979; baseline -0.002 -24"><span class='ocrx_word' id='word_1_274' title='bbox 75 3884 226 3979; x_wconf 86' lang='lat' dir='ltr'><strong>dogmatis</strong></span> <span class='ocrx_word' id='word_1_275' title='bbox 257 3891 299 3961; x_wconf 88' lang='lat' dir='ltr'><strong>de</strong></span> <span class='ocrx_word' id='word_1_276' title='bbox 323 3890 387 3960; x_wconf 88' lang='lat' dir='ltr'><strong>SS.</strong></span> <span class='ocrx_word' id='word_1_277' title='bbox 415 3890 593 3960; x_wconf 77' lang='lat' dir='ltr'><strong>Trinitate</strong></span> <span class='ocrx_word' id='word_1_278' title='bbox 607 3889 712 3976; x_wconf 77' lang='lat' dir='ltr'><strong>(vide</strong></span> <span class='ocrx_word' id='word_1_279' title='bbox 740 3889 898 3957; x_wconf 76' lang='lat' dir='ltr'><strong>Tractat.</strong></span> <span class='ocrx_word' id='word_1_280' title='bbox 924 3888 966 3956; x_wconf 90' lang='lat' dir='ltr'><strong>de</strong></span> <span class='ocrx_word' id='word_1_281' title='bbox 990 3884 1223 3971; x_wconf 81' lang='lat' dir='ltr'><strong>Traditione).</strong></span> 
     </span>
     <span class='ocr_line' id='line_1_35' title="bbox 9 3990 1226 4088; baseline -0.004 -24"><span class='ocrx_word' id='word_1_282' title='bbox 9 4018 21 4033; x_wconf 58' lang='lat'>⁵</span> <span class='ocrx_word' id='word_1_283' title='bbox 75 3990 116 4063; x_wconf 72' lang='lat' dir='ltr'><strong>Ex</strong></span> <span class='ocrx_word' id='word_1_284' title='bbox 131 3998 349 4088; x_wconf 86' lang='lat' dir='ltr'><strong>generalibus</strong></span> <span class='ocrx_word' id='word_1_285' title='bbox 371 3996 487 4088; x_wconf 88' lang='lat' dir='ltr'><strong>igitur</strong></span> <span class='ocrx_word' id='word_1_286' title='bbox 508 3997 693 4088; x_wconf 89' lang='lat' dir='ltr'><strong>principiis</strong></span> <span class='ocrx_word' id='word_1_287' title='bbox 709 3996 904 4080; x_wconf 87' lang='lat' dir='ltr'><strong>conficitur,</strong></span> <span class='ocrx_word' id='word_1_288' title='bbox 917 3993 994 4063; x_wconf 88' lang='lat' dir='ltr'><strong>fleri</strong></span> <span class='ocrx_word' id='word_1_289' title='bbox 1014 3992 1226 4061; x_wconf 92' lang='lat' dir='ltr'><strong>nullomodo</strong></span> 
     </span>
     <span class='ocr_line' id='line_1_36' title="bbox 9 4052 1226 4197; baseline -0.01 -20"><span class='ocrx_word' id='word_1_290' title='bbox 9 4052 20 4197; x_wconf 64' lang='lat' dir='ltr'><strong>i</strong></span> <span class='ocrx_word' id='word_1_291' title='bbox 76 4105 218 4192; x_wconf 68' lang='lat' dir='ltr'><strong>petuisse,</strong></span> <span class='ocrx_word' id='word_1_292' title='bbox 236 4111 280 4175; x_wconf 91' lang='lat' dir='ltr'><strong>ut</strong></span> <span class='ocrx_word' id='word_1_293' title='bbox 292 4106 415 4175; x_wconf 91' lang='lat' dir='ltr'><strong>Patres</strong></span> <span class='ocrx_word' id='word_1_294' title='bbox 432 4104 598 4174; x_wconf 86' lang='lat' dir='ltr'><strong>catholici</strong></span> <span class='ocrx_word' id='word_1_295' title='bbox 614 4105 651 4172; x_wconf 94' lang='lat' dir='ltr'><strong>in</strong></span> <span class='ocrx_word' id='word_1_296' title='bbox 669 4102 840 4173; x_wconf 89' lang='lat' dir='ltr'><strong>communi</strong></span> <span class='ocrx_word' id='word_1_297' title='bbox 860 4103 1009 4193; x_wconf 88' lang='lat' dir='ltr'><strong>spectati</strong></span> <span class='ocrx_word' id='word_1_298' title='bbox 1027 4101 1139 4194; x_wconf 86' lang='lat' dir='ltr'><strong>quoad</strong></span> <span class='ocrx_word' id='word_1_299' title='bbox 1154 4121 1226 4168; x_wconf 92' lang='lat' dir='ltr'><strong>rem</strong></span> 
     </span>
     <span class='ocr_line' id='line_1_37' title="bbox 9 4204 1228 4297; baseline -0.007 -14"><span class='ocrx_word' id='word_1_300' title='bbox 9 4204 15 4283; x_wconf 75' lang='lat' dir='ltr'><strong>&#39;l</strong></span> <span class='ocrx_word' id='word_1_301' title='bbox 77 4204 166 4297; x_wconf 74' lang='lat' dir='ltr'><strong>ipsam</strong></span> <span class='ocrx_word' id='word_1_302' title='bbox 186 4236 254 4282; x_wconf 92' lang='lat' dir='ltr'><strong>non</strong></span> <span class='ocrx_word' id='word_1_303' title='bbox 277 4213 420 4283; x_wconf 87' lang='lat' dir='ltr'><strong>eandem</strong></span> <span class='ocrx_word' id='word_1_304' title='bbox 442 4211 685 4281; x_wconf 88' lang='lat' dir='ltr'><strong>intellexerint</strong></span> <span class='ocrx_word' id='word_1_305' title='bbox 699 4232 739 4279; x_wconf 87' lang='lat' dir='ltr'><strong>ac</strong></span> <span class='ocrx_word' id='word_1_306' title='bbox 755 4210 938 4279; x_wconf 87' lang='lat' dir='ltr'><strong>docuerint</strong></span> <span class='ocrx_word' id='word_1_307' title='bbox 961 4209 1133 4278; x_wconf 87' lang='lat' dir='ltr'><strong>unitatem</strong></span> <span class='ocrx_word' id='word_1_308' title='bbox 1157 4206 1228 4275; x_wconf 88' lang='lat' dir='ltr'><strong>dei·</strong></span> 
     </span>
     <span class='ocr_line' id='line_1_38' title="bbox 9 4290 1228 4413; baseline -0.006 -25"><span class='ocrx_word' id='word_1_309' title='bbox 9 4290 19 4399; x_wconf 66' lang='grc' dir='ltr'>ξ</span> <span class='ocrx_word' id='word_1_310' title='bbox 78 4317 330 4391; x_wconf 68' lang='lat' dir='ltr'><strong>amoeniam</strong></span> <span class='ocrx_word' id='word_1_311' title='bbox 352 4342 578 4413; x_wconf 89' lang='lat' dir='ltr'><strong>personarum</strong></span> <span class='ocrx_word' id='word_1_312' title='bbox 601 4318 873 4403; x_wconf 89' lang='lat' dir='ltr'><strong>distinctionem,</strong></span> <span class='ocrx_word' id='word_1_313' title='bbox 899 4339 988 4411; x_wconf 87' lang='lat' dir='ltr'><strong>quae</strong></span> <span class='ocrx_word' id='word_1_314' title='bbox 1011 4317 1049 4386; x_wconf 94' lang='lat' dir='ltr'><strong>in</strong></span> <span class='ocrx_word' id='word_1_315' title='bbox 1072 4313 1228 4384; x_wconf 85' lang='lat' dir='ltr'><strong>Concilio</strong></span> 
     </span>
    </p>
   </div>
   <div class='ocr_carea' id='block_1_2' title="bbox 9 4406 1228 4543">
    <p class='ocr_par' dir='ltr' id='par_1_5' title="bbox 9 4406 1228 4543">
     <span class='ocr_line' id='line_1_39' title="bbox 9 4406 1228 4543; baseline -0.009 -44"><span class='ocrx_word' id='word_1_316' title='bbox 9 4406 21 4543; x_wconf 71' lang='lat' dir='ltr'><strong>T}</strong></span> <span class='ocrx_word' id='word_1_317' title='bbox 79 4418 206 4499; x_wconf 67' lang='lat' dir='ltr'><strong>lieno</strong></span> <span class='ocrx_word' id='word_1_318' title='bbox 217 4428 363 4499; x_wconf 67' lang='lat' dir='ltr'><strong>osone</strong></span> <span class='ocrx_word' id='word_1_319' title='bbox 377 4434 432 4498; x_wconf 71' lang='lat' dir='ltr'><strong>ose</strong></span> <span class='ocrx_word' id='word_1_320' title='bbox 445 4435 483 4498; x_wconf 75' lang='lat' dir='ltr'><strong>o</strong></span> <span class='ocrx_word' id='word_1_321' title='bbox 495 4427 657 4518; x_wconf 70' lang='lat' dir='ltr'><strong>deincps</strong></span> <span class='ocrx_word' id='word_1_322' title='bbox 672 4425 918 4518; x_wconf 79' lang='lat' dir='ltr'><strong>multiplieiter</strong></span> <span class='ocrx_word' id='word_1_323' title='bbox 933 4424 1126 4495; x_wconf 64' lang='lat' dir='ltr'><strong>unciae.</strong></span> <span class='ocrx_word' id='word_1_324' title='bbox 1141 4420 1228 4489; x_wconf 69' lang='lat' dir='ltr'><strong>noe</strong></span> 
     </span>
    </p>
   </div>
   <div class='ocr_carea' id='block_1_3' title="bbox 0 0 1605 4950">
    <p class='ocr_par' dir='ltr' id='par_1_6' title="bbox 0 0 1605 4950">
     <span class='ocr_line' id='line_1_40' title="bbox 0 0 1605 4950; baseline 0 0"><span class='ocrx_word' id='word_1_325' title='bbox 0 0 1605 4950; x_wconf 95' lang='lat' dir='ltr'><strong> </strong></span> 
     </span>
    </p>
   </div>
   <div class='ocr_carea' id='block_1_4' title="bbox 8 4630 23 4911">
    <p class='ocr_par' dir='ltr' id='par_1_7' title="bbox 8 4630 23 4911">
     <span class='ocr_line' id='line_1_41' title="bbox 9 4630 23 4819; baseline 0 0"><span class='ocrx_word' id='word_1_326' title='bbox 9 4630 23 4819; x_wconf 84' lang='lat' dir='ltr'><strong>l·</strong></span> 
     </span>
     <span class='ocr_line' id='line_1_42' title="bbox 8 4826 20 4911; baseline 0 0"><span class='ocrx_word' id='word_1_327' title='bbox 8 4826 20 4911; x_wconf 77' lang='lat' dir='ltr'><strong>o</strong></span> 
     </span>
    </p>
   </div>
  </div>
 </body>
</html>
