3172 4950
552 328 710 387 -21..

61 449 184 518 ,persona
206 427 292 497 Iesu
315 426 454 497 Christi
477 429 697 519 appellatur,
733 431 771 499 in
801 432 902 500 cuius
930 432 1066 502 nomine
1098 434 1216 503 fideles

68 536 205 606 dicuntur
227 537 416 627 baptizari:
449 566 465 602 ι
486 539 657 628 baptizati
674 539 809 608 suntin
825 540 963 608 nomine
990 535 1044 626 (έις
1061 561 1092 603 τι
1111 535 1212 626 ὄνομα)

68 644 177 713 Domini
199 644 314 714 Iesu»
340 647 425 714 Act.
447 645 548 714 XIX.
575 647 620 733 53
650 647 851 737 «baptizati
883 656 985 716 erant
1011 649 1049 715 in
1080 649 1216 716 nomine

70 746 108 836 (ἐις
119 773 147 815 τι
167 747 268 838 ὄνομα)
295 753 436 822 Domini
459 754 575 822 Iasuo
601 748 838 844 io.V111.1o;
860 785 878 820 ι
895 756 1094 845 baptizetur
1110 756 1216 825 n'uus·

68 858 185 950 quisque
215 866 375 930 vestrum
397 862 435 930 im
456 862 594 930 nomins
628 857 688 949 (ἐπι
710 885 751 947 τῳ
773 857 903 947 ὁνοματι)
935 864 1016 932 Iesu
1047 864 1212 934 Christis

68 965 226 1056 it.11.38;
255 969 396 1039 «iussit
425 992 482 1039 eos
513 969 687 1061 baptizari
716 969 754 1037 in
785 970 920 1039 nomina
951 965 994 1060 (ἐν
1016 994 1057 1057 τῳ
1084 968 1211 1058 bruun)

67 1071 178 1143 Domini
200 1074 284 1145 Iesu
314 1077 486 1148 Christis
518 1078 566 1148 ib.
591 1077 637 1146 X.
662 1077 720 1146 48.
745 1077 836 1147 Vide
860 1078 981 1148 Tract.
1008 1078 1050 1147 de
1072 1078 1212 1149 Iuoarn.

111 1289 155 1358 Π.
179 1291 223 1358 In
246 1290 365 1361 verbis
388 1290 522 1361 Christi
544 1291 684 1359 Domini
707 1291 757 1360 Io.
781 1292 827 1359 X.
850 1291 894 1358 30
927 1315 1025 1382 uago
1048 1298 1084 1362 et
1110 1294 1215 1363 Potor

67 1417 147 1465 mum
168 1419 290 1467 sumus
303 1425 320 1460 n
346 1421 408 1489 per
431 1421 467 1467 se
483 1397 651 1489 spectatis
668 1397 864 1487 significari
881 1398 1052 1467 unitatem
1068 1406 1215 1469 naturae

67 1506 90 1568 et
106 1502 356 1573 distinctionem
379 1504 498 1573 Patris
521 1524 560 1572 ac
583 1503 672 1572 Filii
695 1503 846 1589 realem,
866 1508 907 1572 ut
922 1505 1015 1573 alius
1039 1505 1088 1574 sit
1109 1506 1225 1597 Pater,

66 1613 90 1675 ot
105 1608 190 1679 alius
211 1610 342 1695 Filiae,
368 1611 628 1680 demonstratur
650 1611 773 1680 iisdem
797 1613 1014 1701 argumentis
1037 1635 1079 1681 ex
1104 1614 1213 1682 oonsi-

67 1712 215 1787 dcratiome
228 1717 378 1787 subiecti
393 1723 429 1787 et
439 1718 634 1809 praedicati
646 1719 869 1809 depromptis,
883 1720 1010 1811 quibus
1025 1720 1081 1788 usi
1094 1742 1214 1788 sumus

66 1819 92 1887 in
107 1823 336 1895 declaratione
360 1827 531 1896 formulae
546 1826 723 1916 baptismi.
742 1827 927 1896 Praeterea
943 1850 1026 1897 vero
1044 1814 1233 1918 speciales

66 1924 349 2003 demonstrationes
372 1933 524 2003 unitatis
540 1933 639 2002 nobis
656 1934 856 2024 suppeditat
875 1941 1059 2003 contextus
1078 1938 1154 2002 tum
1170 1957 1212 2002 ex

65 2036 153 2121 prima
174 2039 353 2125 orations,
380 2061 482 2131 quam
506 2040 683 2110 concludit
705 2040 875 2108 Dominus
899 2040 1031 2110 verbis:
1061 2064 1155 2131 sego
1178 2046 1214 2110 et

65 2139 146 2213 Pater
167 2168 274 2215 unum
299 2169 461 2233 sumus»
486 2153 561 2216 tum
584 2170 626 2217 ex
649 2149 805 2217 oratione
828 2148 953 2233 altera,
975 2148 1012 2216 in
1037 2171 1106 2240 qua
1129 2171 1213 2217 san-

63 2269 120 2319 snm
139 2254 318 2345 proprium
341 2256 526 2326 verborum
549 2278 570 2324 a
592 2256 734 2324 Iudaeis
757 2256 975 2325 intellectum
999 2256 1166 2326 sustinet.

108 2361 147 2429 In
168 2363 281 2453 priori
303 2363 460 2433 oratione
485 2363 518 2431 1⁰
539 2363 640 2432 docet
661 2363 837 2449 Christus,
864 2386 900 2433 so
924 2363 1038 2454 ipsum
1061 2386 1134 2433 esse
1152 2363 1212 2455 qui

60 2464 104 2536 dst
122 2470 231 2539 vitam
253 2477 430 2540 aeternam
446 2470 571 2542 ovibus
586 2470 622 2540 h.
641 2494 671 2540 e.
686 2471 848 2540 fidelibus
864 2471 949 2540 suis.
968 2472 1014 2540 2⁰.
1032 2471 1209 2555 Declarat,

58 2577 203 2646 nominem
226 2600 326 2668 posse
348 2601 431 2649 oves
453 2601 576 2670 rapere
598 2580 640 2648 de
663 2600 768 2647 manu
791 2601 874 2664 sua,
897 2580 993 2658 ⁴siout
1022 2601 1120 2648 nemo
1151 2602 1209 2668 po-

58 2682 110 2751 oo
128 2705 250 2776 rapere
273 2682 316 2754 de
337 2707 442 2754 manu
464 2685 593 2754 Patris.
615 2685 685 2776 Ubi
715 2686 782 2755 duo
813 2685 1006 2755 dicuntur:
1040 2686 1211 2776 imprimis

58 2809 121 2859 ores
141 2815 203 2861 sen
225 2791 345 2862 fideles
367 2794 419 2863 ita
442 2799 526 2863 sunt
548 2794 683 2884 proprii
698 2815 739 2862 ae
755 2794 865 2863 dicati
880 2794 974 2863 Filio
991 2793 1083 2863 sicut
1096 2793 1207 2880 Patri;

58 2892 159 2967 deinde
180 2898 299 2968 Filius
321 2921 386 2968 sua
407 2900 564 2991 potentia
587 2905 811 2971 servatores
835 2899 929 2969 siout
963 2921 1027 2968 eua
1054 2899 1213 2989 potentia

58 3021 101 3071 cos
115 3012 232 3076 servat
257 3007 375 3076 Pater.
390 3007 432 3075 3¹⁰
453 3008 548 3077 Heca
570 3007 657 3092 tria,
680 3012 722 3076 ut
744 3007 860 3075 Filius
883 3007 932 3075 sit
953 3006 1100 3077 donator
1115 3008 1210 3077 vitae

59 3115 219 3198 emmae,
245 3112 365 3183 fideles
388 3114 462 3183 sint
483 3113 633 3205 populus
656 3114 732 3183 eius
756 3119 791 3183 et
806 3112 981 3204 peculium
1004 3113 1080 3180 eius
1103 3134 1210 3204 aequa

59 3234 88 3285 oo
105 3218 227 3307 Patris,
252 3226 290 3290 et
311 3222 387 3290 eius
409 3220 565 3311 potentie
587 3227 773 3290 servantur
790 3221 883 3290 sicut
898 3219 1055 3310 potentia
1077 3220 1207 3305 Patris,

60 3322 118 3394 ideo
138 3329 347 3400 conveniunt
368 3328 474 3414 Filio,
503 3328 628 3421 aquia,
654 3329 783 3428 inquit,
802 3328 893 3421 quod
915 3328 1012 3396 dedit
1035 3326 1123 3395 mihi
1145 3327 1208 3394 Pa-

60 3433 100 3503 ter
112 3458 212 3525 meus,
229 3437 345 3508 maius
360 3437 517 3507 omnibus
532 3442 611 3507 esto
627 3438 689 3525 (1).
705 3438 778 3507 Hoc
794 3437 906 3529 ipsum
923 3435 1009 3504 alibi
1025 3434 1113 3504 dicit
1127 3433 1209 3503 aliis

114 3704 151 3780 (1)
168 3709 201 3763 1n
215 3723 315 3776 gracco
328 3711 411 3763 textu
424 3706 502 3762 odito
516 3707 635 3773 legitur:
652 3727 664 3755 ιι
676 3708 764 3761 Pater
775 3721 852 3761 meus
866 3706 920 3784 qni
928 3705 1009 3759 dedit
1022 3706 1103 3773 mihi,
1119 3707 1209 3759 maior
1305 3699 1308 3704 ’

61 3797 167 3852 Μίδαι
184 3803 230 3854 est
249 3821 338 3872 πατηρ
358 3819 409 3871 μου
430 3798 457 3861 ὁς
478 3803 568 3852 orions
590 3819 644 3869 μοι,
659 3797 753 3870 μειζων
776 3817 878 3851 παντων
902 3794 989 3850 ἔστι.»
1005 3797 1120 3861 Legunt
1139 3812 1207 3849 vero

64 3886 286 3962 1oooo'cs(pn(os).
300 3889 451 3942 moroso„
466 3887 534 3943 cod.
546 3886 781 3955 Alexandrinus,
803 3887 897 3941 versio
916 3886 1009 3940 letina
1028 3885 1114 3937 etiam
1141 3885 1207 3938 ante

61 3970 248 4046 Hieronymum,
260 3982 417 4033 utconstnt
432 3994 466 4032 ex
480 3978 669 4034 citationibus
680 3979 797 4031 Petrum
810 3981 839 4029 st
852 3975 938 4029 Oodd.
950 3975 1037 4048 (apud
1051 3970 1206 4046 schamat),

62 4065 135 4119 osuio
153 4065 278 4137 Ocptics.
304 4068 338 4121 In
358 4068 482 4121 lectione
502 4082 612 4134 graeca,
635 4069 667 4119 ut
685 4081 761 4119 nunc
779 4068 832 4132 est,
848 4067 1011 4131 argumenti
1029 4065 1119 4118 forma
1131 4069 1208 4118 esset

60 4150 112 4206 ⁸¹1⁸·
126 4157 230 4212 -bono
255 4158 352 4226 rapiet
371 4158 404 4211 de
423 4173 507 4211 mann
529 4172 607 4211 mea:
629 4159 716 4211 Pater
739 4172 817 4209 meus
837 4157 887 4223 qui
907 4155 986 4208 dedit
1005 4156 1096 4222 mihi,
1118 4156 1207 4207 maior

60 4245 166 4301 omnibns
183 4253 237 4302 ost:
261 4253 292 4302 ot
309 4264 391 4303 memo
409 4253 505 4318 potest
519 4264 618 4316 rapere
638 4249 671 4303 do
691 4264 774 4301 mann
794 4247 891 4300 Patris
909 4246 974 4298 mei.
995 4247 1054 4311 logo
1074 4249 1104 4299 et
1121 4246 1207 4297 Pater

59 4344 127 4414 rrum
143 4352 246 4393 sumus.
259 4359 272 4388 s
287 4339 375 4393 Dedit
393 4354 459 4393 oras
478 4339 554 4392 aimo
573 4340 659 4392 Pater
678 4354 765 4405 suns,
787 4337 835 4390 sad
854 4335 933 4389 modo
954 4335 1003 4402 qui
1022 4334 1206 4400 consequitur

58 4434 85 4474 ει
100 4427 230 4485 telamone
249 4430 347 4486 Patris
366 4433 397 4484 st
413 4429 496 4484 rimi:
513 4444 610 4498 equos
630 4429 736 4484 dedisti
757 4429 838 4495 mihi,
861 4429 930 4494 qnia
948 4426 992 4479 tui
1011 4427 1088 4495 sunt:
1104 4427 1133 4475 et
1145 4438 1212 4474 mea
