3172 4950
546 366 584 381 -
607 331 663 394 121
686 364 724 381 -·

47 441 168 510 dietam
191 445 230 509 et
259 445 509 532 cousequenter
539 440 942 510 ansubsantialieetam
973 441 1220 512 distinctorum

47 549 172 618 nullam
195 570 274 618 esse
296 571 398 640 posse
420 548 491 616 nisi
513 548 687 619 divisione
710 556 746 618 et
761 551 1012 641 propagatione
1036 574 1109 636 seu,
1129 551 1220 643 quod

47 657 181 748 perinde
204 663 286 742 est,
312 657 609 749 multiplicatione
632 663 792 728 naturae.
812 659 904 729 Hinc
928 659 985 728 illi
1008 662 1215 750 arguebant,

48 765 255 856 professione
278 788 331 830 roc
352 765 506 852 ὀμοουσιου
528 765 753 836 incidendum
777 790 852 836 esse
874 766 911 835 in
935 767 1148 838 alterutrum
1166 791 1217 837 er·

49 897 175 960 rorem,
203 898 308 968 quem
333 881 520 967 utrumque
543 875 650 945 etiam
673 874 847 944 Catholici
864 876 1142 961 condemnarent,
1162 877 1219 947 vel

50 984 177 1053 sufficet
199 989 344 1054 retente
366 984 503 1054 unitate
526 990 675 1055 naturae
691 985 834 1054 divinae
858 1007 933 1054 esse
956 1009 1034 1057 oum
1051 984 1219 1055 Sabellia-

50 1092 95 1160 nis
114 1092 316 1182 negandam
340 1092 601 1163 distinctionem
624 1094 743 1163 Patris
759 1100 794 1164 et
809 1094 911 1180 Filii,
930 1095 987 1164 vel
1002 1101 1140 1165 retenta
1155 1095 1221 1185 hy-

51 1206 225 1288 postaseon
249 1200 476 1271 distinetione
499 1224 573 1272 esse
597 1202 837 1272 affirmandam
861 1202 1061 1271 scissionem
1074 1203 1220 1273 etmul-

53 1306 302 1395 tiplicationsm
318 1307 467 1377 divinae
482 1315 654 1394 naturae,
679 1314 720 1378 ut
737 1310 867 1379 accidit
883 1310 921 1378 in
937 1311 1220 1401 generationibus

53 1413 216 1483 humanis.
236 1413 297 1483 Ita
311 1416 383 1484 iam
398 1416 712 1505 argumentabatur
721 1416 830 1486 Arius
842 1400 887 1486 iu'
896 1418 1047 1508 epistola
1061 1418 1107 1487 ad
1119 1429 1220 1489 suum

54 1521 255 1615 Episcopum
277 1525 543 1612 Alexandrum,
568 1532 605 1595 et
627 1526 863 1617 ita-deinceps
880 1526 1091 1598 obiiciabant
1105 1528 1220 1597 Euno-

55 1629 131 1700 nins
148 1638 188 1701 et
201 1630 268 1701 alii
292 1632 506 1726 frequenter:
535 1635 597 1703 esi
621 1634 701 1727 quis
726 1635 962 1705 contentiosus
985 1642 1123 1726 urgeat,
1143 1660 1221 1707 con·

56 1738 315 1808 substantialem
336 1762 411 1810 esse
434 1741 568 1811 Filium
591 1742 733 1829 diceus,
759 1760 830 1811 una
854 1749 946 1813 certe
963 1744 1077 1814 deitas
1099 1745 1221 1815 sectio·

57 1866 137 1937 rem·
154 1847 347 1918 admittens
380 1849 419 1919 in
453 1850 661 1920 dualitatem
684 1852 810 1921 evadet
829 1879 846 1914 r
888 1847 1032 1940 (γεγονεν
1058 1848 1098 1924 εἰς
1121 1845 1220 1916 boeda

59 1955 136 2043 apud
160 1953 199 2024 S.
216 1954 347 2045 Cyrill.
364 1957 535 2027 Thesaur.
553 1957 580 2026 l.
594 1958 661 2027 IX.
677 1959 721 2028 Τ.
734 1959 779 2028 V.
793 1959 834 2028 P.
847 1960 878 2029 I.
893 1983 928 2051 p.
947 1959 1033 2045 68.).

110 2061 185 2130 Iam
210 2085 294 2134 vero
316 2064 402 2136 haee
425 2065 675 2157 multiplicatio
700 2066 928 2138 eCetbolicia
950 2090 1110 2138 concessa
1134 2069 1220 2139 fuis·

61 2174 112 2253 set,
136 2171 169 2238 si
191 2170 389 2262 specificam
411 2178 559 2243 naturae
582 2173 755 2243 unitatem
769 2203 773 2209 ⁴
786 2174 823 2242 in
854 2180 967 2244 mente
990 2175 1217 2265 habuissent3

62 2279 123 2343 tum
145 2298 230 2347 vero
252 2279 332 2370 quis
354 2301 423 2347 non
446 2279 544 2349 vide't
555 2331 567 2366 ,
593 2303 696 2372 quam
720 2281 820 2351 facili
842 2282 981 2372 negotio
997 2306 1040 2352 ex
1063 2286 1221 2356 omnibus

63 2381 264 2470 documentis
284 2387 513 2471 resolutionis
536 2393 572 2456 et
600 2389 820 2478 argumentis
850 2390 1138 2460 ineluctabilibus
1168 2415 1220 2462 er·

64 2492 139 2562 roris
162 2494 326 2564 convinci
348 2496 556 2586 potuissent.
575 2495 618 2564 Iu
642 2496 732 2566 hano
755 2496 870 2586 igitur
893 2481 1219 2570 demonstrationem

64 2598 199 2669 maus
222 2606 371 2671 naturae
394 2601 537 2672 divinae
559 2609 674 2673 totum
696 2605 803 2674 robur
834 2605 1085 2695 disputationis
1116 2607 1220 2675 Aria·

64 2704 170 2778 norum
193 2716 319 2779 eontra
341 2709 541 2780 catholicos
563 2710 761 2781 incumbere
786 2711 973 2798 debuisset,
992 2719 1028 2782 et
1051 2713 1141 2783 benc
1156 2714 1220 2783 Pa·

10 2842 12 2917 j
64 2820 122 2884 tres
143 2838 292 2907 negasse
313 2817 352 2885 in
367 2817 518 2888 historia
534 2818 792 2888 controversiae
807 2841 975 2910 apparere
991 2820 1140 2892 deberet.
1155 2823 1219 2892 At-

10 2936 12 2961 ²
65 2925 111 3012 qui
125 2925 306 2994 contraria
322 2925 436 2995 omnia
451 2926 666 2997 acciderunt.
684 2927 769 2995 'Fam
785 2927 959 2997 Catholici
976 2951 1077 3022 quem
1093 2930 1221 3000 Ariani

64 3039 232 3102 manunt
247 3039 290 3103 nt
301 3034 513 3125 principium
530 3057 706 3105 commuue
722 3035 950 3128 etutrimque
965 3036 1217 3125 indubitatum,

63 3135 157 3209 &um
180 3163 259 3210 esse
281 3163 389 3211 unum
412 3148 448 3212 ct
469 3143 614 3234 proinde
639 3148 802 3213 naturam
825 3143 983 3213 divinam
1008 3169 1077 3215 non
1108 3150 1221 3239 specie

62 3248 108 3318 ed
129 3271 276 3318 numero
297 3272 414 3319 unam.
425 3250 475 3320 Et
497 3253 591 3322 siout
613 3252 742 3321 Ariani
759 3274 801 3320 en
819 3251 884 3321 hcc
900 3253 1074 3345 principio
1090 3266 1221 3346 negant

61 3375 167 3427 reram
190 3359 451 3447 generationem
473 3359 563 3429 Filii
585 3382 627 3430 ex
651 3359 852 3430 substantie
874 3361 996 3430 Patris
1019 3370 1055 3432 et
1078 3366 1220 3433 consub-

58 3465 347 3552 stantialitatem,
372 3467 455 3559 quia
478 3467 584 3537 simul
608 3473 792 3537 assumunt
820 3468 950 3536 falsum
981 3470 1217 3565 principium,

57 3573 350 3643 ansubstantiale
372 3562 446 3645 ess'e
467 3598 536 3644 non
551 3598 651 3667 posse
666 3575 735 3644 nisi
751 3575 1043 3667 multiplicatione
1059 3584 1217 3668 naturae,

55 3680 99 3748 its
120 3680 298 3752 Catholici
327 3683 493 3782 primum.
509 3684 751 3754 demonstrant
783 3706 826 3754 ex
856 3685 1071 3756 revelatione
1101 3710 1219 3758 varam

55 3790 309 3877 generationem
324 3796 362 3859 et
376 3811 495 3861 veram
518 3790 740 3861 divinitatem
757 3790 857 3878 Filii,
875 3798 951 3861 tum
967 3816 1050 3864 vero
1065 3816 1220 3890 assump-

54 3901 86 3963 to
105 3895 283 3999 principio
306 3896 456 3967 unitatis
477 3903 625 3968 naturas
651 3920 720 3967 non
742 3898 1025 3990 multiplicabilis
1046 3904 1218 3996 inferunt,

53 4005 308 4093 generationem
334 4011 370 4075 et
393 4006 793 4078 consubstantialitatem
816 4005 853 4076 in
885 4007 1019 4079 divinis
1049 4035 1118 4081 non
1147 4038 1222 4086 esse

54 4114 141 4185 aaut
162 4112 391 4184 inhumanis
412 4135 475 4204 per
498 4115 826 4206 multiplicationem
850 4116 910 4186 sed
940 4139 1002 4208 per
1034 4125 1221 4193 communi·

52 4220 218 4290 cntionem
244 4220 351 4290 unius
373 4242 515 4291 numero
537 4226 684 4291 naturae
699 4243 721 4310 a
736 4223 841 4291 Patre
856 4221 895 4290 in
909 4221 1053 4294 Filium.
1078 4228 1222 4322 «Serip-

50 4336 169 4400 serunt
184 4329 326 4417 (Patres
336 4328 509 4416 Nicaeni),
524 4328 657 4399 Filium
668 4330 768 4400 Patri
783 4352 858 4400 esse
874 4333 1220 4429 consubstantialem,

48 4443 86 4506 ut
106 4437 367 4544 significarent,
383 4435 517 4510 Filium
539 4460 609 4510 non
631 4443 772 4509 tentum
785 4437 945 4511 'similem
968 4441 1028 4512 sed
1040 4442 1220 4519 similitu·
