3172 4950
664 326 702 343 -
724 295 786 357 419
806 327 844 343 -

206 399 344 473 userius
366 399 537 469 essentiae
560 398 761 470 dirimant
775 399 959 469 imitabilis
974 407 1010 469 et
1025 399 1283 491 participabilis
1299 402 1344 471 ad

204 514 285 593 urhe,
309 507 350 577 de
365 528 434 599 quo
456 528 571 576 amore
594 506 764 575 essentiae
787 505 893 596 paulo
916 513 996 575 ante
1020 506 1153 576 dictum
1176 511 1241 594 est;
1261 531 1343 601 qua·

201 624 275 687 esu
294 637 378 684 vero
400 612 642 685 consideratur
673 614 821 704 simplex
852 613 1056 704 approbatio
1079 615 1244 685 bonorum
1267 638 1342 705 pos·

200 722 326 793 sililium
349 724 387 791 in
411 745 446 791 se
471 722 571 812 ipsis,
590 720 641 790 sic
663 727 718 790 est
732 721 851 811 potius
868 720 1063 789 intellectio
1079 744 1183 814 quam
1199 724 1342 793 dilectio

199 828 265 899 loni.
288 828 521 921 Consequitur
543 849 648 918 ergo,
673 827 812 917 proprie
836 826 969 895 dictum
996 848 1145 896 amorem
1168 828 1233 898 Dei
1258 852 1344 920 erga

198 944 349 1009 cosmas
384 936 421 1004 in
453 958 490 1005 se
519 935 607 1027 ipsis
638 934 775 1004 nullum
807 959 880 1005 esse
915 936 1068 1002 absolate
1090 942 1340 1022 neceesarium,

197 1046 329 1140 qumvis
351 1045 401 1114 sit
421 1046 639 1115 necessarius
662 1067 758 1114 arnor
773 1043 941 1113 bonitatis
957 1045 1110 1131 divinae,
1136 1046 1241 1115 etiam
1259 1072 1341 1141 qua·

196 1160 272 1225 tuus
293 1154 338 1223 ed
359 1159 463 1223 extra
484 1153 672 1222 imitabilis
687 1158 723 1222 et
737 1176 800 1244 per
815 1154 983 1243 analogas
1006 1154 1236 1244 perfectiones
1253 1180 1340 1226 com-

196 1261 391 1333 municabilis
414 1261 569 1331 continet
591 1282 785 1351 supremam
808 1260 978 1331 rationem
1001 1262 1112 1330 omnis
1130 1263 1210 1331 boni
1232 1266 1341 1354 possi-

197 1368 265 1439 slis.
287 1370 383 1440 Haec
398 1368 512 1459 igitur
536 1370 708 1459 posterior
724 1391 792 1438 non
808 1375 923 1438 eutem
940 1369 1081 1438 dilectio
1098 1377 1339 1441 creaturarum

195 1476 386 1567 possibilium
409 1476 565 1567 pertinet
587 1476 632 1545 ad
655 1476 887 1563 dilectionem,
920 1499 989 1570 qua
1011 1477 1219 1568 exprimitur
1243 1500 1339 1548 amor

195 1583 417 1654 uiutrinseca
439 1582 636 1653 necessaria
658 1583 870 1672 perfectione
893 1584 1091 1674 procedens,
1112 1585 1172 1677 qui
1188 1592 1243 1656 eet
1259 1585 1338 1677 Spi-

195 1688 262 1761 ritus
282 1691 445 1762 Sanotus.
471 1690 560 1761 Vide
585 1690 714 1759 Suerez
738 1689 896 1761 l.X1.c.
918 1691 951 1758 2.
978 1692 1024 1760 of.
1051 1691 1142 1761 Ruia
1169 1692 1259 1782 disp.
1280 1693 1337 1760 63.

240 1905 301 1978 ΙΠ.
331 1906 499 1999 Sequitur
522 1907 705 1999 quaestio,
733 1913 851 1976 utrum
877 1913 913 1976 et
938 1931 1006 2000 quo
1029 1931 1133 1977 seusu
1159 1909 1264 1979 Pater
1287 1910 1338 1981 in·

188 2012 309 2106 -telligst
323 2015 451 2101 Verbo,
469 2021 505 2085 et
519 2018 616 2085 ambo
633 2016 788 2106 diligent
804 2017 944 2108 Spiritu
961 2018 1101 2088 Sancto.
1188 2056 1193 2063 ‚

240 2122 295 2195 SS.
320 2125 446 2194 Patres
469 2130 544 2194 tum
560 2125 678 2215 graeci
694 2133 769 2195 tum
784 2126 829 2195 ad
844 2148 961 2194 eorum
978 2126 1209 2196 imitationem
1232 2128 1338 2197 latini

189 2228 387 2323 disputantes
410 2233 579 2303 adversus
603 2234 755 2303 Arianos
771 2234 1052 2327 frequentissime
1068 2235 1253 2321 affirmant,
1271 2238 1336 2306 Pa-

195 2342 256 2410 hcu
277 2343 352 2412 sine
375 2342 490 2412 Verbo
513 2344 588 2413 fore
610 2348 786 2432 expertem
811 2342 1069 2433 intelligentiae
1094 2350 1130 2413 et
1144 2345 1337 2435 sapientiae

196 2436 299 2539 (a'icya
334 2474 385 2513 και
418 2449 526 2543 alroppa
539 2444 565 2541 ).
608 2449 702 2540 Lege
732 2453 878 2520 Petrum
910 2451 1103 2521 sententiae
1128 2452 1222 2541 apud
1246 2453 1337 2521 Ruiz

193 2550 257 2649 disp.
274 2560 329 2629 74.
349 2564 434 2629 sect.
452 2560 486 2647 4,
506 2560 629 2629 Petav.
648 2560 674 2628 1.
697 2560 757 2630 VI.
777 2584 806 2629 o.
826 2560 859 2629 9.
889 2560 945 2628 Ex
968 2560 1014 2628 iis
1038 2559 1074 2627 S.
1096 2559 1245 2629 Thomas
1268 2583 1337 2629 nou

192 2678 240 2731 uno
257 2666 292 2735 in
315 2666 391 2735 loco
413 2665 554 2736 eandem
578 2666 771 2735 doctrinam
793 2666 907 2736 tradit
928 2673 964 2736 et
987 2666 1153 2756 explicat.
1167 2728 1171 2735 ,
1186 2697 1202 2730 u
1226 2668 1335 2737 Aliud

191 2772 375 2857 motionis
397 2796 508 2864 genus
531 2778 684 2864 (praeter
700 2774 934 2864 operationem
957 2774 1001 2843 ad
1019 2779 1134 2860 extre)
1146 2775 1218 2844 Deo
1233 2776 1336 2844 attri·
1377 2811 1380 2815 ’

191 2868 312 2967 Mnus,
338 2880 376 2948 in
400 2889 569 2973 quantum
592 2882 707 2971 ipsum
733 2882 983 2972 intellipentem
1007 2899 1039 2949 et
1061 2885 1226 2952 colentem
1249 2884 1333 2954 dict

190 3000 259 3069 nus,
283 2988 320 3057 in
345 3011 413 3080 quo
436 2989 550 3079 ipsine
572 2990 741 3079 perfectio
764 2990 1011 3079 significatur,
1037 3015 1104 3061 uon
1128 2993 1221 3062 enim
1244 3000 1336 3063 esset

189 3094 349 3181 ltrfectus,
368 3096 438 3163 uisi
461 3103 553 3165 esset
576 3094 781 3186 intelligens
804 3104 841 3166 et
862 3098 983 3167 voleus
1007 3104 1101 3185 actu,
1128 3101 1258 3181 atinde
1282 3107 1335 3170 est

189 3202 255 3287 qlod
275 3204 479 3273 confitemur
502 3227 579 3273 eum
604 3204 822 3274 viventem...
841 3204 1018 3274 secandam
1042 3208 1101 3275 froc
1125 3211 1336 3299 operationis

189 3328 269 3393 §aas
289 3311 435 3379 dicimus
459 3315 496 3378 s'a
520 3311 651 3380 divinis
669 3317 914 3403 processionem
940 3317 1040 3383 Verbi
1069 3332 1099 3384 et
1125 3320 1274 3400 amoris,
1299 3324 1335 3388 et

189 3408 253 3487 laec
272 3423 324 3488 est
345 3418 519 3510 processio
542 3441 708 3509 personae
731 3420 818 3489 Filii
833 3444 855 3489 a
869 3423 992 3507 Patre,
1019 3424 1080 3515 qni
1103 3431 1158 3493 est
1180 3425 1333 3493 Verbum

190 3514 294 3609 insius,
319 3532 356 3595 et
378 3523 535 3615 Spiritus
558 3524 681 3597 Sancti
704 3526 765 3619 qui
787 3533 843 3595 est
874 3548 970 3597 amor
1004 3529 1079 3598 eius
1102 3535 1138 3598 et
1160 3531 1332 3619 spiramen

190 3624 271 3701 vitae.
295 3634 394 3704 Unde
423 3633 645 3703 Athanasius
676 3636 712 3703 in
737 3637 885 3727 quodam
908 3659 1064 3705 sermone
1095 3637 1206 3720 dicit,
1241 3638 1332 3729 quod

191 3728 290 3809 dumi
310 3744 476 3834 ponentes
498 3742 629 3811 Filium
642 3750 678 3811 et
694 3742 866 3834 Spiritum
884 3744 1051 3812 Sanctum
1067 3766 1135 3812 uon
1151 3766 1224 3814 esse
1241 3768 1331 3815 coes·

191 3845 326 3918 antistes
347 3849 460 3936 Patri,
485 3875 547 3941 per
565 3875 765 3943 consequens
780 3851 986 3919 videbant-ar
1010 3850 1119 3920 aiem
1143 3852 1250 3920 Deam
1265 3880 1333 3922 noa

192 3946 323 4021 rietatem
336 3971 368 4023 et
386 3958 636 4048 intelliqeatem
653 3956 710 4025 sed
723 3975 892 4026 mortuam
910 3975 941 4026 et
956 3963 1031 4027 siae
1045 3976 1153 4029 meare
1170 3989 1187 4023 n
1203 3962 1239 4032 S.
1262 3963 1328 4033 Th.

192 4046 360 4134 &Patent
379 4091 414 4157 q.
433 4064 487 4133 10.
507 4086 539 4133 a.
560 4065 592 4135 1.
615 4097 631 4130 a
648 4068 763 4151 Patet,
784 4068 874 4159 quod
898 4091 966 4136 uon
989 4076 1107 4158 posset
1129 4092 1203 4139 esse
1226 4072 1331 4141 Pater

192 4164 338 4243 artatus
359 4172 431 4242 uisi
453 4173 586 4242 Filium
609 4174 776 4259 haberet,
812 4176 895 4267 quia
925 4198 987 4245 neo
1010 4177 1116 4246 Pater
1139 4177 1214 4246 siue
1236 4177 1331 4246 Filio

193 4277 277 4363 Μὴ
290 4302 351 4351 neo
365 4287 458 4351 esset
473 4282 568 4351 Deus
583 4283 774 4373 perfectus,
792 4283 863 4353 uisi
878 4284 1022 4354 haberet
1044 4284 1196 4354 Verbum
1212 4290 1248 4353 et
1262 4285 1332 4354 nisi
1405 4376 1408 4383 Ι

193 4360 305 4456 hura
333 4389 507 4481 spiramen
530 4389 647 4473 vitae,
674 4390 767 4459 sieut
788 4391 1008 4463 Athanasius
1039 4391 1127 4461 dicit
1156 4398 1268 4460 eta...
1293 4391 1332 4461 iu
