3172 4950
858 125 896 139 ..
919 90 975 153 124
998 122 1036 139 ..

368 212 449 283 dum
472 208 629 277 disemo
651 198 953 269 manifestationes
975 204 1012 267 et
1034 197 1253 289 operationes
1282 196 1329 265 ad
1356 214 1478 282 estro,
1502 204 1537 267 et

366 320 506 393 melem
529 305 745 401 hypostasim
768 306 886 375 aiebat
908 307 1057 396 gessisse
1079 312 1260 397 personam
1275 306 1396 376 Patris
1419 308 1457 373 in
1480 328 1535 376 rc·

368 430 436 499 teri
459 420 691 499 Testamento,
717 432 899 503 personam
922 413 1009 481 Filii
1025 414 1062 482 in
1080 412 1337 499 Incarnatione,
1356 435 1537 505 personam

367 534 520 627 Spiritus
535 523 656 593 Sancti
673 522 711 590 in
727 522 1003 590 sanctificatione
1019 527 1057 591 et
1074 522 1325 611 gubernatione
1341 522 1533 592 Ecclesiae.

365 648 494 715 u'uatrs
518 655 600 703 uero
624 631 747 698 Patres
771 628 1015 714 occidentales,
1043 630 1104 721 qui
1127 630 1295 698 ὑποπασιν
1311 631 1425 701 latine
1449 632 1537 701 dice·

368 760 447 819 imss
464 742 703 821 substantiam,
718 743 754 806 et
769 736 986 806 consentiens
1003 739 1143 807 cumeis
1160 740 1330 809 Paulinus
1346 740 1440 809 alter
1455 738 1537 832 Epi·

366 878 490 949 Μαι
521 847 763 917 Antiochenus
794 845 1084 931 considerabant,
1118 848 1209 939 quod
1240 848 1354 918 deitas
1383 856 1441 918 est
1470 870 1538 917 una

366 956 558 1053 augularis
589 954 821 1023 determinata
843 976 911 1020 non
928 953 1211 1045 multiplicabilis
1227 956 1391 1042 essentia,
1411 963 1449 1026 et
1462 957 1537 1027 ideo

366 1074 409 1143 sd
434 1070 521 1137 huuo
538 1060 825 1152 singularitatem
841 1061 1100 1152 exprimendam
1118 1063 1343 1153 appellabant
1359 1089 1464 1130 unam
1481 1066 1536 1154 ly-

367 1174 528 1265 petrusim
551 1192 612 1239 seu
636 1167 894 1255 substantiam,
920 1175 993 1238 tres
1016 1177 1133 1240 autem
1158 1171 1251 1241 inter
1284 1194 1320 1240 se
1353 1172 1538 1243 distinctos

367 1278 590 1355 ucssuuinubant
607 1299 772 1366 personas
793 1299 862 1344 non
887 1300 990 1346 sensu
1007 1276 1206 1347 Sabelliano
1223 1279 1282 1348 sed
1298 1279 1417 1349 eodem
1433 1280 1536 1347 omni·

366 1416 435 1469 uus,
461 1406 529 1479 quo
553 1382 740 1453 orientales
765 1383 927 1453 dicebant
949 1392 1022 1454 tres
1046 1384 1266 1476 hypostases.
1286 1386 1380 1456 Hinc
1404 1387 1536 1455 factum

365 1508 430 1575 eu.
456 1501 497 1565 ut
520 1492 577 1562 illi
600 1491 745 1581 priores,
772 1515 849 1560 oum
866 1492 1031 1562 audirent
1054 1516 1158 1562 unam
1183 1494 1405 1585 hypostasim
1421 1500 1537 1564 ettres

368 1623 550 1701 personas,
577 1599 840 1689 suspicarentur
865 1600 1183 1687 sabellianismum,
1209 1603 1421 1693 posteriores
1444 1626 1536 1687 vero,

366 1712 503 1811 rpsrsuudo
526 1708 795 1777 nominabantur
818 1717 891 1778 tres
914 1709 1138 1801 hypostases,
1155 1711 1320 1780 timerent
1343 1710 1537 1802 periculum

366 1817 584 1901 Arianismi,
610 1815 701 1908 quod
725 1815 862 1886 scilicet
884 1825 1153 1888 numerarentur
1169 1824 1244 1888 tres
1260 1824 1409 1888 naturae
1425 1818 1536 1888 diver·

367 1956 437 2015 susc,
464 1928 520 1997 vel
544 1927 735 1997 tritbeismi
759 1948 799 1993 ex
824 1949 966 1995 numero
989 1927 1097 1996 trium
1115 1927 1314 1997 divinarum
1330 1937 1537 1999 naturarum

366 2035 576 2129 sospitalium.
605 2064 621 2096 u
635 2033 705 2101 Res
727 2033 882 2124 profecto
906 2032 1065 2118 ridenda,
1083 2032 1136 2101 ait
1158 2034 1352 2124 Gregorius
1366 2033 1538 2121 Naz.,vel

370 2142 486 2237 potius
509 2140 690 2230 lugenda3
717 2139 799 2208 fidei
830 2139 1017 2208 videbatur
1043 2139 1253 2225 diversitas,
1280 2164 1368 2234 quae
1397 2149 1476 2212 erat
1498 2142 1538 2211 de

368 2274 450 2319 sunno
474 2249 571 2319 vocis
594 2247 790 2317 altercatio.
815 2248 908 2317 Hinc
932 2247 1056 2318 deinde
1080 2247 1371 2319 Sabellianismus
1403 2251 1446 2320 ob
1466 2257 1538 2321 tres

370 2378 531 2449 personas
554 2355 765 2445 exprobetus
788 2360 865 2438 est,
892 2361 929 2423 et
950 2354 1175 2425 Arianismus
1206 2357 1248 2425 ob
1276 2363 1349 2426 tros
1372 2358 1539 2449 hyposta-

369 2478 444 2550 tes,
471 2485 558 2555 quae
581 2470 683 2532 erant
699 2463 865 2553 figmenta
880 2486 921 2531 ex
938 2463 1045 2531 nimio
1061 2464 1179 2533 studio
1195 2464 1403 2556 disputandi
1419 2494 1436 2527 n
1454 2465 1538 2535 cre

369 2596 444 2663 gor.
460 2572 546 2641 Nan.
563 2595 613 2640 or.
628 2572 685 2639 21.
700 2594 736 2639 n.
751 2570 808 2639 35.
836 2572 943 2639 Porro
966 2594 1034 2639 non
1058 2572 1099 2641 de
1123 2572 1283 2662 dogmate
1307 2572 1367 2642 sed
1390 2573 1434 2642 de
1456 2572 1539 2642 solis

371 2680 513 2751 vocibus
535 2680 807 2771 disputationem
831 2679 954 2764 fuisse,
979 2679 1200 2748 Athanasius
1223 2681 1309 2770 ipsis
1332 2681 1538 2751 contenden-

370 2788 465 2857 tibus
488 2788 711 2856 manifestum
736 2786 888 2855 reddidit
912 2785 977 2855 hac
1001 2786 1147 2856 ratione.
1167 2787 1323 2856 Primum
1345 2788 1538 2878 interroga·

370 2896 428 2965 vit
448 2895 558 2963 trium
582 2893 826 2985 hypostasium
843 2901 1047 2977 assertores,
1066 2915 1147 2961 num
1163 2893 1319 2964 dicerent
1334 2894 1539 2984 hypostases

369 3004 529 3073 diversae
551 3002 721 3072 essentiae
745 3001 838 3072 sicut
861 3007 916 3069 est
938 3022 1085 3085 aurum,
1108 3008 1315 3092 argentum,
1341 3024 1427 3087 aes,
1453 3024 1538 3095 quae

368 3118 446 3179 crat
468 3111 549 3179 Arii
573 3110 765 3197 sententia;
792 3131 838 3177 an
861 3132 943 3178 vero
966 3108 1124 3180 dicerent
1139 3109 1346 3202 hypostases
1361 3117 1538 3201 separatas

371 3220 463 3289 sicut
486 3220 522 3287 in
547 3218 745 3287 bominibus
767 3225 851 3287 sunt
876 3218 1084 3309 hypostases
1108 3202 1291 3310 parentum
1314 3225 1350 3288 et
1372 3218 1535 3302 filiorum,

370 3334 475 3419 atque
490 3328 542 3397 ita
560 3358 577 3391 a
588 3326 660 3396 tria
676 3325 853 3417 principia
868 3333 904 3395 et
919 3334 992 3395 tres
1015 3328 1106 3396 Deos
1129 3334 1297 3418 putarent
1308 3355 1338 3395 n.
1367 3326 1433 3395 Illi
1459 3348 1538 3397 vero

370 3438 647 3529 responderunt,
674 3460 710 3505 se
732 3442 805 3505 tres
827 3436 942 3506 dicere
965 3435 1184 3527 hypostases,
1211 3437 1376 3530 quianon
1392 3436 1466 3505 solo
1483 3458 1536 3504 no

371 3546 461 3616 mine
484 3546 544 3615 sed
568 3568 605 3615 re
629 3546 706 3637 ipsa
729 3552 802 3614 tres
826 3551 910 3614 sunt
941 3545 1122 3633 distincti;
1156 3576 1172 3609 u
1189 3567 1252 3615 nec
1278 3551 1393 3613 tamen
1425 3567 1461 3613 se
1489 3543 1537 3614 di·

370 3654 475 3740 risse,
501 3654 637 3723 sistunt
660 3702 668 3739 ,
694 3662 767 3723 tres
790 3654 880 3723 Deos
903 3662 967 3724 aut
989 3655 1064 3724 tris
1089 3655 1286 3747 principia,
1319 3676 1382 3724 nec
1405 3653 1537 3722 omnino

369 3782 438 3845 cos,
456 3757 587 3853 quiite
609 3758 766 3829 dicerent
789 3761 1024 3847 seutireutvo,
1049 3762 1212 3845 tolerare,
1238 3761 1297 3830 sed
1320 3784 1362 3834 ss
1385 3767 1536 3831 sanctam

369 3866 506 3961 quidem
544 3864 757 3937 'trinitatem
791 3888 1002 3958 agnoscere,
1036 3888 1142 3937 uuam
1172 3875 1288 3937 tamen
1319 3866 1484 3937 deitatem
1506 3870 1538 3935 et

371 3994 475 4047 uuuru
502 3972 710 4065 prluulpiuur
735 3975 927 4045 etlilium
957 3976 1057 4046 Patri
1089 3974 1417 4046 consubstantialem
1431 4002 1448 4037 n
1473 3979 1536 4045 etc.

370 4080 459 4153 urin·
485 4082 694 4171 interrogati
718 4082 805 4171 alii,
831 4108 914 4155 num
938 4106 1042 4155 unam
1066 4084 1284 4177 hypostasim
1306 4083 1464 4153 dicerent
1485 4105 1538 4152 ne·

372 4200 496 4281 gaulos
519 4212 595 4261 curru
620 4190 773 4265 tlebollio
796 4202 869 4265 tras
891 4216 965 4265 esse
987 4194 1131 4267 rediter
1153 4193 1357 4279 distinctos,
1383 4192 1537 4273 Putrem,
