3172 4950
714 354 753 370 ..
774 322 815 384 20
834 355 872 368 -

103 469 106 475 ·
206 456 275 526 qua
296 434 424 525 pendet
445 432 598 502 efficacia
612 438 648 501 et
662 427 895 500 sanctificatio
911 426 1086 519 baptismi,
1104 449 1182 497 eum
1199 422 1384 516 adsignifi-

206 541 340 611 catione
363 534 505 611 divinae
529 538 735 623 maiestatis,
755 538 812 607 cui
827 537 864 604 in
880 535 1051 627 baptismo
1067 535 1291 620 devovemur3
1307 532 1383 603 sive

204 649 324 717 ordine
348 649 488 718 inverso
511 647 690 736 significet
713 647 845 716 directe
875 643 1183 735 transcriptionem
1204 647 1242 712 et
1265 662 1382 713 conss·

205 756 394 824 orationem
419 758 456 821 in
479 757 614 821 nomine
637 755 703 821 Dei
727 755 791 822 sub
814 752 1034 821 invocatione
1065 756 1101 820 et
1123 774 1184 842 psr
1208 751 1383 820 virtutem

203 863 352 931 nominis
375 863 550 946 eiusdem,
576 866 762 953 utrumque
778 861 816 928 in
839 861 930 929 idem
952 859 1090 930 recidit.
1105 858 1266 930 Nominis
1288 858 1382 927 enim

205 971 352 1055 unitate,
373 969 464 1061 quod
480 990 656 1039 commune
678 975 732 1037 est
753 969 868 1038 tribus
884 967 1076 1053 distinctis,
1095 968 1296 1037 continetur
1310 987 1382 1034 una

203 1078 397 1148 auctoritas
419 1077 540 1162 trium,
559 1098 579 1144 a
603 1097 673 1168 qua
695 1083 750 1145 est
765 1076 881 1145 virtus
897 1080 933 1144 et
948 1075 1180 1144 sanctificatio
1198 1074 1379 1165 baptismi,

203 1191 241 1255 et
263 1206 333 1254 una
355 1186 541 1269 maiestas,
567 1184 625 1254 eui
648 1188 688 1252 ut
710 1205 793 1254 vero
815 1183 888 1252 Deo
910 1205 952 1251 ac
974 1182 1079 1268 fidei,
1102 1183 1199 1272 spei,
1225 1181 1381 1250 charita·

202 1293 251 1363 tis
274 1298 310 1363 et
333 1293 451 1363 cultus
473 1292 602 1362 latriae
618 1291 751 1360 obiecto
765 1313 1018 1360 consecramur.
1039 1290 1222 1373 «Quorum
1238 1311 1312 1359 una
1328 1290 1380 1359 di·

203 1401 347 1484 vinitas,
370 1422 440 1469 una
462 1401 619 1490 largitio,
638 1422 827 1492 nomenque
850 1399 1050 1483 Trinitatis,
1070 1421 1160 1466 unus
1175 1399 1272 1467 Deus
1288 1403 1377 1468 ests

204 1507 240 1577 S.
258 1508 463 1597 Hieronym.
479 1508 516 1575 in
533 1508 599 1576 Mt.
614 1506 786 1575 XXVIII.
798 1506 840 1574 19
857 1511 907 1593 (et
922 1505 959 1572 in
976 1505 1212 1574 additamento
1227 1505 1274 1574 ed
1290 1527 1380 1575 com·

201 1624 348 1685 mentar.
368 1615 405 1685 S.
419 1614 552 1683 Hilarii
574 1613 787 1704 transcripto
810 1636 852 1682 ex
876 1612 1116 1702 Hieronymo).
1144 1613 1218 1680 «In
1240 1613 1380 1683 nomine

201 1723 319 1792 Patris
342 1726 378 1791 et
399 1722 487 1790 Filii
510 1726 546 1790 et
569 1720 726 1811 Spiritus
743 1720 875 1789 Sancti.
892 1720 979 1788 Tres
994 1740 1159 1810 personas
1175 1720 1317 1812 quidem
1332 1720 1379 1790 si·

202 1830 410 1919 gnificavit,
436 1826 496 1898 sed
520 1852 626 1898 unum
651 1827 842 1897 Trinitatis
865 1849 987 1896 nomen
1010 1827 1175 1897 asseruit:
1202 1851 1295 1897 unus
1311 1828 1379 1898 ita·

201 1959 268 2029 que
290 1937 407 2021 Deus,
433 1959 540 2005 unum
564 1958 698 2020 nomen,
724 1956 795 2003 una
817 1936 1013 2004 maiestas»
1039 1935 1199 2005 Ambros.
1223 1936 1376 2007 doinst.

202 2043 296 2132 virg.
309 2067 338 2112 c.
355 2042 410 2111 10.
425 2067 460 2110 n.
476 2042 531 2111 67.
547 2042 603 2110 68.
625 2041 698 2109 «In
713 2040 850 2110 nomina
865 2041 984 2110 Patris
1000 2046 1036 2110 et
1055 2042 1142 2110 Filii
1165 2048 1202 2111 et
1217 2042 1379 2134 SpirItus

202 2150 335 2218 Sancti.
350 2150 423 2218 Ista
439 2172 530 2218 unus
545 2150 641 2219 Deus
657 2154 723 2233 est,
740 2149 822 2240 quia
846 2171 914 2217 non
932 2149 971 2216 in
986 2149 1182 2219 nominibus
1204 2151 1325 2221 Patris
1342 2157 1380 2222 et

201 2255 288 2324 Filii
311 2260 348 2325 et
371 2256 528 2347 Spiritus
552 2255 698 2342 Sancti,
723 2255 783 2325 sed
806 2256 844 2323 in
867 2254 1003 2324 nomine
1026 2256 1144 2324 Patris
1171 2261 1208 2327 et
1229 2256 1320 2327 Filii
1342 2265 1380 2328 et

202 2364 357 2455 Spiritus
373 2364 508 2434 Sancti.
522 2364 592 2433 Ubi
609 2388 716 2433 unum
732 2386 853 2432 nomen
868 2363 982 2448 audis,
1001 2386 1092 2432 unus
1106 2370 1161 2434 est
1171 2364 1286 2434 Deus»
1306 2372 1375 2437 etc.

200 2470 295 2561 Aug.
307 2472 344 2539 in
356 2472 408 2541 Io.
419 2477 524 2542 tract.
535 2471 599 2541 VI.
611 2497 646 2540 ιι.
656 2471 689 2538 9.
700 2471 789 2542 Vide
801 2470 974 2540 Athenas.
989 2471 1034 2539 ad
1047 2471 1225 2563 Serapion.
1238 2494 1292 2562 ep.
1303 2473 1375 2545 HI.

200 2579 273 2649 ιι.6
296 2584 332 2648 et
354 2578 461 2666 alibi3
491 2579 658 2649 Nazianz.
682 2602 733 2647 or.
759 2578 892 2648 XXXI.
920 2601 955 2646 n.
974 2578 1038 2667 28;
1064 2579 1287 2669 Amphiloch.
1318 2605 1373 2672 ep.

201 2686 324 2776 synod.
351 2686 529 2773 (Galland.
550 2686 614 2755 VI.
637 2711 672 2777 p.
687 2686 788 2774 489);
816 2687 963 2776 Gregor.
988 2685 1079 2776 Nys.
1102 2709 1155 2776 ep.
1173 2687 1224 2755 H.
1242 2688 1287 2756 ad
1307 2688 1377 2759 Se-

201 2795 332 2863 basten.
345 2795 406 2882 (ib.
425 2819 460 2885 p.
480 2794 558 2862 606.
577 2794 670 2891 scip
689 2793 895 2863 Theodoret.
915 2794 1047 2863 haeret.
1069 2794 1179 2862 fabul.
1196 2794 1271 2863 l.V.
1288 2803 1322 2878 5.
1339 2798 1373 2884 33

200 2901 316 2968 Hilar.
332 2901 432 2969 Frin.
447 2901 473 2970 l.
488 2902 537 2970 Π.
556 2925 591 2970 n.
608 2901 640 2989 13
655 2902 815 2970 Ambros.
834 2900 876 2970 de
889 2901 1029 2992 Spiritu
1042 2901 1169 2972 Sancto
1183 2901 1208 2971 l.
1225 2902 1275 2971 Π.
1291 2928 1323 2974 e.
1338 2907 1373 2975 8.

201 3031 236 3076 n.
248 3007 303 3075 71.
319 3008 382 3094 (l).

267 3114 404 3184 Eximie
428 3115 654 3184 confirmatur
681 3114 765 3185 haec
788 3116 919 3202 unitas,
945 3117 1049 3210 quod,
1075 3117 1135 3185 ubi
1157 3140 1226 3188 non
1249 3116 1376 3191 distin·

201 3228 258 3291 cta
282 3222 452 3312 professio
476 3222 557 3290 fidei
580 3221 718 3312 etipsa
742 3223 854 3292 forma
870 3245 891 3291 a
906 3223 1047 3293 Christo
1070 3223 1237 3294 instituta
1258 3229 1377 3318 expri-

201 3329 324 3398 menda
341 3334 419 3398 erat
435 3329 494 3398 sed
510 3333 649 3397 tantum
672 3352 729 3398 res
752 3329 977 3399 auctoritatis
1000 3335 1036 3398 et
1059 3330 1263 3401 divinitatis
1286 3334 1377 3404 desi·

202 3438 354 3526 grands,
381 3459 402 3505 a
425 3458 494 3530 qua
517 3444 553 3507 et
575 3437 613 3506 in
637 3458 739 3529 quam
763 3460 1015 3523 consecramur,
1041 3459 1112 3507 una
1135 3444 1377 3512 tantummodo

270 3624 312 3702 (1)
331 3630 426 3695 Longe
446 3628 591 3682 diuersum
610 3633 663 3695 ast,
685 3628 760 3696 quod
773 3629 983 3684 contendebant
1001 3630 1069 3684 novi
1082 3630 1241 3685 SabsIIIeni
1254 3633 1376 3690 Neocae-

201 3735 347 3773 satcenses
367 3736 383 3773 a
401 3721 429 3774 S.
450 3721 560 3774 Besili0
579 3719 721 3773 confutati
740 3735 784 3787 ep.
797 3722 859 3774 210.
875 3721 954 3786 Quod
976 3721 1082 3775 dlcitur
1094 3722 1127 3774 ia
1149 3723 1263 3775 nomiae
1275 3729 1305 3778 et
1317 3743 1374 3782 nou

200 3811 232 3863 in
251 3811 424 3878 nomisibus,
444 3811 511 3864 inda
524 3812 572 3864 illl
586 3810 800 3879 concludebant,
822 3813 1044 3880 appellationem
1058 3813 1143 3865 Pater
1152 3828 1201 3866 ssu
1214 3815 1311 3868 Filius
1325 3832 1374 3872 seu

199 3899 322 3967 Spiritus
343 3904 462 3955 Sanctus
485 3917 547 3955 esse
565 3916 652 3954 unum
672 3915 771 3953 nornen
800 3901 957 3968 designans
981 3918 1065 3956 unam
1085 3902 1258 3971 eandemque
1278 3922 1374 3973 perso·

201 4004 275 4042 nam.
295 3990 459 4058 Respondet
470 3990 608 4044 Basilius:
636 3989 755 4043 «Patris
769 3994 799 4043 et
811 3991 884 4045 Filii
897 3997 926 4046 et
939 3992 1066 4060 SpirItus
1079 3991 1179 4046 Sancti
1194 3997 1300 4050 natura
1313 3998 1375 4065 qui-

201 4078 263 4131 dem
281 4078 377 4133 eadem
397 4083 427 4133 at
444 4080 586 4134 divinltas
606 4094 681 4146 una,
707 4080 822 4134 nomina
842 4097 908 4136 varo
927 4081 1009 4157 (baec
1027 4077 1165 4155 relatIva)
1185 4082 1301 4140 diversa
1319 4088 1374 4143 cir-

200 4169 386 4237 cumscriptas
404 4173 433 4222 et
453 4169 607 4223 distinctas
626 4171 759 4226 notiones
784 4172 867 4226 nobis
887 4173 1057 4226 exhibent...
1072 4174 1162 4227 Probe
1189 4175 1263 4228 euim
1283 4179 1374 4233 scisu-

200 4257 264 4310 dnm
284 4261 338 4323 est,
359 4257 589 4325 quamadmodum
609 4259 659 4327 qui
679 4260 822 4314 essentiae
840 4262 1063 4316 communtanem
1083 4278 1139 4316 non
1159 4265 1319 4334 confltetur,
1341 4268 1373 4322 in

200 4347 423 4413 polythsismum
442 4348 561 4415 incidit,
581 4350 625 4403 ita
643 4349 673 4402 in
693 4351 868 4405 Iudaismum
888 4352 1003 4421 delerrI,
1026 4353 1076 4422 qul
1094 4355 1300 4424 proprietatem
1319 4358 1372 4427 by·

199 4439 350 4502 postaseon
369 4452 426 4492 non
445 4437 598 4492 admittit»
613 4440 704 4493 Basil.
718 4439 759 4493 ib.
771 4456 800 4494 n.
812 4440 868 4494 3-5.
