<?xml version="1.0" encoding="UTF-8"?>
<!DOCTYPE html PUBLIC "-//W3C//DTD XHTML 1.0 Transitional//EN"
    "http://www.w3.org/TR/xhtml1/DTD/xhtml1-transitional.dtd">
<html xmlns="http://www.w3.org/1999/xhtml" xml:lang="en" lang="en">
 <head>
  <title>
</title>
<meta http-equiv="Content-Type" content="text/html;charset=utf-8" />
  <meta name='ocr-system' content='tesseract 3.04.00' />
  <meta name='ocr-capabilities' content='ocr_page ocr_carea ocr_par ocr_line ocrx_word'/>
</head>
<body>
  <div class='ocr_page' id='page_1' title='image "./tractatusdedeot00frangoog/tractatusdedeot00frangoog_0355.png"; bbox 0 0 3172 4950; ppageno 0'>
   <div class='ocr_carea' id='block_1_1' title="bbox 206 304 1348 2870">
    <p class='ocr_par' dir='ltr' id='par_1_1' title="bbox 206 304 1348 2870">
     <span class='ocr_line' id='line_1_1' title="bbox 706 304 884 365; baseline 0.006 -15"><span class='ocrx_word' id='word_1_1' title='bbox 706 335 743 350; x_wconf 94' lang='lat'>..</span> <span class='ocrx_word' id='word_1_2' title='bbox 765 304 825 365; x_wconf 75' lang='lat'>344</span> <span class='ocrx_word' id='word_1_3' title='bbox 846 336 884 351; x_wconf 89' lang='lat'>-</span> 
     </span>
     <span class='ocr_line' id='line_1_2' title="bbox 206 407 1336 500; baseline -0.004 -19"><span class='ocrx_word' id='word_1_4' title='bbox 206 417 243 481; x_wconf 81' lang='lat' dir='ltr'>st</span> <span class='ocrx_word' id='word_1_5' title='bbox 257 411 397 500; x_wconf 84' lang='lat' dir='ltr'>integra</span> <span class='ocrx_word' id='word_1_6' title='bbox 411 409 662 498; x_wconf 79' lang='lat' dir='ltr'>intelligitur</span> <span class='ocrx_word' id='word_1_7' title='bbox 647 435 684 475; x_wconf 79' lang='lat' dir='ltr'>sn</span> <span class='ocrx_word' id='word_1_8' title='bbox 707 433 742 476; x_wconf 87' lang='lat' dir='ltr'>ss</span> <span class='ocrx_word' id='word_1_9' title='bbox 755 409 936 476; x_wconf 70' lang='lat' dir='ltr'>subsistere</span> <span class='ocrx_word' id='word_1_10' title='bbox 950 430 1025 493; x_wconf 84' lang='lat' dir='ltr'>seu,</span> <span class='ocrx_word' id='word_1_11' title='bbox 1045 408 1138 500; x_wconf 84' lang='lat' dir='ltr'>qnod</span> <span class='ocrx_word' id='word_1_12' title='bbox 1152 407 1282 498; x_wconf 78' lang='lat' dir='ltr'>perinde</span> <span class='ocrx_word' id='word_1_13' title='bbox 1291 414 1336 494; x_wconf 65' lang='lat' dir='ltr'>su,</span> 
     </span>
     <span class='ocr_line' id='line_1_3' title="bbox 208 515 1339 608; baseline -0.001 -21"><span class='ocrx_word' id='word_1_14' title='bbox 208 518 425 608; x_wconf 79' lang='lat' dir='ltr'>intelligitur</span> <span class='ocrx_word' id='word_1_15' title='bbox 436 540 511 587; x_wconf 88' lang='lat' dir='ltr'>esso</span> <span class='ocrx_word' id='word_1_16' title='bbox 525 516 727 608; x_wconf 75' lang='lat' dir='ltr'>hypostasis</span> <span class='ocrx_word' id='word_1_17' title='bbox 737 516 833 603; x_wconf 87' lang='lat' dir='ltr'>(vids</span> <span class='ocrx_word' id='word_1_18' title='bbox 845 515 1112 585; x_wconf 77' lang='lat' dir='ltr'>omnino&#39;rrsso.</span> <span class='ocrx_word' id='word_1_19' title='bbox 1121 515 1339 605; x_wconf 80' lang='lat' dir='ltr'>delnosrrst).</span> 
     </span>
     <span class='ocr_line' id='line_1_4' title="bbox 276 621 1343 716; baseline -0.001 -22"><span class='ocrx_word' id='word_1_20' title='bbox 276 626 319 694; x_wconf 91' lang='lat' dir='ltr'>In</span> <span class='ocrx_word' id='word_1_21' title='bbox 342 627 470 696; x_wconf 79' lang='lat' dir='ltr'>orestis</span> <span class='ocrx_word' id='word_1_22' title='bbox 492 648 548 695; x_wconf 90' lang='lat' dir='ltr'>res</span> <span class='ocrx_word' id='word_1_23' title='bbox 570 632 625 697; x_wconf 89' lang='lat' dir='ltr'>est</span> <span class='ocrx_word' id='word_1_24' title='bbox 647 625 802 713; x_wconf 78' lang='lat' dir='ltr'>evidens3</span> <span class='ocrx_word' id='word_1_25' title='bbox 830 624 1010 716; x_wconf 83' lang='lat' dir='ltr'>quidditas</span> <span class='ocrx_word' id='word_1_26' title='bbox 1032 625 1126 693; x_wconf 90' lang='lat' dir='ltr'>enim</span> <span class='ocrx_word' id='word_1_27' title='bbox 1147 621 1286 692; x_wconf 87' lang='lat' dir='ltr'>hominis</span> <span class='ocrx_word' id='word_1_28' title='bbox 1301 646 1343 693; x_wconf 80' lang='lat' dir='ltr'>sos</span> 
     </span>
     <span class='ocr_line' id='line_1_5' title="bbox 209 730 1344 826; baseline -0.004 -22"><span class='ocrx_word' id='word_1_29' title='bbox 209 735 410 804; x_wconf 78' lang='lat' dir='ltr'>humanitus</span> <span class='ocrx_word' id='word_1_30' title='bbox 433 740 590 826; x_wconf 85' lang='lat' dir='ltr'>spectata</span> <span class='ocrx_word' id='word_1_31' title='bbox 612 740 653 803; x_wconf 92' lang='lat' dir='ltr'>ut</span> <span class='ocrx_word' id='word_1_32' title='bbox 675 733 866 803; x_wconf 86' lang='lat' dir='ltr'>eommunis</span> <span class='ocrx_word' id='word_1_33' title='bbox 897 733 955 803; x_wconf 88' lang='lat' dir='ltr'>vel</span> <span class='ocrx_word' id='word_1_34' title='bbox 985 731 1275 802; x_wconf 75' lang='lat' dir='ltr'>communicabilis</span> <span class='ocrx_word' id='word_1_35' title='bbox 1292 730 1344 821; x_wconf 72' lang='lat' dir='ltr'>pls</span> 
     </span>
     <span class='ocr_line' id='line_1_6' title="bbox 209 838 1345 934; baseline -0.002 -23"><span class='ocrx_word' id='word_1_36' title='bbox 209 843 319 928; x_wconf 87' lang='lat' dir='ltr'>ribus,</span> <span class='ocrx_word' id='word_1_37' title='bbox 345 865 413 911; x_wconf 88' lang='lat' dir='ltr'>uon</span> <span class='ocrx_word' id='word_1_38' title='bbox 435 850 490 912; x_wconf 83' lang='lat' dir='ltr'>est</span> <span class='ocrx_word' id='word_1_39' title='bbox 511 841 716 934; x_wconf 72' lang='lat' dir='ltr'>hypostasis</span> <span class='ocrx_word' id='word_1_40' title='bbox 739 840 798 911; x_wconf 85' lang='lat' dir='ltr'>sed</span> <span class='ocrx_word' id='word_1_41' title='bbox 821 848 876 912; x_wconf 85' lang='lat' dir='ltr'>est</span> <span class='ocrx_word' id='word_1_42' title='bbox 898 841 1089 910; x_wconf 84' lang='lat' dir='ltr'>communis</span> <span class='ocrx_word' id='word_1_43' title='bbox 1112 845 1249 908; x_wconf 80' lang='lat' dir='ltr'>nature·</span> <span class='ocrx_word' id='word_1_44' title='bbox 1242 838 1345 930; x_wconf 72' lang='lat' dir='ltr'>,ioque</span> 
     </span>
     <span class='ocr_line' id='line_1_7' title="bbox 207 946 1347 1042; baseline -0.005 -23"><span class='ocrx_word' id='word_1_45' title='bbox 207 973 277 1020; x_wconf 89' lang='lat' dir='ltr'>non</span> <span class='ocrx_word' id='word_1_46' title='bbox 300 949 411 1019; x_wconf 89' lang='lat' dir='ltr'>solum</span> <span class='ocrx_word' id='word_1_47' title='bbox 433 955 627 1040; x_wconf 80' lang='lat' dir='ltr'>propterea,</span> <span class='ocrx_word' id='word_1_48' title='bbox 646 947 737 1042; x_wconf 87' lang='lat' dir='ltr'>quod</span> <span class='ocrx_word' id='word_1_49' title='bbox 752 971 791 1018; x_wconf 90' lang='lat' dir='ltr'>eo</span> <span class='ocrx_word' id='word_1_50' title='bbox 815 950 914 1018; x_wconf 89' lang='lat' dir='ltr'>modo</span> <span class='ocrx_word' id='word_1_51' title='bbox 936 954 1095 1040; x_wconf 81' lang='lat' dir='ltr'>spectate</span> <span class='ocrx_word' id='word_1_52' title='bbox 1117 946 1347 1014; x_wconf 82' lang='lat' dir='ltr'>hnmanitssrt</span> 
     </span>
     <span class='ocr_line' id='line_1_8' title="bbox 208 1054 1347 1149; baseline -0.004 -23"><span class='ocrx_word' id='word_1_53' title='bbox 208 1058 340 1148; x_wconf 84' lang='lat' dir='ltr'>speeies</span> <span class='ocrx_word' id='word_1_54' title='bbox 355 1080 425 1126; x_wconf 91' lang='lat' dir='ltr'>non</span> <span class='ocrx_word' id='word_1_55' title='bbox 439 1063 494 1127; x_wconf 87' lang='lat' dir='ltr'>est</span> <span class='ocrx_word' id='word_1_56' title='bbox 508 1056 709 1126; x_wconf 77' lang='lat' dir='ltr'>substantia</span> <span class='ocrx_word' id='word_1_57' title='bbox 732 1055 947 1146; x_wconf 86' lang='lat' dir='ltr'>singularis,</span> <span class='ocrx_word' id='word_1_58' title='bbox 966 1054 1027 1125; x_wconf 88' lang='lat' dir='ltr'>sed</span> <span class='ocrx_word' id='word_1_59' title='bbox 1043 1055 1081 1123; x_wconf 83' lang='lat' dir='ltr'>vi</span> <span class='ocrx_word' id='word_1_60' title='bbox 1097 1054 1212 1145; x_wconf 83' lang='lat' dir='ltr'>ipsius</span> <span class='ocrx_word' id='word_1_61' title='bbox 1233 1073 1347 1149; x_wconf 60' lang='lat' dir='ltr'>eornm</span> 
     </span>
     <span class='ocr_line' id='line_1_9' title="bbox 208 1160 1347 1255; baseline -0.003 -22"><span class='ocrx_word' id='word_1_62' title='bbox 208 1164 334 1234; x_wconf 88' lang='lat' dir='ltr'>uitatis</span> <span class='ocrx_word' id='word_1_63' title='bbox 355 1188 425 1234; x_wconf 89' lang='lat' dir='ltr'>uon</span> <span class='ocrx_word' id='word_1_64' title='bbox 447 1164 592 1234; x_wconf 87' lang='lat' dir='ltr'>haberet</span> <span class='ocrx_word' id='word_1_65' title='bbox 614 1165 785 1233; x_wconf 82' lang='lat' dir='ltr'>rationem</span> <span class='ocrx_word' id='word_1_66' title='bbox 808 1164 1049 1255; x_wconf 72' lang='lat' dir='ltr'>hypostaseos,</span> <span class='ocrx_word' id='word_1_67' title='bbox 1074 1162 1216 1232; x_wconf 85' lang='lat' dir='ltr'>etiamsi</span> <span class='ocrx_word' id='word_1_68' title='bbox 1239 1160 1347 1230; x_wconf 62' lang='lat' dir='ltr'>univ*</span> 
     </span>
     <span class='ocr_line' id='line_1_10' title="bbox 208 1270 1348 1355; baseline -0.005 -14"><span class='ocrx_word' id='word_1_69' title='bbox 208 1272 295 1341; x_wconf 86' lang='lat' dir='ltr'>salis</span> <span class='ocrx_word' id='word_1_70' title='bbox 317 1272 518 1341; x_wconf 87' lang='lat' dir='ltr'>humanitus</span> <span class='ocrx_word' id='word_1_71' title='bbox 548 1280 641 1341; x_wconf 85' lang='lat' dir='ltr'>esset</span> <span class='ocrx_word' id='word_1_72' title='bbox 670 1271 840 1342; x_wconf 86' lang='lat' dir='ltr'>obieotivs</span> <span class='ocrx_word' id='word_1_73' title='bbox 872 1272 1020 1342; x_wconf 79' lang='lat' dir='ltr'>realiter</span> <span class='ocrx_word' id='word_1_74' title='bbox 1047 1271 1205 1341; x_wconf 76' lang='lat' dir='ltr'>existens</span> <span class='ocrx_word' id='word_1_75' title='bbox 1233 1290 1296 1338; x_wconf 78' lang='lat' dir='ltr'>uns</span> <span class='ocrx_word' id='word_1_76' title='bbox 1312 1270 1348 1355; x_wconf 83' lang='lat' dir='ltr'>(rt</span> 
     </span>
     <span class='ocr_line' id='line_1_11' title="bbox 207 1377 1346 1473; baseline -0.002 -25"><span class='ocrx_word' id='word_1_77' title='bbox 207 1379 344 1473; x_wconf 85' lang='lat' dir='ltr'>aliquid</span> <span class='ocrx_word' id='word_1_78' title='bbox 366 1379 566 1472; x_wconf 87' lang='lat' dir='ltr'>philosophi</span> <span class='ocrx_word' id='word_1_79' title='bbox 588 1386 625 1449; x_wconf 87' lang='lat' dir='ltr'>et</span> <span class='ocrx_word' id='word_1_80' title='bbox 646 1380 754 1450; x_wconf 86' lang='lat' dir='ltr'>etiam</span> <span class='ocrx_word' id='word_1_81' title='bbox 777 1379 934 1470; x_wconf 81' lang='lat' dir='ltr'>theologi</span> <span class='ocrx_word' id='word_1_82' title='bbox 956 1378 1120 1472; x_wconf 84' lang='lat' dir='ltr'>quamvis</span> <span class='ocrx_word' id='word_1_83' title='bbox 1142 1377 1346 1448; x_wconf 69' lang='lat' dir='ltr'>errandooso</span> 
     </span>
     <span class='ocr_line' id='line_1_12' title="bbox 208 1480 1347 1577; baseline -0.002 -23"><span class='ocrx_word' id='word_1_84' title='bbox 208 1491 393 1573; x_wconf 86' lang='lat' dir='ltr'>suerunt):</span> <span class='ocrx_word' id='word_1_85' title='bbox 424 1486 627 1577; x_wconf 84' lang='lat' dir='ltr'>hypostasis</span> <span class='ocrx_word' id='word_1_86' title='bbox 657 1495 774 1557; x_wconf 85' lang='lat' dir='ltr'>autam</span> <span class='ocrx_word' id='word_1_87' title='bbox 803 1494 857 1557; x_wconf 85' lang='lat' dir='ltr'>est</span> <span class='ocrx_word' id='word_1_88' title='bbox 886 1487 945 1555; x_wconf 88' lang='lat' dir='ltr'>hio</span> <span class='ocrx_word' id='word_1_89' title='bbox 975 1485 1075 1555; x_wconf 85' lang='lat' dir='ltr'>horno</span> <span class='ocrx_word' id='word_1_90' title='bbox 1105 1486 1254 1571; x_wconf 87' lang='lat' dir='ltr'>Petrus,</span> <span class='ocrx_word' id='word_1_91' title='bbox 1275 1480 1347 1552; x_wconf 71' lang='lat' dir='ltr'>oni!</span> 
     </span>
     <span class='ocr_line' id='line_1_13' title="bbox 208 1587 1346 1689; baseline -0.004 -26"><span class='ocrx_word' id='word_1_92' title='bbox 208 1595 388 1686; x_wconf 85' lang='lat' dir='ltr'>quidditas</span> <span class='ocrx_word' id='word_1_93' title='bbox 410 1601 465 1664; x_wconf 88' lang='lat' dir='ltr'>est</span> <span class='ocrx_word' id='word_1_94' title='bbox 485 1594 636 1664; x_wconf 80' lang='lat' dir='ltr'>humone</span> <span class='ocrx_word' id='word_1_95' title='bbox 651 1602 793 1682; x_wconf 84' lang='lat' dir='ltr'>notura,</span> <span class='ocrx_word' id='word_1_96' title='bbox 811 1595 924 1689; x_wconf 88' lang='lat' dir='ltr'>etqui</span> <span class='ocrx_word' id='word_1_97' title='bbox 940 1601 994 1664; x_wconf 89' lang='lat' dir='ltr'>est</span> <span class='ocrx_word' id='word_1_98' title='bbox 1009 1595 1202 1664; x_wconf 80' lang='lat' dir='ltr'>distinctus</span> <span class='ocrx_word' id='word_1_99' title='bbox 1216 1594 1258 1662; x_wconf 82' lang='lat' dir='ltr'>ab</span> <span class='ocrx_word' id='word_1_100' title='bbox 1270 1587 1346 1660; x_wconf 60' lang='lat' dir='ltr'>ons.i</span> 
     </span>
     <span class='ocr_line' id='line_1_14' title="bbox 208 1700 1345 1794; baseline -0.002 -24"><span class='ocrx_word' id='word_1_101' title='bbox 208 1701 274 1771; x_wconf 88' lang='lat' dir='ltr'>bus</span> <span class='ocrx_word' id='word_1_102' title='bbox 295 1703 379 1771; x_wconf 89' lang='lat' dir='ltr'>aliis</span> <span class='ocrx_word' id='word_1_103' title='bbox 401 1703 554 1772; x_wconf 89' lang='lat' dir='ltr'>eiusdem</span> <span class='ocrx_word' id='word_1_104' title='bbox 577 1709 744 1792; x_wconf 83' lang='lat' dir='ltr'>uetorse,</span> <span class='ocrx_word' id='word_1_105' title='bbox 771 1705 846 1772; x_wconf 86' lang='lat' dir='ltr'>sive</span> <span class='ocrx_word' id='word_1_106' title='bbox 871 1701 1074 1794; x_wconf 88' lang='lat' dir='ltr'>hypostasis</span> <span class='ocrx_word' id='word_1_107' title='bbox 1089 1710 1145 1772; x_wconf 86' lang='lat' dir='ltr'>est</span> <span class='ocrx_word' id='word_1_108' title='bbox 1162 1701 1246 1773; x_wconf 83' lang='lat' dir='ltr'>haee</span> <span class='ocrx_word' id='word_1_109' title='bbox 1258 1700 1345 1789; x_wconf 73' lang='lat' dir='ltr'>singa-</span> 
     </span>
     <span class='ocr_line' id='line_1_15' title="bbox 207 1805 1346 1879; baseline -0.001 -4"><span class='ocrx_word' id='word_1_110' title='bbox 207 1807 296 1876; x_wconf 86' lang='lat' dir='ltr'>laris</span> <span class='ocrx_word' id='word_1_111' title='bbox 326 1807 528 1879; x_wconf 81' lang='lat' dir='ltr'>humanitus</span> <span class='ocrx_word' id='word_1_112' title='bbox 552 1811 589 1878; x_wconf 93' lang='lat' dir='ltr'>in</span> <span class='ocrx_word' id='word_1_113' title='bbox 613 1816 771 1879; x_wconf 87' lang='lat' dir='ltr'>eonoreto</span> <span class='ocrx_word' id='word_1_114' title='bbox 803 1809 1022 1879; x_wconf 83' lang='lat' dir='ltr'>identifiosta</span> <span class='ocrx_word' id='word_1_115' title='bbox 1045 1833 1124 1879; x_wconf 89' lang='lat' dir='ltr'>onrn</span> <span class='ocrx_word' id='word_1_116' title='bbox 1152 1809 1219 1878; x_wconf 91' lang='lat' dir='ltr'>hoo</span> <span class='ocrx_word' id='word_1_117' title='bbox 1242 1805 1346 1875; x_wconf 67' lang='lat' dir='ltr'>honi!</span> 
     </span>
     <span class='ocr_line' id='line_1_16' title="bbox 207 1908 1346 2006; baseline 0.001 -24"><span class='ocrx_word' id='word_1_118' title='bbox 207 1914 324 1985; x_wconf 89' lang='lat' dir='ltr'>Petro.</span> <span class='ocrx_word' id='word_1_119' title='bbox 343 1917 401 1985; x_wconf 85' lang='lat' dir='ltr'>Ad</span> <span class='ocrx_word' id='word_1_120' title='bbox 424 1916 517 1987; x_wconf 87' lang='lat' dir='ltr'>huno</span> <span class='ocrx_word' id='word_1_121' title='bbox 541 1919 678 1987; x_wconf 88' lang='lat' dir='ltr'>modum</span> <span class='ocrx_word' id='word_1_122' title='bbox 701 1924 739 1988; x_wconf 86' lang='lat' dir='ltr'>et</span> <span class='ocrx_word' id='word_1_123' title='bbox 761 1917 805 1986; x_wconf 87' lang='lat' dir='ltr'>ad</span> <span class='ocrx_word' id='word_1_124' title='bbox 832 1918 924 1987; x_wconf 82' lang='lat' dir='ltr'>hano</span> <span class='ocrx_word' id='word_1_125' title='bbox 949 1916 1149 2006; x_wconf 79' lang='lat' dir='ltr'>analogiam</span> <span class='ocrx_word' id='word_1_126' title='bbox 1181 1916 1219 1983; x_wconf 94' lang='lat' dir='ltr'>in</span> <span class='ocrx_word' id='word_1_127' title='bbox 1245 1908 1346 2004; x_wconf 66' lang='lat' dir='ltr'>divinit</span> 
     </span>
     <span class='ocr_line' id='line_1_17' title="bbox 207 2014 1344 2116; baseline -0.004 -25"><span class='ocrx_word' id='word_1_128' title='bbox 207 2023 359 2092; x_wconf 84' lang='lat' dir='ltr'>essentia</span> <span class='ocrx_word' id='word_1_129' title='bbox 381 2030 556 2116; x_wconf 87' lang='lat' dir='ltr'>quatenns</span> <span class='ocrx_word' id='word_1_130' title='bbox 587 2032 767 2115; x_wconf 83' lang='lat' dir='ltr'>spectetur</span> <span class='ocrx_word' id='word_1_131' title='bbox 800 2027 864 2094; x_wconf 91' lang='lat' dir='ltr'>sub</span> <span class='ocrx_word' id='word_1_132' title='bbox 891 2024 1032 2095; x_wconf 82' lang='lat' dir='ltr'>formali</span> <span class='ocrx_word' id='word_1_133' title='bbox 1054 2024 1192 2093; x_wconf 77' lang='lat' dir='ltr'>ratione</span> <span class='ocrx_word' id='word_1_134' title='bbox 1213 2014 1344 2099; x_wconf 80' lang='lat' dir='ltr'>absoluti.</span> 
     </span>
     <span class='ocr_line' id='line_1_18' title="bbox 207 2124 1346 2223; baseline -0.002 -25"><span class='ocrx_word' id='word_1_135' title='bbox 207 2132 271 2199; x_wconf 87' lang='lat' dir='ltr'>sub</span> <span class='ocrx_word' id='word_1_136' title='bbox 295 2153 364 2223; x_wconf 86' lang='lat' dir='ltr'>qua</span> <span class='ocrx_word' id='word_1_137' title='bbox 385 2133 522 2202; x_wconf 85' lang='lat' dir='ltr'>ratione</span> <span class='ocrx_word' id='word_1_138' title='bbox 545 2134 689 2203; x_wconf 85' lang='lat' dir='ltr'>realiter</span> <span class='ocrx_word' id='word_1_139' title='bbox 713 2133 902 2203; x_wconf 83' lang='lat' dir='ltr'>eommunis</span> <span class='ocrx_word' id='word_1_140' title='bbox 924 2139 979 2202; x_wconf 86' lang='lat' dir='ltr'>est</span> <span class='ocrx_word' id='word_1_141' title='bbox 999 2133 1116 2202; x_wconf 87' lang='lat' dir='ltr'>tribus</span> <span class='ocrx_word' id='word_1_142' title='bbox 1139 2132 1234 2200; x_wconf 84' lang='lat' dir='ltr'>inter</span> <span class='ocrx_word' id='word_1_143' title='bbox 1250 2152 1283 2197; x_wconf 89' lang='lat' dir='ltr'>so</span> <span class='ocrx_word' id='word_1_144' title='bbox 1299 2124 1346 2195; x_wconf 57' lang='lat' dir='ltr'>li*</span> 
     </span>
     <span class='ocr_line' id='line_1_19' title="bbox 207 2236 1345 2330; baseline -0.002 -24"><span class='ocrx_word' id='word_1_145' title='bbox 207 2237 344 2324; x_wconf 79' lang='lat' dir='ltr'>tinctis,</span> <span class='ocrx_word' id='word_1_146' title='bbox 369 2239 588 2330; x_wconf 80' lang='lat' dir='ltr'>intelligitur</span> <span class='ocrx_word' id='word_1_147' title='bbox 611 2247 654 2310; x_wconf 87' lang='lat' dir='ltr'>ut</span> <span class='ocrx_word' id='word_1_148' title='bbox 676 2240 866 2310; x_wconf 87' lang='lat' dir='ltr'>eommunis</span> <span class='ocrx_word' id='word_1_149' title='bbox 895 2247 1025 2310; x_wconf 85' lang='lat' dir='ltr'>natura</span> <span class='ocrx_word' id='word_1_150' title='bbox 1048 2246 1085 2309; x_wconf 89' lang='lat' dir='ltr'>et</span> <span class='ocrx_word' id='word_1_151' title='bbox 1107 2261 1177 2308; x_wconf 91' lang='lat' dir='ltr'>non</span> <span class='ocrx_word' id='word_1_152' title='bbox 1203 2245 1244 2308; x_wconf 87' lang='lat' dir='ltr'>nt</span> <span class='ocrx_word' id='word_1_153' title='bbox 1265 2236 1345 2326; x_wconf 71' lang='lat' dir='ltr'>hypo</span> 
     </span>
     <span class='ocr_line' id='line_1_20' title="bbox 208 2342 1345 2440; baseline -0.004 -25"><span class='ocrx_word' id='word_1_154' title='bbox 208 2345 333 2433; x_wconf 80' lang='lat' dir='ltr'>stssis3</span> <span class='ocrx_word' id='word_1_155' title='bbox 359 2354 533 2440; x_wconf 87' lang='lat' dir='ltr'>qnatenus</span> <span class='ocrx_word' id='word_1_156' title='bbox 556 2371 638 2418; x_wconf 85' lang='lat' dir='ltr'>vero</span> <span class='ocrx_word' id='word_1_157' title='bbox 661 2350 780 2418; x_wconf 83' lang='lat' dir='ltr'>eudem</span> <span class='ocrx_word' id='word_1_158' title='bbox 809 2349 963 2419; x_wconf 83' lang='lat' dir='ltr'>essentis.</span> <span class='ocrx_word' id='word_1_159' title='bbox 990 2350 1055 2417; x_wconf 88' lang='lat' dir='ltr'>snb</span> <span class='ocrx_word' id='word_1_160' title='bbox 1078 2346 1218 2416; x_wconf 83' lang='lat' dir='ltr'>formali</span> <span class='ocrx_word' id='word_1_161' title='bbox 1243 2342 1345 2413; x_wconf 75' lang='lat' dir='ltr'>ratione</span> 
     </span>
     <span class='ocr_line' id='line_1_21' title="bbox 208 2450 1345 2527; baseline -0.005 -4"><span class='ocrx_word' id='word_1_162' title='bbox 208 2453 353 2523; x_wconf 82' lang='lat' dir='ltr'>relativi</span> <span class='ocrx_word' id='word_1_163' title='bbox 375 2463 432 2525; x_wconf 82' lang='lat' dir='ltr'>est</span> <span class='ocrx_word' id='word_1_164' title='bbox 454 2454 512 2525; x_wconf 90' lang='lat' dir='ltr'>hio</span> <span class='ocrx_word' id='word_1_165' title='bbox 535 2478 627 2525; x_wconf 90' lang='lat' dir='ltr'>unus</span> <span class='ocrx_word' id='word_1_166' title='bbox 653 2457 760 2525; x_wconf 85' lang='lat' dir='ltr'>Pater</span> <span class='ocrx_word' id='word_1_167' title='bbox 782 2457 819 2525; x_wconf 91' lang='lat' dir='ltr'>in</span> <span class='ocrx_word' id='word_1_168' title='bbox 842 2456 1040 2527; x_wconf 75' lang='lat' dir='ltr'>necessaria</span> <span class='ocrx_word' id='word_1_169' title='bbox 1054 2462 1197 2525; x_wconf 84' lang='lat' dir='ltr'>aeterne</span> <span class='ocrx_word' id='word_1_170' title='bbox 1212 2450 1345 2523; x_wconf 73' lang='lat' dir='ltr'>relations</span> 
     </span>
     <span class='ocr_line' id='line_1_22' title="bbox 208 2561 1346 2635; baseline -0.003 -5"><span class='ocrx_word' id='word_1_171' title='bbox 208 2561 253 2630; x_wconf 86' lang='lat' dir='ltr'>ad</span> <span class='ocrx_word' id='word_1_172' title='bbox 274 2562 407 2632; x_wconf 86' lang='lat' dir='ltr'>Filium</span> <span class='ocrx_word' id='word_1_173' title='bbox 430 2570 467 2633; x_wconf 90' lang='lat' dir='ltr'>et</span> <span class='ocrx_word' id='word_1_174' title='bbox 490 2566 554 2633; x_wconf 87' lang='lat' dir='ltr'>sub</span> <span class='ocrx_word' id='word_1_175' title='bbox 577 2564 643 2635; x_wconf 84' lang='lat' dir='ltr'>heo</span> <span class='ocrx_word' id='word_1_176' title='bbox 666 2566 807 2635; x_wconf 83' lang='lat' dir='ltr'>formali</span> <span class='ocrx_word' id='word_1_177' title='bbox 830 2566 965 2634; x_wconf 85' lang='lat' dir='ltr'>ratione</span> <span class='ocrx_word' id='word_1_178' title='bbox 980 2563 1127 2633; x_wconf 82' lang='lat' dir='ltr'>relativi</span> <span class='ocrx_word' id='word_1_179' title='bbox 1148 2561 1346 2632; x_wconf 67' lang='lat' dir='ltr'>distinetur·</span> 
     </span>
     <span class='ocr_line' id='line_1_23' title="bbox 207 2665 1346 2763; baseline -0.002 -26"><span class='ocrx_word' id='word_1_180' title='bbox 207 2667 301 2738; x_wconf 84' lang='lat' dir='ltr'>Filio</span> <span class='ocrx_word' id='word_1_181' title='bbox 316 2677 354 2740; x_wconf 88' lang='lat' dir='ltr'>et</span> <span class='ocrx_word' id='word_1_182' title='bbox 369 2669 506 2762; x_wconf 86' lang='lat' dir='ltr'>Spiritu</span> <span class='ocrx_word' id='word_1_183' title='bbox 520 2671 659 2757; x_wconf 83' lang='lat' dir='ltr'>Sancto,</span> <span class='ocrx_word' id='word_1_184' title='bbox 678 2673 729 2742; x_wconf 89' lang='lat' dir='ltr'>sio</span> <span class='ocrx_word' id='word_1_185' title='bbox 744 2678 846 2743; x_wconf 88' lang='lat' dir='ltr'>estet</span> <span class='ocrx_word' id='word_1_186' title='bbox 861 2672 1078 2763; x_wconf 82' lang='lat' dir='ltr'>intelligitur</span> <span class='ocrx_word' id='word_1_187' title='bbox 1093 2671 1200 2739; x_wconf 87' lang='lat' dir='ltr'>Pater</span> <span class='ocrx_word' id='word_1_188' title='bbox 1215 2675 1254 2738; x_wconf 89' lang='lat' dir='ltr'>ut</span> <span class='ocrx_word' id='word_1_189' title='bbox 1266 2665 1346 2755; x_wconf 69' lang='lat' dir='ltr'>hylt-</span> 
     </span>
     <span class='ocr_line' id='line_1_24' title="bbox 208 2778 1344 2870; baseline 0.001 -24"><span class='ocrx_word' id='word_1_190' title='bbox 208 2778 325 2863; x_wconf 78' lang='lat' dir='ltr'>sessis,</span> <span class='ocrx_word' id='word_1_191' title='bbox 345 2785 381 2848; x_wconf 89' lang='lat' dir='ltr'>et</span> <span class='ocrx_word' id='word_1_192' title='bbox 396 2780 539 2870; x_wconf 89' lang='lat' dir='ltr'>proinde</span> <span class='ocrx_word' id='word_1_193' title='bbox 554 2780 704 2867; x_wconf 84' lang='lat' dir='ltr'>(ratione</span> <span class='ocrx_word' id='word_1_194' title='bbox 719 2787 867 2851; x_wconf 84' lang='lat' dir='ltr'>naturas</span> <span class='ocrx_word' id='word_1_195' title='bbox 881 2779 1149 2866; x_wconf 78' lang='lat' dir='ltr'>intellectualis)</span> <span class='ocrx_word' id='word_1_196' title='bbox 1166 2785 1208 2847; x_wconf 91' lang='lat' dir='ltr'>ut</span> <span class='ocrx_word' id='word_1_197' title='bbox 1221 2788 1344 2868; x_wconf 63' lang='lat' dir='ltr'>peram</span> 
     </span>
    </p>
   </div>
   <div class='ocr_carea' id='block_1_2' title="bbox 80 2882 1347 2959">
    <p class='ocr_par' dir='ltr' id='par_1_2' title="bbox 80 2882 1347 2959">
     <span class='ocr_line' id='line_1_25' title="bbox 80 2882 1347 2959; baseline -0.005 -6"><span class='ocrx_word' id='word_1_198' title='bbox 80 2890 82 2895; x_wconf 73' lang='grc'>’</span> <span class='ocrx_word' id='word_1_199' title='bbox 207 2883 336 2956; x_wconf 89' lang='lat' dir='ltr'>Eodem</span> <span class='ocrx_word' id='word_1_200' title='bbox 360 2888 458 2956; x_wconf 89' lang='lat' dir='ltr'>modo</span> <span class='ocrx_word' id='word_1_201' title='bbox 489 2887 705 2956; x_wconf 87' lang='lat' dir='ltr'>sentiendum</span> <span class='ocrx_word' id='word_1_202' title='bbox 729 2896 784 2959; x_wconf 89' lang='lat' dir='ltr'>est</span> <span class='ocrx_word' id='word_1_203' title='bbox 806 2889 848 2959; x_wconf 86' lang='lat' dir='ltr'>de</span> <span class='ocrx_word' id='word_1_204' title='bbox 871 2888 964 2957; x_wconf 85' lang='lat' dir='ltr'>Filio</span> <span class='ocrx_word' id='word_1_205' title='bbox 987 2888 1052 2956; x_wconf 89' lang='lat' dir='ltr'>sub</span> <span class='ocrx_word' id='word_1_206' title='bbox 1079 2886 1220 2957; x_wconf 82' lang='lat' dir='ltr'>formali</span> <span class='ocrx_word' id='word_1_207' title='bbox 1244 2882 1347 2954; x_wconf 78' lang='lat' dir='ltr'>ratius</span> 
     </span>
    </p>
   </div>
   <div class='ocr_carea' id='block_1_3' title="bbox 207 2987 1348 3088">
    <p class='ocr_par' dir='ltr' id='par_1_3' title="bbox 207 2987 1348 3088">
     <span class='ocr_line' id='line_1_26' title="bbox 207 2987 1348 3088; baseline 0.002 -26"><span class='ocrx_word' id='word_1_208' title='bbox 207 2993 295 3062; x_wconf 83' lang='lat' dir='ltr'>Filii</span> <span class='ocrx_word' id='word_1_209' title='bbox 318 2995 469 3065; x_wconf 87' lang='lat' dir='ltr'>relativo</span> <span class='ocrx_word' id='word_1_210' title='bbox 492 2995 537 3063; x_wconf 84' lang='lat' dir='ltr'>od</span> <span class='ocrx_word' id='word_1_211' title='bbox 560 2995 700 3064; x_wconf 86' lang='lat' dir='ltr'>Patrem</span> <span class='ocrx_word' id='word_1_212' title='bbox 716 3003 820 3088; x_wconf 83' lang='lat' dir='ltr'>atque</span> <span class='ocrx_word' id='word_1_213' title='bbox 836 2997 1003 3066; x_wconf 84' lang='lat' dir='ltr'>distincto</span> <span class='ocrx_word' id='word_1_214' title='bbox 1026 3019 1047 3063; x_wconf 88' lang='lat' dir='ltr'>a</span> <span class='ocrx_word' id='word_1_215' title='bbox 1070 2995 1177 3063; x_wconf 88' lang='lat' dir='ltr'>Patre</span> <span class='ocrx_word' id='word_1_216' title='bbox 1193 2987 1348 3084; x_wconf 68' lang='lat' dir='ltr'>sospitis</span> 
     </span>
    </p>
   </div>
   <div class='ocr_carea' id='block_1_4' title="bbox 207 3090 1348 3517">
    <p class='ocr_par' dir='ltr' id='par_1_4' title="bbox 207 3090 1348 3517">
     <span class='ocr_line' id='line_1_27' title="bbox 208 3090 1348 3193; baseline -0.004 -25"><span class='ocrx_word' id='word_1_217' title='bbox 208 3098 348 3185; x_wconf 83' lang='lat' dir='ltr'>Sancto,</span> <span class='ocrx_word' id='word_1_218' title='bbox 374 3103 575 3193; x_wconf 85' lang='lat' dir='ltr'>pariterque</span> <span class='ocrx_word' id='word_1_219' title='bbox 594 3102 636 3170; x_wconf 87' lang='lat' dir='ltr'>de</span> <span class='ocrx_word' id='word_1_220' title='bbox 653 3102 791 3193; x_wconf 88' lang='lat' dir='ltr'>Spiritu</span> <span class='ocrx_word' id='word_1_221' title='bbox 815 3103 943 3173; x_wconf 84' lang='lat' dir='ltr'>Sancto</span> <span class='ocrx_word' id='word_1_222' title='bbox 967 3107 1043 3189; x_wconf 85' lang='lat' dir='ltr'>(seu</span> <span class='ocrx_word' id='word_1_223' title='bbox 1059 3102 1221 3192; x_wconf 84' lang='lat' dir='ltr'>spirato),</span> <span class='ocrx_word' id='word_1_224' title='bbox 1239 3099 1294 3191; x_wconf 88' lang='lat' dir='ltr'>qui</span> <span class='ocrx_word' id='word_1_225' title='bbox 1304 3090 1348 3163; x_wconf 80' lang='lat' dir='ltr'>tol</span> 
     </span>
     <span class='ocr_line' id='line_1_28' title="bbox 208 3201 1347 3302; baseline -0.004 -25"><span class='ocrx_word' id='word_1_226' title='bbox 208 3207 348 3277; x_wconf 83' lang='lat' dir='ltr'>formali</span> <span class='ocrx_word' id='word_1_227' title='bbox 371 3211 506 3279; x_wconf 86' lang='lat' dir='ltr'>ratione</span> <span class='ocrx_word' id='word_1_228' title='bbox 523 3210 649 3300; x_wconf 79' lang='lat' dir='ltr'>spineti</span> <span class='ocrx_word' id='word_1_229' title='bbox 667 3234 728 3280; x_wconf 89' lang='lat' dir='ltr'>seu</span> <span class='ocrx_word' id='word_1_230' title='bbox 743 3211 962 3302; x_wconf 78' lang='lat' dir='ltr'>procedentis</span> <span class='ocrx_word' id='word_1_231' title='bbox 988 3217 1043 3280; x_wconf 89' lang='lat' dir='ltr'>est</span> <span class='ocrx_word' id='word_1_232' title='bbox 1065 3210 1239 3280; x_wconf 85' lang='lat' dir='ltr'>relativus</span> <span class='ocrx_word' id='word_1_233' title='bbox 1254 3206 1293 3275; x_wconf 84' lang='lat' dir='ltr'>sd</span> <span class='ocrx_word' id='word_1_234' title='bbox 1304 3201 1347 3273; x_wconf 62' lang='lat' dir='ltr'>P*</span> 
     </span>
     <span class='ocr_line' id='line_1_29' title="bbox 207 3316 1347 3411; baseline -0.003 -28"><span class='ocrx_word' id='word_1_235' title='bbox 207 3321 296 3384; x_wconf 85' lang='lat' dir='ltr'>trem</span> <span class='ocrx_word' id='word_1_236' title='bbox 319 3323 356 3386; x_wconf 90' lang='lat' dir='ltr'>et</span> <span class='ocrx_word' id='word_1_237' title='bbox 377 3316 509 3386; x_wconf 84' lang='lat' dir='ltr'>Filium</span> <span class='ocrx_word' id='word_1_238' title='bbox 526 3328 562 3388; x_wconf 89' lang='lat' dir='ltr'>et</span> <span class='ocrx_word' id='word_1_239' title='bbox 578 3319 621 3386; x_wconf 85' lang='lat' dir='ltr'>ab</span> <span class='ocrx_word' id='word_1_240' title='bbox 636 3325 784 3411; x_wconf 88' lang='lat' dir='ltr'>utroque</span> <span class='ocrx_word' id='word_1_241' title='bbox 808 3318 1009 3388; x_wconf 84' lang='lat' dir='ltr'>distinctus.</span> <span class='ocrx_word' id='word_1_242' title='bbox 1028 3319 1123 3400; x_wconf 78' lang='lat' dir='ltr'>Quia</span> <span class='ocrx_word' id='word_1_243' title='bbox 1138 3318 1272 3387; x_wconf 83' lang='lat' dir='ltr'>scilieet</span> <span class='ocrx_word' id='word_1_244' title='bbox 1283 3325 1347 3380; x_wconf 75' lang='lat' dir='ltr'>urst</span> 
     </span>
     <span class='ocr_line' id='line_1_30' title="bbox 208 3425 1346 3517; baseline -0.001 -25"><span class='ocrx_word' id='word_1_245' title='bbox 208 3432 262 3493; x_wconf 87' lang='lat' dir='ltr'>est</span> <span class='ocrx_word' id='word_1_246' title='bbox 284 3427 378 3494; x_wconf 90' lang='lat' dir='ltr'>Deus</span> <span class='ocrx_word' id='word_1_247' title='bbox 401 3433 438 3494; x_wconf 90' lang='lat' dir='ltr'>et</span> <span class='ocrx_word' id='word_1_248' title='bbox 464 3426 608 3517; x_wconf 90' lang='lat' dir='ltr'>proinde</span> <span class='ocrx_word' id='word_1_249' title='bbox 635 3448 705 3494; x_wconf 84' lang='lat' dir='ltr'>une</span> <span class='ocrx_word' id='word_1_250' title='bbox 728 3450 796 3496; x_wconf 90' lang='lat' dir='ltr'>non</span> <span class='ocrx_word' id='word_1_251' title='bbox 825 3425 1108 3517; x_wconf 86' lang='lat' dir='ltr'>multiplicabilis</span> <span class='ocrx_word' id='word_1_252' title='bbox 1123 3425 1245 3495; x_wconf 87' lang='lat' dir='ltr'>divina</span> <span class='ocrx_word' id='word_1_253' title='bbox 1264 3436 1346 3491; x_wconf 57' lang='lat' dir='ltr'>esst*</span> 
     </span>
    </p>
   </div>
   <div class='ocr_carea' id='block_1_5' title="bbox 207 3527 1348 4269">
    <p class='ocr_par' dir='ltr' id='par_1_5' title="bbox 207 3527 1346 4030">
     <span class='ocr_line' id='line_1_31' title="bbox 207 3527 1346 3625; baseline -0.006 -25"><span class='ocrx_word' id='word_1_254' title='bbox 207 3532 271 3618; x_wconf 89' lang='lat' dir='ltr'>tia,</span> <span class='ocrx_word' id='word_1_255' title='bbox 290 3533 471 3604; x_wconf 83' lang='lat' dir='ltr'>distinctio</span> <span class='ocrx_word' id='word_1_256' title='bbox 494 3535 602 3602; x_wconf 88' lang='lat' dir='ltr'>trium</span> <span class='ocrx_word' id='word_1_257' title='bbox 619 3533 713 3603; x_wconf 90' lang='lat' dir='ltr'>inter</span> <span class='ocrx_word' id='word_1_258' title='bbox 729 3557 765 3603; x_wconf 92' lang='lat' dir='ltr'>se</span> <span class='ocrx_word' id='word_1_259' title='bbox 781 3558 849 3603; x_wconf 87' lang='lat' dir='ltr'>non</span> <span class='ocrx_word' id='word_1_260' title='bbox 868 3541 1073 3625; x_wconf 88' lang='lat' dir='ltr'>potestesse</span> <span class='ocrx_word' id='word_1_261' title='bbox 1089 3535 1154 3602; x_wconf 89' lang='lat' dir='ltr'>sub</span> <span class='ocrx_word' id='word_1_262' title='bbox 1170 3527 1346 3601; x_wconf 58' lang='lat' dir='ltr'>formulis&amp;</span> 
     </span>
     <span class='ocr_line' id='line_1_32' title="bbox 207 3639 1346 3733; baseline -0.001 -25"><span class='ocrx_word' id='word_1_263' title='bbox 207 3640 302 3709; x_wconf 85' lang='lat' dir='ltr'>tione</span> <span class='ocrx_word' id='word_1_264' title='bbox 313 3641 479 3726; x_wconf 85' lang='lat' dir='ltr'>absoluti,</span> <span class='ocrx_word' id='word_1_265' title='bbox 487 3640 675 3711; x_wconf 83' lang='lat' dir='ltr'>seeundum</span> <span class='ocrx_word' id='word_1_266' title='bbox 688 3643 779 3733; x_wconf 84' lang='lat' dir='ltr'>quod</span> <span class='ocrx_word' id='word_1_267' title='bbox 791 3649 864 3711; x_wconf 86' lang='lat' dir='ltr'>tres</span> <span class='ocrx_word' id='word_1_268' title='bbox 880 3664 987 3711; x_wconf 88' lang='lat' dir='ltr'>unum</span> <span class='ocrx_word' id='word_1_269' title='bbox 1003 3645 1098 3724; x_wconf 87' lang='lat' dir='ltr'>sunt,</span> <span class='ocrx_word' id='word_1_270' title='bbox 1113 3639 1176 3708; x_wconf 88' lang='lat' dir='ltr'>sed</span> <span class='ocrx_word' id='word_1_271' title='bbox 1187 3645 1346 3708; x_wconf 69' lang='lat' dir='ltr'>neoeestffl</span> 
     </span>
     <span class='ocr_line' id='line_1_33' title="bbox 208 3731 1346 3840; baseline -0.001 -26"><span class='ocrx_word' id='word_1_272' title='bbox 208 3753 263 3815; x_wconf 89' lang='lat' dir='ltr'>est</span> <span class='ocrx_word' id='word_1_273' title='bbox 285 3749 397 3818; x_wconf 89' lang='lat' dir='ltr'>solum</span> <span class='ocrx_word' id='word_1_274' title='bbox 413 3751 478 3818; x_wconf 90' lang='lat' dir='ltr'>suh</span> <span class='ocrx_word' id='word_1_275' title='bbox 493 3748 634 3819; x_wconf 81' lang='lat' dir='ltr'>formali</span> <span class='ocrx_word' id='word_1_276' title='bbox 650 3749 786 3819; x_wconf 88' lang='lat' dir='ltr'>ratione</span> <span class='ocrx_word' id='word_1_277' title='bbox 802 3749 1045 3832; x_wconf 77' lang='lat' dir='ltr'>relativorum</span> <span class='ocrx_word' id='word_1_278' title='bbox 1065 3768 1153 3840; x_wconf 85' lang='lat' dir='ltr'>quaa</span> <span class='ocrx_word' id='word_1_279' title='bbox 1176 3746 1266 3816; x_wconf 87' lang='lat' dir='ltr'>ratio</span> <span class='ocrx_word' id='word_1_280' title='bbox 1286 3731 1346 3832; x_wconf 57' lang='lat' dir='ltr'>ipa·</span> 
     </span>
     <span class='ocr_line' id='line_1_34' title="bbox 207 3836 1346 3971; baseline -0.004 -50"><span class='ocrx_word' id='word_1_281' title='bbox 207 3853 404 3924; x_wconf 85' lang='lat' dir='ltr'>nominibus</span> <span class='ocrx_word' id='word_1_282' title='bbox 425 3845 594 3926; x_wconf 80' lang='lat' dir='ltr'>ievelatis</span> <span class='ocrx_word' id='word_1_283' title='bbox 626 3856 764 3942; x_wconf 86' lang='lat' dir='ltr'>Patris,</span> <span class='ocrx_word' id='word_1_284' title='bbox 793 3856 905 3942; x_wconf 82' lang='lat' dir='ltr'>Filii,</span> <span class='ocrx_word' id='word_1_285' title='bbox 932 3856 1089 3948; x_wconf 86' lang='lat' dir='ltr'>Spiritus</span> <span class='ocrx_word' id='word_1_286' title='bbox 1119 3851 1242 3923; x_wconf 82' lang='lat' dir='ltr'>Sancti</span> <span class='ocrx_word' id='word_1_287' title='bbox 1269 3836 1346 3971; x_wconf 43' lang='lat' dir='ltr'>uffl&#39;s</span> 
     </span>
     <span class='ocr_line' id='line_1_35' title="bbox 209 3959 372 4031; baseline 0.013 -3"><span class='ocrx_word' id='word_1_288' title='bbox 209 3959 372 4031; x_wconf 76' lang='lat' dir='ltr'>testatur.</span> 
     </span>
    </p>

    <p class='ocr_par' dir='ltr' id='par_1_6' title="bbox 209 4059 1348 4269">
     <span class='ocr_line' id='line_1_36' title="bbox 274 4059 1348 4163; baseline -0.004 -27"><span class='ocrx_word' id='word_1_289' title='bbox 274 4067 398 4161; x_wconf 79' lang='lat' dir='ltr'>Itaque</span> <span class='ocrx_word' id='word_1_290' title='bbox 411 4096 555 4161; x_wconf 82' lang='lat' dir='ltr'>persona</span> <span class='ocrx_word' id='word_1_291' title='bbox 568 4073 689 4140; x_wconf 79' lang='lat' dir='ltr'>divina</span> <span class='ocrx_word' id='word_1_292' title='bbox 705 4086 754 4140; x_wconf 82' lang='lat' dir='ltr'>est</span> <span class='ocrx_word' id='word_1_293' title='bbox 777 4073 973 4153; x_wconf 78' lang='lat' dir='ltr'>relativum,</span> <span class='ocrx_word' id='word_1_294' title='bbox 996 4068 1087 4163; x_wconf 80' lang='lat' dir='ltr'>quod</span> <span class='ocrx_word' id='word_1_295' title='bbox 1104 4069 1209 4138; x_wconf 82' lang='lat' dir='ltr'>simul</span> <span class='ocrx_word' id='word_1_296' title='bbox 1227 4080 1272 4134; x_wconf 81' lang='lat' dir='ltr'>est</span> <span class='ocrx_word' id='word_1_297' title='bbox 1286 4059 1348 4132; x_wconf 56' lang='grc' dir='ltr'>ΕΝ</span> 
     </span>
     <span class='ocr_line' id='line_1_37' title="bbox 209 4165 1346 4269; baseline -0.004 -27"><span class='ocrx_word' id='word_1_298' title='bbox 209 4176 400 4244; x_wconf 77' lang='lat' dir='ltr'>absolutum</span> <span class='ocrx_word' id='word_1_299' title='bbox 423 4180 485 4266; x_wconf 88' lang='lat' dir='ltr'>(l),</span> <span class='ocrx_word' id='word_1_300' title='bbox 511 4179 568 4247; x_wconf 84' lang='lat' dir='ltr'>sed</span> <span class='ocrx_word' id='word_1_301' title='bbox 586 4181 756 4269; x_wconf 80' lang='lat' dir='ltr'>formalis</span> <span class='ocrx_word' id='word_1_302' title='bbox 770 4184 863 4248; x_wconf 83' lang='lat' dir='ltr'>ratio</span> <span class='ocrx_word' id='word_1_303' title='bbox 888 4179 1029 4247; x_wconf 81' lang='lat' dir='ltr'>divinae</span> <span class='ocrx_word' id='word_1_304' title='bbox 1045 4202 1215 4269; x_wconf 76' lang='lat' dir='ltr'>personae</span> <span class='ocrx_word' id='word_1_305' title='bbox 1229 4165 1346 4243; x_wconf 67' lang='lat' dir='ltr'>ueris</span> 
     </span>
    </p>
   </div>
   <div class='ocr_carea' id='block_1_6' title="bbox 210 4316 1345 4477">
    <p class='ocr_par' dir='ltr' id='par_1_7' title="bbox 210 4316 1345 4477">
     <span class='ocr_line' id='line_1_38' title="bbox 262 4316 1345 4397; baseline -0.004 -24"><span class='ocrx_word' id='word_1_306' title='bbox 262 4316 304 4397; x_wconf 83' lang='lat'>(1)</span> <span class='ocrx_word' id='word_1_307' title='bbox 325 4322 410 4375; x_wconf 77' lang='lat' dir='ltr'>«Non</span> <span class='ocrx_word' id='word_1_308' title='bbox 429 4323 509 4377; x_wconf 83' lang='lat' dir='ltr'>sliud</span> <span class='ocrx_word' id='word_1_309' title='bbox 529 4329 575 4379; x_wconf 76' lang='lat' dir='ltr'>sut</span> <span class='ocrx_word' id='word_1_310' title='bbox 592 4326 649 4381; x_wconf 83' lang='lat' dir='ltr'>Deo</span> <span class='ocrx_word' id='word_1_311' title='bbox 663 4341 733 4392; x_wconf 83' lang='lat' dir='ltr'>esse,</span> <span class='ocrx_word' id='word_1_312' title='bbox 746 4325 826 4380; x_wconf 72' lang='lat' dir='ltr'>eliud</span> <span class='ocrx_word' id='word_1_313' title='bbox 840 4340 990 4393; x_wconf 77' lang='lat' dir='ltr'>personum</span> <span class='ocrx_word' id='word_1_314' title='bbox 1002 4340 1075 4392; x_wconf 82' lang='lat' dir='ltr'>esso,</span> <span class='ocrx_word' id='word_1_315' title='bbox 1088 4324 1138 4378; x_wconf 84' lang='lat' dir='ltr'>ssd</span> <span class='ocrx_word' id='word_1_316' title='bbox 1152 4316 1345 4381; x_wconf 73' lang='lat' dir='ltr'>onninollu&#39;</span> 
     </span>
     <span class='ocr_line' id='line_1_39' title="bbox 210 4408 581 4477; baseline 0.003 -11"><span class='ocrx_word' id='word_1_317' title='bbox 210 4408 238 4463; x_wconf 79' lang='lat' dir='ltr'>S.</span> <span class='ocrx_word' id='word_1_318' title='bbox 249 4409 322 4477; x_wconf 71' lang='lat' dir='ltr'>Aut.</span> <span class='ocrx_word' id='word_1_319' title='bbox 335 4412 416 4466; x_wconf 61' lang='lat' dir='ltr'>Stin.</span> <span class='ocrx_word' id='word_1_320' title='bbox 425 4413 527 4468; x_wconf 83' lang='lat' dir='ltr'>v11.n.</span> <span class='ocrx_word' id='word_1_321' title='bbox 538 4415 581 4468; x_wconf 93' lang='lat'>11.</span> 
     </span>
    </p>
   </div>
   <div class='ocr_carea' id='block_1_7' title="bbox 0 0 1594 4950">
    <p class='ocr_par' dir='ltr' id='par_1_8' title="bbox 0 0 1594 4950">
     <span class='ocr_line' id='line_1_40' title="bbox 0 0 1594 4950; baseline 0 0"><span class='ocrx_word' id='word_1_322' title='bbox 0 0 1594 4950; x_wconf 95' lang='lat' dir='ltr'> </span> 
     </span>
    </p>
   </div>
  </div>
 </body>
</html>
