3172 4950
861 220 899 234 ..
923 188 981 249 120
1002 216 1041 234 ..

428 299 484 367 At
513 321 593 377 vero
627 297 670 367 1·.
696 300 857 391 quamvis
891 300 1241 371 consubstantialitas
1274 294 1333 386 (ta
1355 293 1529 386 ὁμοσυσων)

362 408 474 497 possit
496 406 692 498 praedicari
714 430 817 478 sensu
841 409 989 499 analogo
1012 409 1118 479 etiam
1142 409 1185 479 de
1208 408 1405 492 creaturis,
1431 414 1535 500 atqua

362 517 399 583 in
422 515 473 584 eis
496 538 564 583 non
587 522 761 608 supponat
783 541 846 608 pro
869 519 1047 587 numerica
1063 517 1123 587 sed
1139 540 1203 609 pro
1220 516 1383 608 specifica
1398 515 1534 586 unitate

361 631 510 694 naturae
533 625 571 693 in
594 623 772 694 distinctis
795 625 1070 716 hypostasibus,
1097 626 1134 694 in
1157 625 1230 695 Deo
1251 632 1370 695 tamen
1392 648 1462 694 non
1479 647 1534 714 po

361 738 432 800 test
455 754 645 823 supponere
661 733 767 801 aliam
784 755 886 825 quam
901 733 1114 804 numericam
1130 734 1302 804 unitatem
1316 732 1462 804 divinae
1476 754 1534 800 na·

361 846 462 909 turae
486 840 524 909 in
547 841 704 932 personis
727 841 919 911 distinctis.
945 842 1013 912 Per
1035 866 1072 912 sc
1095 843 1187 913 cuim
1210 841 1391 933 significat
1420 840 1534 910 unita·

360 955 430 1016 tem
453 955 601 1017 naturae
624 949 661 1018 iu
685 949 847 1040 pluribus
870 949 1063 1037 distinctis,
1088 953 1175 1044 quin
1197 949 1534 1037 determinetratic

361 1076 438 1123 uem
462 1055 612 1125 unitatis
636 1055 712 1125 sive
739 1058 936 1127 numericae
963 1059 1039 1128 sive
1072 1059 1264 1150 specificae.
1291 1058 1361 1129 Sed
1392 1081 1473 1128 cum
1498 1058 1535 1125 in

360 1164 532 1233 creaturis
556 1163 640 1234 haec
664 1165 783 1234 unitas
805 1188 879 1235 esse
901 1189 969 1235 non
1000 1166 1113 1258 possit
1143 1167 1212 1236 nisi
1242 1165 1535 1257 multiplicatione

359 1279 507 1342 naturas
531 1273 568 1341 in
591 1273 789 1360 multis,·in
812 1276 884 1343 Deo
907 1282 1024 1347 cutem
1046 1284 1193 1347 naturae
1210 1275 1462 1366 multiplicatio
1484 1297 1535 1344 ra·

359 1386 515 1470 pugnet,
540 1380 624 1451 hinc
646 1405 688 1450 ex
721 1381 798 1472 ipsa
827 1384 964 1452 ratione
993 1385 1185 1455 intrinseca
1215 1384 1364 1453 subiecti
1393 1383 1438 1452 dc
1468 1404 1534 1475 quo

359 1487 609 1578 praedicatur,
643 1511 674 1552 rc
710 1487 860 1575 ipcavaaa
899 1491 1154 1561 determinatur
1188 1491 1233 1560 cd
1262 1488 1534 1582 suppositionem

359 1595 554 1666 numericae
578 1597 636 1667 vel
659 1598 840 1689 specificae
863 1599 1025 1669 unitatis.
1040 1600 1107 1669 Est
1121 1599 1208 1669 haec
1224 1599 1342 1669 eadem
1360 1598 1456 1668 ratio
1468 1621 1534 1667 om·

358 1703 455 1771 nium
479 1705 669 1790 nominum,
696 1729 783 1798 quae
807 1730 828 1775 a
852 1709 980 1777 creatis
1003 1711 1271 1779 transferuntur
1286 1706 1333 1776 ad
1349 1707 1534 1798 designan-

359 1810 422 1878 das
446 1813 674 1902 perfectiones
697 1815 862 1902 divinas,
896 1822 939 1885 ut
969 1816 1105 1889 scilicet
1135 1817 1172 1885 in
1203 1816 1269 1885 hac
1299 1815 1534 1886 translatione

359 1926 518 2008 oporteat
542 1920 726 1992 excludere
749 1946 865 1992 omnes
887 1925 1180 2016 imperfectiones,
1206 1945 1293 2017 quas
1313 1924 1457 1992 nomina
1478 1944 1532 1992 ea·

358 2023 433 2093 dem
457 2025 495 2094 in
517 2029 690 2098 creaturis
721 2029 971 2120 adsignificsnt
998 2031 1141 2121 (Tract.
1167 2031 1208 2100 de
1234 2018 1340 2117 Deo).
1368 2030 1533 2114 Quicum·

359 2155 425 2224 que
455 2157 538 2226 ergo
572 2137 671 2207 dccet
697 2138 829 2208 Filium
862 2140 934 2209 Deo
967 2138 1452 2235 Patriconsubstantialem,
1478 2136 1534 2209 val

358 2243 489 2313 retinet
511 2246 626 2336 ipsum
650 2249 775 2339 dogma
798 2249 1058 2321 fundamentale
1080 2252 1192 2321 totius
1215 2248 1444 2321 revelationis
1466 2247 1534 2316 imo

358 2360 558 2444 conceptum
581 2356 694 2448 ipsius
711 2357 860 2428 rationis
883 2358 1009 2427 lumini
1032 2359 1229 2429 evidentem
1253 2358 1294 2428 de
1311 2356 1452 2429 unitate
1466 2353 1532 2424 Dei

357 2484 427 2531 nun
449 2464 738 2556 multiplicabili,
770 2472 845 2534 tum
879 2489 961 2536 vero
991 2467 1069 2558 ipsa
1099 2465 1359 2558 praedicatione
1390 2462 1534 2534 concub

357 2570 608 2641 stantialitatis
632 2575 797 2643 enuntiat
818 2596 922 2644 unam
945 2599 1088 2645 numero
1112 2581 1275 2646 naturam
1305 2574 1344 2643 iu
1375 2568 1535 2665 personis

357 2677 548 2767 distinctis,
569 2680 626 2749 rel
650 2682 818 2749 subverso
842 2681 1004 2773 dogmata
1020 2683 1163 2775 ipsoque
1178 2680 1347 2752 rationali
1363 2684 1534 2770 conceptu

358 2787 509 2858 unitatis
532 2789 598 2857 Dei
621 2788 660 2856 in
683 2789 953 2879 polytheismum
978 2790 1115 2860 incidit.
1139 2789 1253 2882 Atqui
1282 2788 1348 2859 hoc
1380 2786 1532 2856 alterum

358 2896 400 2964 de
422 2895 588 2964 Nicasnis
611 2903 647 2965 et
670 2896 961 2989 subsequentibus
983 2899 1151 2968 Patribus
1184 2919 1376 2990 supponere
1397 2902 1455 2965 est
1476 2895 1533 2963 ab·

359 3003 629 3094 surdissimum
656 3010 691 3072 et
714 3010 807 3073 certe
829 3029 927 3074 nemo
951 3005 1175 3076 Christianus
1206 3006 1243 3074 in
1267 3005 1385 3075 verbis
1413 3001 1531 3072 Conci-

358 3109 401 3179 lii
426 3140 443 3174 a
456 3109 573 3179 Filius
596 3118 651 3181 est
672 3112 773 3181 Patri
797 3113 1109 3185 consubstantialis
1123 3143 1139 3176 n
1166 3113 1302 3184 meliori
1325 3112 1404 3181 iure
1421 3109 1531 3200 suspi-

358 3218 433 3287 cari
456 3219 573 3309 potnit
594 3220 890 3310 polytheismum,
917 3244 1019 3314 quam
1043 3223 1081 3292 in
1104 3223 1222 3293 verbis
1252 3221 1366 3312 ipsius
1395 3216 1531 3288 Christi

357 3326 510 3395 Domini:
540 3357 556 3392 a
571 3350 636 3418 ego
659 3335 696 3398 et
710 3329 815 3399 Pater
831 3353 937 3398 unum
954 3353 1074 3399 sumus
1089 3359 1119 3399 a.
1137 3330 1235 3421 Ergo
1250 3329 1288 3398 in
1303 3336 1440 3404 tessara
1455 3327 1532 3418 ipsa

358 3434 739 3529 consubstantialitatis
762 3437 944 3506 evidenter
967 3437 1174 3508 enuntiatur
1205 3435 1325 3506 unitas
1352 3431 1530 3504 numerica

356 3547 505 3610 naturae
527 3542 565 3610 iu
587 3543 745 3634 personis
768 3542 960 3613 distinctis.

423 3649 467 3717 a.
484 3649 526 3718 Id
549 3651 773 3720 convincitur
795 3674 838 3719 ex
862 3652 937 3743 ipso
960 3652 1166 3744 disputandi
1197 3653 1295 3722 modo
1317 3649 1528 3720 Asianorum

357 3755 527 3824 adversus
549 3759 797 3848 professionem
831 3761 1219 3831 consubstantialitatis.
1251 3760 1330 3829 Du'o
1361 3757 1529 3850 suppon'a·

358 3862 442 3934 baut
465 3871 506 3934 ut
529 3867 724 3937 certissima
739 3875 775 3937 et
790 3869 833 3936 ab
850 3868 1009 3939 omnibus
1031 3868 1223 3941 Catholicis
1238 3865 1403 3954 admissa,
1418 3866 1528 3959 primo

357 3970 497 4060 quidem
519 3972 629 4043 Deum
653 3977 794 4066 proprio
818 3998 922 4046 sensu
945 4000 1014 4047 uon
1037 4000 1112 4047 cass
1133 3977 1205 4047 nisi
1228 3982 1353 4061 unum,
1379 3982 1456 4046 tum
1477 3995 1526 4044 sa·

356 4077 468 4147 cundo
491 4078 630 4150 Patrem
646 4088 683 4151 et
697 4082 830 4152 Filium
845 4092 882 4154 ct
900 4085 1073 4176 Spiritum
1091 4085 1258 4156 Sanctum
1273 4108 1349 4156 esse
1364 4091 1441 4155 traa
1455 4106 1527 4175 par·

357 4207 460 4254 sonas
482 4187 681 4276 distinctas,
707 4197 746 4259 at
767 4191 824 4259 his
847 4192 1032 4283 principiis
1048 4192 1259 4267 indubitatis
1274 4192 1451 4263 addebant
1460 4199 1528 4261 ter·

357 4291 466 4380 tium,
492 4294 584 4387 qnod
607 4295 781 4370 Catholici
802 4299 1068 4390 pernegabant,
1100 4298 1360 4392 generationem
1390 4298 1529 4393 proprie
