3172 4950
861 339 902 357 -
924 306 984 370 192
1004 337 1043 357 ..

368 437 432 510 pro
453 414 605 506 Origene
626 413 715 506 Opp.
731 413 832 505 Orig.
844 413 887 484 Τ.
900 412 965 484 IV.
980 413 1140 505 Appenni.
1158 437 1194 506 p.
1210 411 1269 482 88.
1284 411 1345 499 34)
1368 411 1416 483 ad
1436 412 1535 504 aptis

369 525 502 595 simam.
513 524 768 615 expressionem
784 523 938 594 unitatis
956 529 1104 592 naturae
1119 522 1157 591 in
1173 521 1359 592 distinetis
1374 521 1535 613 personia,

369 633 455 703 adeo
477 638 519 702 ut
541 633 615 722 ipse
637 632 812 702 Eusebius
835 626 1076 702 Caesareensis
1098 629 1192 700 illud
1213 653 1236 700 a
1249 629 1422 700 Patribus
1443 627 1535 700 edhi-

370 741 481 811 bitum
505 740 626 825 fnisse,
640 761 770 831 negare
791 763 862 810 non
883 739 1040 832 potuerit
1062 738 1214 827 (Soorat.
1229 739 1276 808 Η.
1289 738 1334 808 Ε.
1344 737 1374 808 1.
1388 736 1420 807 L
1433 761 1465 808 o.
1478 739 1536 825 8.).

436 847 596 920 Ceterum
620 847 763 918 videtur
784 869 868 918 eane
890 845 1222 938 probabilissimum,
1235 851 1347 916 totam
1361 844 1538 915 muas·

370 956 478 1027 huius
507 955 742 1026 damnationis
770 978 846 1026 ease
878 977 900 1023 a
930 953 1159 1024 Samiariania
1190 960 1273 1047 apta
1305 955 1536 1046 oompoaitam

370 1065 456 1135 Cum
478 1065 569 1134 enim
594 1064 652 1133 illi
674 1063 829 1134 libenter
857 1085 1051 1156 supponere
1081 1056 1331 1134 oonsnererint
1353 1062 1393 1132 in
1408 1060 1538 1149 ἐμοι-αφ

370 1192 508 1242 nusum
532 1170 783 1256 Sabellienum,
801 1169 1008 1240 deductione
1023 1191 1066 1239 ex
1083 1169 1264 1240 doetrinae
1280 1168 1537 1259 mnitibuaoou·

369 1285 428 1348 tra
449 1278 716 1348 Samosatenum
738 1276 888 1347 statutis
910 1283 1073 1369 poteram
1094 1276 1251 1360 inferre,
1275 1276 1387 1346 etiam
1407 1275 1456 1345 ab
1474 1274 1536 1343 Aa·

369 1385 542 1455 tioohenin
563 1385 731 1455 Patribus
753 1384 903 1471 ἑμοουσιον
924 1408 994 1454 non
1017 1383 1128 1454 inisse
1150 1383 1356 1454 admissum
1379 1381 1482 1474 Gerbo
1504 1381 1537 1453 ia

370 1492 587 1564 admittendo
607 1494 704 1563 laeto
726 1492 963 1564 damnationis
974 1515 1036 1584 per
1051 1499 1163 1563 totam
1178 1491 1456 1563 oonmoversiam
1468 1512 1535 1561 ou

370 1602 519 1671 Arianis
541 1622 651 1695 nsque
674 1602 719 1673 ad
741 1623 871 1671 annum
897 1601 965 1670 358
996 1621 1183 1694 numquam
1206 1606 1397 1671 memorato
1426 1604 1533 1671 muas

371 1718 456 1782 sunt
478 1709 734 1797 difficultates,
760 1717 804 1781 ut
825 1711 900 1780 sine
922 1709 1073 1780 testibus
1094 1709 1188 1780 omui
1214 1709 1421 1800 emptione
1441 1705 1531 1778 ude

370 1818 470 1890 ribus
493 1817 660 1890 credibile
674 1819 752 1889 lieri
769 1825 933 1912 nequaat;
947 1818 1142 1889 auotoritas
1164 1840 1248 1887 vero
1269 1815 1419 1888 testium
1435 1813 1530 1885 omnis

370 1935 557 1998 ravooatur
578 1928 625 1998 ad
655 1927 738 1997 illos
764 1927 1000 1998 semiarianos
1022 1925 1282 1996 inimioisaimos
1310 1932 1466 1995 usuras
1488 1942 1529 1989 ru
1575 1983 1579 1991 .

371 2036 547 2123 ὁμωνσιου,
574 2042 613 2106 et
637 2035 716 2106 ideo
738 2034 983 2126 rapidissimos
998 2032 1154 2103 Concilio
1171 2032 1327 2104 Nioaeuo
1351 2026 1528 2123 oppoumli
1576 2032 1579 2037 '

370 2141 469 2212 aliud
485 2141 691 2212 Concilium.
707 2142 797 2212 Tota
815 2142 959 2234 inquam
972 2141 1167 2212 auotoritas
1180 2139 1220 2209 in
1233 2139 1285 2208 eis
1308 2137 1420 2227 aistit3
1436 2135 1527 2207 Aba

371 2249 493 2321 nasius
512 2251 607 2320 enim
628 2257 667 2320 et
687 2249 850 2321 Hilarius
871 2248 1002 2320 diserte
1019 2247 1237 2339 aignilioanl,
1250 2268 1289 2316 sa
1303 2245 1350 2314 ab
1360 2245 1437 2317 illis
1449 2264 1524 2317 none·

370 2357 463 2452 pisse
485 2359 735 2444 mationem,
752 2380 815 2428 neo
830 2357 987 2428 Basilius
1010 2357 1122 2428 obiter
1145 2357 1236 2427 bano
1256 2379 1331 2428 rem
1353 2371 1523 2426 memma!

369 2488 413 2537 ex
435 2467 524 2558 ipsis
545 2466 648 2536 Actis
672 2465 915 2549 armachanis.
941 2467 1002 2536 aad
1024 2464 1146 2536 itidem
1166 2466 1212 2535 ab
1242 2463 1460 2536 adversariis
1480 2454 1522 2532 sel

335 2654 339 2659 ,
371 2577 464 2645 forte
486 2599 529 2646 ex
553 2566 791 2668 disputatione
805 2574 998 2645 Athanasii
1013 2575 1174 2645 hausisse
1188 2573 1382 2645 eemundus
1394 2578 1460 2644 eat.
1471 2570 1521 2641 Re·

370 2684 484 2754 tiones
507 2683 642 2754 dabunt
663 2682 833 2753 Maranus
855 2684 920 2771 (Da
935 2683 1020 2753 niv.
1033 2683 1078 2754 D.
1096 2683 1142 2753 N.
1159 2682 1191 2752 1.
1204 2681 1244 2752 C.
1259 2681 1287 2751 1.
1304 2680 1360 2752 IV
1363 2704 1411 2751 .o.
1423 2676 1522 2763 ablat

371 2790 805 2882 SimonDellagistris(in
813 2779 1519 2882 Opp.DionysiiAlex.Praefat.n.XVlll·

370 2903 475 2992 sqq.),
493 2919 582 2991 quae
598 2899 793 2969 falsitatem
807 2898 1013 2969 uaertiouis
1028 2898 1266 2969 Samiarianaa
1281 2897 1409 2968 saltem
1423 2893 1520 2988 prol*

370 3005 577 3075 bilissimam
597 3008 773 3092 reddunt,
798 3026 861 3077 neo
884 3005 973 3075 mihi
995 3006 1134 3098 quidem
1157 3006 1325 3077 videntur
1356 3006 1522 3076 enarra&

369 3116 587 3204 argumentis
620 3117 790 3207 oppositis
827 3115 1132 3187 Frohsohammeri
1166 3113 1265 3203 (ror.
1290 3113 1445 3205 theolog.
1470 3109 1523 3181 ll·

370 3221 579 3312 bing.1850.
595 3225 743 3313 insul.)
757 3231 794 3297 at
808 3225 926 3297 Caroli
941 3224 1011 3295 Ios.
1025 3222 1162 3294 Heffele
1180 3222 1291 3311 (Hiat.
1306 3221 1439 3292 Coueil.
1452 3213 1521 3293 {ab
1557 3242 1580 3339 ἦ·

437 3438 597 3509 Scholion
617 3447 669 3510 2.-
679 3440 856 3513 Videntur
879 3463 971 3511 nnus
993 3440 1052 3511 vel
1073 3440 1167 3509 alter
1180 3461 1225 3511 ax
1242 3437 1434 3524 veteribus,
1456 3434 1525 3525 nie
1576 3462 1580 3485 ⁴

370 3547 517 3639 polybus
539 3570 658 3639 nempe
680 3556 719 3619 et
751 3550 900 3618 fortasse
932 3547 1177 3618 Tertullianus
1204 3545 1428 3639 distinguere
1450 3548 1527 3617 nte

370 3654 525 3725 Verbum
548 3662 584 3726 eb
603 3655 761 3743 Filium,
786 3657 839 3725 ita
860 3662 902 3726 ut
922 3655 1076 3726 seeundo
1097 3675 1246 3746 persona
1260 3654 1454 3724 Trinitatis
1462 3652 1529 3722 aula

371 3763 688 3833 manifestationem
710 3761 757 3830 od
780 3777 881 3830 euna
895 3770 932 3832 et
944 3762 1152 3832 nominatim
1167 3768 1250 3831 anta
1267 3761 1531 3840 inoarnationen

370 3889 412 3938 ao
426 3871 652 3940 nativitatem
668 3892 710 3939 ex
726 3869 877 3960 Virgine
892 3870 1005 3941 luerit
1020 3869 1187 3955 Verbum,
1204 3869 1359 3939 nondum
1373 3891 1458 3940 raro
1468 3877 1533 3960 μ’

371 3974 487 4046 iaetus
501 3977 630 4064 afflue
648 3977 709 4048 sed
724 3977 840 4048 Filius
854 3980 1033 4071 perlaetus
1049 3977 1186 4048 demum
1203 3976 1447 4068 intelligatur,
1462 3992 1535 4070 qus·

369 4090 474 4155 lanua
495 4085 649 4156 Verbum
671 4091 726 4156 est
745 4087 1011 4156 manifestatum
1023 4092 1070 4156 et
1091 4086 1326 4156 incarnatum.
1343 4085 1403 4155 Ita
1414 4085 1537 4177 ruppe-

370 4190 472 4282 lytns
494 4192 1035 4280 contr-Notl.n.15.(Gslland.
1054 4192 1106 4263 11.
1132 4215 1167 4284 p.
1182 4192 1303 4278 «iilis
1331 4219 1350 4257 a
1363 4191 1461 4263 ‹lioet
1478 4186 1546 4277 alif·

372 4298 452 4393 quis
475 4299 709 4388 (Nostianus),
733 4301 860 4371 mirum
882 4299 970 4370 mihi
992 4300 1132 4388 adiere,
1158 4322 1235 4371 oum
1249 4299 1406 4370 Verbum
1428 4295 1541 4391 appel·

370 4407 425 4478 las
446 4407 592 4481 Filium.
605 4407 754 4482 Ioannes
777 4399 916 4504 quidam
931 4409 1056 4503 utique
1070 4409 1223 4483 Verbum
1236 4407 1342 4496 dbia,
1360 4405 1425 4481 aad
1437 4406 1544 4481 sun
