3172 4950
867 343 905 357 -
930 309 988 370 16⁸.)
1008 342 1046 355 -

370 424 501 495 laeobn
527 422 575 490 ib.
591 443 627 489 n.
640 422 696 491 11.
722 419 842 510 Igitur
863 416 1024 486 Iustinus
1045 416 1119 485 tria
1136 415 1243 485 simm
1257 413 1412 486 affirmat
1424 420 1545 487 uteor-

367 532 506 602 tissima
517 530 552 598 in
568 531 635 599 fide
653 528 859 612 christianu3
877 526 989 617 primo
1003 546 1073 592 non
1089 546 1164 592 esse
1177 523 1249 593 nisi
1263 523 1409 595 uuieum
1422 525 1542 613 Deum¹

367 640 429 733 qui
452 637 589 709 oreavit
610 636 727 705 omnia
748 641 786 703 et
806 632 868 724 qui
890 631 981 700 idem
996 630 1295 715 DensAbralram‚
1311 630 1429 718 Isaeo
1442 638 1481 703 et
1493 633 1543 703 Iu

368 748 430 819 wli
445 744 664 815 Potriarohis
675 765 717 813 eo
728 741 845 829 Moysi
860 763 897 809 se
912 740 1169 826 manifestavit
1178 745 1255 808 turn
1269 741 1425 811 munio
1439 741 1542 812 alium

367 876 443 925 esse
466 853 617 936 Patrem,
637 850 698 942 qui
715 849 852 920 creavit
868 846 983 916 omnia
998 869 1060 936 per
1075 846 1229 917 Verbum
1243 868 1362 933 suum,
1378 854 1418 918 et
1438 848 1541 921 aliun

368 960 429 1055 qui
452 960 570 1030 Filius
593 958 721 1028 missus
744 978 780 1025 se
803 953 1049 1023 manifestavit
1070 951 1313 1041 Patriarelris;
1331 954 1427 1025 unde
1441 956 1541 1027 tertio

370 1068 506 1139 Petram
529 1065 721 1137 etlilium
744 1085 818 1133 esse
843 1085 950 1130 onum
973 1082 1096 1130 verum
1119 1061 1230 1129 Deum
1259 1069 1456 1133 creatorem
1478 1080 1540 1135 om·

369 1176 466 1247 oium
488 1197 529 1245 oo
552 1175 663 1244 Deum
685 1172 893 1255 Abraham,
919 1168 1031 1254 Isaeo,
1056 1175 1093 1238 et
1115 1168 1229 1238 Iaoob.

436 1283 502 1353 liis
515 1281 639 1373 positia
649 1283 857 1371 partitivum
876 1278 995 1344 aulius
1006 1305 1038 1363 n,
1055 1277 1138 1346 dum
1151 1276 1270 1346 Filius
1283 1277 1421 1349 dieitur
1434 1279 1538 1351 «alim

370 1393 463 1463 Deus
478 1419 517 1475 n,
543 1411 610 1459 uon
634 1394 749 1480 potest
772 1384 928 1475 intelligi
950 1385 993 1454 de
1015 1384 1242 1455 distinetione
1268 1385 1416 1456 deitatis
1442 1389 1537 1459 mim

368 1506 404 1569 et
427 1497 577 1567 alterius
599 1494 658 1565 sed
682 1493 878 1564 necessario
901 1491 1120 1581 intelligitur
1144 1492 1187 1561 de
1216 1491 1446 1564 distinetione
1470 1517 1535 1587 peu

370 1626 496 1689 sonae,
523 1611 564 1673 ut
586 1602 692 1671 Pater
716 1602 764 1670 sit
786 1602 879 1671 elius
902 1608 938 1670 et
959 1600 1076 1671 Filius
1099 1601 1211 1687 alius,
1236 1603 1299 1695 qni
1320 1608 1441 1673 tamen
1462 1610 1536 1675 saut

371 1733 462 1781 onus
484 1712 590 1779 Deus.
605 1709 704 1777 Unde
727 1709 833 1778 etiarn
856 1707 1011 1778 recensio
1038 1709 1135 1778 asub
1150 1708 1223 1778 Deo
1237 1709 1300 1801 qui
1315 1710 1456 1781 eroes-it
1475 1732 1534 1781 ou·

370 1820 431 1887 nis
448 1844 491 1903 n,
517 1823 552 1887 et
589 1817 781 1885 numeratio
808 1818 988 1888 «seeundo
1022 1817 1126 1886 loeo»
1151 1839 1192 1887 ae
1217 1846 1234 1880 a
1248 1818 1356 1887 tertio
1390 1819 1531 1889 ordines

371 1943 438 1989 non
461 1925 609 1988 naturae
632 1917 691 1986 sed
708 1919 818 1986 solum
834 1942 1059 2009 personarum
1075 1919 1393 1990 subordinationem
1409 1921 1535 1993 rationo

371 2025 538 2118 prinoipii
561 2033 597 2093 et
620 2025 836 2114 procedentis
851 2048 872 2094 a
887 2028 1062 2120 principio
1077 2027 1231 2099 indioare
1245 2032 1362 2118 potest
1376 2028 1441 2116 (1).
1455 2028 1535 2100 viis

370 2133 477 2204 etiam
502 2130 758 2201 Tertullianum
782 2133 1014 2204 oont1·.Prax.
1033 2157 1062 2204 o.
1083 2133 1116 2202 3.

436 2243 565 2312 Eodem
597 2263 700 2311 sensu
731 2265 854 2312 nomen
889 2243 1019 2314 oDeus
1046 2266 1150 2335 super
1179 2243 1325 2312 omnia»
1354 2243 1535 2338 aliquando

373 2353 584 2442 hypostatice
599 2354 790 2440 usurpatur
803 2351 848 2419 ed
860 2351 1113 2443 designandum
1129 2351 1281 2436 Patrem,
1300 2357 1476 2445 quatenus
1488 2359 1536 2425 eat

370 2458 581 2550 prinoipium
603 2456 690 2525 Filii
712 2463 749 2526 et
771 2479 848 2527 eum
871 2459 965 2529 Filio
988 2459 1201 2551 prinoipium
1224 2457 1385 2549 Spiritus
1406 2460 1533 2547 Sanoti,

372 2566 476 2657 idque
498 2586 566 2632 non
590 2564 701 2635 solum
723 2586 745 2632 e
769 2567 920 2635 vetustis
946 2567 1021 2636 illis
1051 2566 1215 2636 Patribus
1238 2566 1299 2636 sed
1327 2567 1437 2637 etiam
1464 2576 1537 2661 post

370 2672 472 2742 Cone.
488 2672 679 2741 Nieaenum
702 2673 747 2740 ab
770 2672 837 2759 iis,
865 2673 924 2765 qui
949 2674 1074 2743 esteris
1097 2674 1290 2743 instantius
1312 2695 1420 2743 unam
1441 2680 1535 2749 uatu-

371 2801 445 2850 ram
468 2780 576 2849 trium
599 2779 852 2866 defendebant,
878 2788 919 2850 ut
935 2783 978 2850 ab
992 2782 1192 2851 Athanasio
1207 2781 1372 2872 (Apolog.
1397 2783 1443 2854 ad
1456 2784 1535 2854 (lon-

371 2887 623 2973 stant.n.17.);
642 2886 775 2955 Basilio
791 2889 922 2978 (epdss.
934 2913 968 2958 n.
980 2891 1029 2976 4);
1049 2889 1219 2978 Gregorio
1235 2889 1398 2979 Nysseno
1413 2895 1535 2980 (oontr.

370 2993 527 3085 Apollin.
545 3016 580 3060 n.
596 2993 651 3061 77.
667 2992 831 3063 Galland.
860 2995 924 3063 VI.
942 3021 976 3087 p.
995 2997 1088 3085 575).
1114 2996 1269 3066 Basilius
1292 2995 1317 3066 l.
1345 3021 1376 3067 e.
1402 2998 1449 3069 ad
1470 3022 1537 3070 rem

372 3107 586 3194 praesentem
610 3100 827 3172 characteres
849 3104 1049 3194 personales
1079 3106 1131 3175 ita
1154 3105 1341 3175 deseribitr
1373 3105 1491 3179 Filius
1516 3130 1536 3177 a

370 3211 475 3279 Patre
497 3208 654 3299 proredit
676 3209 770 3278 solas
786 3233 847 3300 per
870 3213 1008 3282 modum
1031 3213 1206 3303 unigeniti
1231 3207 1328 3301 (potet
1349 3212 1535 3306 suamab

371 3317 527 3409 Spiritus
551 3315 702 3385 Sanetus
725 3338 746 3384 a
768 3317 862 3386 Filio
879 3319 1005 3410 pendet
1031 3317 1095 3408 (rso
1119 3321 1181 3387 troo
1201 3344 1254 3408 μιν
1277 3317 1436 3414 iponem),
1459 3346 1534 3416 quo

370 3450 448 3495 eum
471 3423 755 3514 inseparabiliter
777 3426 996 3517 eonoipitur¹
1022 3435 1058 3497 et
1080 3451 1122 3497 ex
1145 3428 1251 3499 Patre
1265 3428 1439 3522 prinoipio
1461 3431 1535 3501 bae·

369 3558 450 3605 rens
472 3532 661 3603 subsistere
685 3531 789 3602 habet
815 3530 880 3620 (της
892 3558 922 3601 τε
942 3557 992 3599 τοι
1009 3558 1119 3627 πατρος
1136 3532 1233 3610 derra<
1252 3532 1411 3624 iinppsooo
1428 3536 1492 3627 ἔχει
1505 3561 1535 3605 τι

438 3693 481 3769 (1)
494 3696 582 3750 Nobis
603 3709 653 3764 pro
673 3698 772 3747 nostro
797 3709 879 3762 soopo
905 3710 974 3762 opus
989 3711 1063 3752 nune
1081 3712 1137 3751 non
1159 3702 1204 3751 est
1226 3701 1315 3751 totam
1330 3697 1467 3766 erigeris
1477 3699 1536 3756 doe·

369 3790 475 3841 trinam
500 3785 533 3838 ds
553 3786 696 3839 Trinitate
719 3782 879 3849 defendere
896 3786 1012 3839 interim
1033 3785 1108 3855 quod
1125 3789 1208 3842 velut
1226 3803 1314 3855 grave
1332 3790 1536 3856 praeiudleiu

369 3881 467 3931 eontra
487 3876 549 3929 eius
566 3874 763 3929 orthodoxiam
787 3875 872 3928 oblisi
895 3879 970 3931 solet
988 3893 1022 3931 ex
1044 3880 1065 3932 l.
1078 3880 1113 3934 V.
1126 3895 1155 3932 n.
1166 3878 1203 3932 80
1222 3883 1322 3935 eontra
1345 3879 1476 3948 Oelaum,
1490 3881 1536 3937 uu

368 3965 476 4019 Filium
486 3967 615 4032 appellat
636 3985 648 4012 s
662 3965 784 4017 albarum
798 3966 886 4019 Deum
900 3971 1017 4039 dovrrpor
1031 3966 1127 4035 Suom
1147 3984 1181 4023 ex
1198 3969 1285 4024 dicii!
1298 3971 1385 4025 imile
1401 3972 1537 4042 explicui

370 4057 473 4122 potest:
495 4052 694 4120 aSaplentiam
714 4052 853 4107 eredimus
866 4071 917 4108 nos
938 4057 989 4109 Del
1009 4072 1071 4110 esse
1087 4057 1227 4112 Filium...
1238 4058 1277 4113 ut
1294 4060 1320 4113 sl
1333 4059 1399 4133 idpo
1418 4063 1536 4117 sltem

370 4142 495 4197 dieamus
505 4144 610 4208 Deum,
627 4143 729 4209 seiont,
746 4143 867 4197 alterum
878 4146 964 4198 Deum
987 4161 1037 4199 nos
1053 4162 1108 4200 non
1123 4147 1236 4217 aliquid
1248 4146 1329 4203 aliud
1343 4148 1439 4205 diesne
1457 4166 1536 4221 quan

369 4231 513 4286 Virtutem
533 4247 627 4285 omnes
647 4233 772 4285 virtutes
790 4235 1020 4301 complectentem
1032 4241 1061 4289 et
1073 4237 1195 4291 Verbum
1209 4236 1272 4310 (seu
1285 4238 1438 4294 Rationem
1446 4235 1535 4310 topos)

369 4321 400 4374 in
425 4337 455 4376 se
473 4322 632 4388 continens,
654 4320 795 4388 quidquid
814 4323 937 4377 rationis
959 4329 1004 4378 est
1025 4325 1056 4378 in
1079 4327 1127 4394 lis,
1150 4341 1222 4394 quae
1242 4325 1396 4384 seouuduur
1407 4331 1534 4386 uatum

368 4427 456 4482 saque
479 4410 730 4481 praestantissima
750 4416 844 4465 ereata
864 4416 968 4464 sunt.-.
