3172 4950
216 434 315 481 versus
337 411 668 485 Pneumotomschos
691 418 901 490 celebratum
929 425 1174 513 professionem
1205 431 1355 520 symboli

214 518 336 589 liiceeni
361 549 378 584 u
393 519 606 592 credimus...
619 529 656 593 et
677 524 714 591 in
738 527 909 615 Spiritum
933 530 1099 601 Sanctum
1117 561 1133 597 n
1158 536 1354 609 declaravit

213 624 262 695 lec
278 626 390 695 alters
412 626 564 696 iormule
578 629 711 699 directe
727 633 884 720 opposite
898 633 1031 726 duplici
1043 637 1098 706 illi
1110 643 1232 710 errori:
1250 673 1266 708 a
1281 667 1354 713 cre·

212 731 303 802 diuus
324 733 363 802 iu
386 733 559 823 Spiritum
583 735 760 822 Sanctum,
779 740 961 808 Dominum
983 759 1015 810 si
1037 748 1276 835 vivificantem,
1290 755 1354 843 qui

210 862 240 907 cc
258 841 361 910 Patre
378 842 561 931 procedit,
586 847 650 935 qui
671 869 744 912 cem
767 847 874 914 Patre
897 864 928 916 et
951 852 1046 919 Filio
1069 855 1173 920 simui
1188 856 1354 926 adoratur

208 950 548 1038 ucosplorificatur,
573 952 634 1043 qui
654 952 794 1023 locutus
816 961 870 1024 est
892 981 954 1047 per
976 958 1212 1049 Prophetes»
1239 965 1297 1034 vel
1313 966 1351 1035 in

205 1057 345 1126 rcrsione
366 1056 532 1147 Dionysii
553 1056 688 1148 Exigui
710 1062 822 1151 magis
849 1064 1019 1134 litterali:
1047 1069 1290 1142 «credimus...
1315 1079 1353 1143 et

202 1160 418 1253 irSpiritum
442 1164 632 1251 Sanctum,
656 1167 839 1236 Dominum
863 1176 899 1238 et
927 1171 1192 1261 vivificantem,
1217 1200 1260 1246 ex
1283 1178 1348 1247 Pe·

200 1273 242 1339 tre
261 1271 525 1360 procedentem,
551 1296 628 1342 cum
650 1274 756 1344 Patre
778 1281 814 1345 et
835 1276 928 1345 Filio
950 1279 1162 1350 odorandum
1185 1288 1221 1351 et
1243 1284 1352 1373 glori·

198 1374 383 1464 luendum,
409 1381 470 1471 qui
492 1379 630 1450 locutus
651 1388 707 1452 est
729 1407 790 1474 per
813 1391 950 1455 senctos
972 1387 1193 1478 Prophetes»
1211 1390 1277 1479 (1).

247 1486 373 1556 Petres
396 1486 516 1577 itaque
535 1488 573 1556 in
596 1488 660 1558 hoc
676 1490 833 1580 symbolo
849 1499 970 1562 contre
986 1495 1134 1585 primum
1150 1506 1255 1588 ceput
1268 1498 1349 1569 hee

190 1594 389 1679 eticorum,
405 1595 495 1686 quod
519 1595 675 1686 Spiritus
699 1599 850 1669 Sanetus
873 1623 940 1669 non
963 1605 1120 1692 procedit
1149 1629 1191 1674 ex
1218 1607 1346 1694 Petre,

189 1700 345 1791 explicite
367 1700 540 1771 deliniunt
560 1703 705 1793 dogme:
733 1706 825 1796 equi
847 1729 889 1775 ex
918 1708 1025 1777 Putre
1047 1713 1249 1801 procedit.»
1274 1714 1347 1782 Du·

189 1804 265 1893 plici
287 1805 396 1875 elteri
423 1807 552 1897 ospiti,
576 1809 667 1900 quod
691 1810 846 1900 Spiritus
869 1813 1024 1902 procedit
1052 1836 1074 1881 a
1095 1815 1189 1884 Filio
1212 1823 1248 1887 et
1268 1842 1346 1909 pro·

189 1913 274 1982 edit
295 1919 454 1998 orestus,
470 1913 580 1984 solum
596 1924 773 2006 opponunt
787 1920 1032 2007 professionem
1048 1922 1260 1993 divinitatis:
1279 1926 1348 1994 eiu

189 2018 355 2109 lpiritum
378 2019 544 2089 Sanctum
566 2022 770 2110 Dominum,
796 2026 1042 2113 vivificantem,
1057 2030 1117 2120 qui
1140 2053 1217 2099 cum
1239 2033 1346 2103 Petne

190 2132 211 2197 t
232 2125 332 2195 Filio
355 2125 460 2195 simul
483 2127 685 2196 edocetur»
711 2136 791 2216 etc.;
810 2129 874 2200 hoo
898 2132 973 2221 ipso
995 2156 1079 2223 ergo
1101 2142 1235 2225 portem
1257 2137 1345 2206 slte-

189 2254 266 2319 arn,
291 2234 543 2323 processionem
565 2235 707 2328 inquom
732 2258 755 2304 e
783 2237 890 2322 Filio,
923 2239 981 2307 cui
1008 2239 1101 2307 nihil
1131 2243 1344 2311 contrarium

188 2346 363 2426 tutuuni,
389 2341 587 2430 suscipiunt
609 2348 651 2411 ut
668 2342 897 2429 verissimam,
915 2345 1094 2414 dummodo
1117 2344 1344 2436 intelligetur

188 2449 351 2523 recessio
375 2471 464 2540 quae
487 2450 598 2518 Deum
621 2449 719 2519 decet
743 2443 965 2542 (θεοωρεωως),
982 2455 1025 2520 ut
1045 2451 1202 2543 loquitur
1218 2451 1255 2522 S.
1273 2453 1343 2544 (ly.

222 2592 533 2671 (1)Πιστιυομιν..και
554 2593 591 2655 isc
611 2614 640 2646 rc
659 2611 764 2666 europa
785 2612 814 2646 sc
833 2592 918 2666 ἅγιον,
938 2615 967 2649 so
985 2615 1079 2668 ruptor,
1097 2614 1126 2648 ro
1145 2596 1303 2668 (usercurc
1315 2600 1343 2652 ie

187 2704 218 2740 ee
242 2703 346 2756 πατρος
359 2684 566 2755 ὶκποριυομινον,
578 2701 607 2735 το
622 2702 669 2737 συν
681 2703 759 2754 respo
772 2703 815 2737 aas
831 2683 875 2753 depr
889 2702 1174 2758 συμπροσκυνουμινον
1192 2706 1235 2740 aar
1251 2690 1341 2741 eosic·

187 2772 334 2848 ιζομυον,
354 2791 383 2825 so
402 2777 527 2829 λαλησαν
546 2774 589 2825 ire
609 2791 656 2824 rue
671 2784 814 2843 rpcpnrue.

223 2862 392 2929 symbolum
412 2860 761 2927 Constantinopoliteuum
779 2861 836 2914 iam
847 2860 1025 2930 aliquamdiu
1039 2866 1104 2915 aute
1119 2861 1170 2916 hoc
1183 2863 1343 2918 Concilium

187 2970 201 3007 u
220 2953 354 3007 Ecclesia
371 2951 512 3005 catholica
529 2950 561 3002 in
579 2965 633 3002 usu
651 2950 761 3017 luisse,
782 2949 905 3019 adeoque
930 2968 947 3006 a
971 2953 1106 3006 Petrilrus
1132 2953 1254 3006 (lencilii
1280 2970 1338 3007 nou

187 3041 375 3110 prepositum,
397 3039 446 3093 sed
459 3044 621 3109 susceptum
641 3045 670 3094 et
688 3043 874 3109 approbatum
893 3056 973 3108 esse,
989 3056 1023 3094 cx
1043 3042 1073 3095 S.
1087 3041 1249 3109 Epipheulo
1268 3039 1343 3114 (Au-

187 3146 230 3186 or.
241 3146 272 3183 n.
287 3130 349 3183 120.
363 3127 423 3182 121.
438 3129 470 3181 ¹1¹.
480 3130 520 3182 11.
532 3146 561 3197 p.
571 3130 632 3182 122.
645 3125 721 3200 123.)
739 3133 868 3184 constero
887 3131 980 3183 risum
994 3134 1039 3183 est
1058 3131 1131 3183 vlris
1151 3130 1241 3183 doctis
1259 3130 1342 3183 Peta-

186 3222 220 3275 io
239 3218 369 3289 (luoern.
378 3219 401 3272 l.
412 3218 480 3271 ΧΠ.
492 3234 514 3272 c.
530 3220 574 3272 18.
586 3236 615 3272 n.
629 3216 684 3291 10),
697 3220 890 3286 Tillemoniio,
904 3220 1016 3272 Hehuio
1036 3217 1125 3290 (Bibl.
1136 3220 1228 3286 symb.
1239 3237 1267 3287 p.
1279 3215 1338 3292 57),

186 3309 323 3364 LHciels
333 3305 424 3381 (illst.
433 3307 516 3361 (lonc.
528 3306 604 3361 Tem.
618 3310 657 3361 11.
669 3325 698 3375 p.
708 3304 763 3379 10).
776 3309 848 3362 Sane
859 3309 1038 3375 Epiphanius
1059 3310 1080 3361 l.
1092 3325 1115 3362 c.
1134 3309 1246 3361 omnino
1266 3308 1342 3362 idern

186 3398 334 3465 peribolum
353 3394 425 3470 (nisi
446 3396 520 3463 quod
541 3395 649 3450 duobus
668 3397 737 3450 locis
753 3396 853 3450 eddita
872 3398 941 3449 sunt
963 3397 1164 3463 explicationis
1186 3411 1271 3450 ceusa
1290 3396 1342 3448 eli-

186 3489 245 3553 ¹rot
263 3480 365 3556 verbe)
383 3485 488 3537 recitat
507 3486 588 3537 reiut
607 3487 752 3552 receptum
772 3486 803 3537 in
820 3484 848 3537 S.
860 3485 912 3536 Dei
928 3484 1056 3536 Ecclesia
1076 3487 1106 3536 st
1131 3484 1341 3537 catechumenis

186 3573 354 3629 radendum.
381 3573 552 3626 Ancoratum
586 3589 653 3626 rcro
684 3574 801 3640 scripsit
832 3573 1034 3639 Epiphenius,
1062 3576 1095 3625 ut
1126 3572 1187 3639 ipse
1214 3575 1341 3623 testetur

185 3678 214 3717 u.
228 3659 364 3731 (10.111),
387 3676 461 3714 enno
481 3662 517 3714 X.
532 3661 733 3716 Valentiniani
753 3665 782 3714 et
799 3662 952 3726 Valentis,
975 3661 1025 3714 VI.
1037 3659 1179 3725 (intimi,
1192 3658 1250 3711 XC.
1275 3660 1341 3724 post

185 3765 330 3819 murrum
352 3751 561 3804 Diocletieuum
575 3750 604 3802 lu.
620 3765 644 3802 c.
657 3766 731 3803 enno
744 3752 807 3804 873.
828 3752 875 3804 vel
896 3749 1085 3816 874.,se1tem
1109 3747 1257 3814 septennio
1272 3749 1340 3800 ante

185 3840 330 3895 lenciliunr
349 3839 699 3906 constantinopoliteuuru
712 3839 916 3894 oecumenicum
926 3839 965 3890 II.
977 3837 1031 3891 Sed
1049 3852 1100 3903 ego
1111 3836 1233 3890 noudum
1244 3835 1337 3903 rideo,

185 3945 223 3983 ur
245 3931 332 3983 iatam
351 3929 534 3997 cppeudicsm
553 3929 743 3995 symbolorum
765 3928 945 3996 Epipheuius
967 3930 1111 3995 superstes
1134 3941 1223 3994 usque
1243 3925 1278 3978 ad
1291 3941 1340 3980 au·

185 4033 240 4073 reru
256 4018 321 4071 403.
333 4033 390 4071 non
407 4019 535 4085 potuerit
552 4019 692 4071 Ancoreto
705 4017 808 4071 addere
821 4021 887 4086 post
899 4016 1056 4069 Concilium
1076 4015 1339 4083 constantinopoli·

185 4122 293 4174 auum
314 4121 381 4160 uaru
399 4107 572 4174 computatio
592 4108 728 4174 temporis
749 4123 831 4174 quem
850 4106 984 4159 instituit
1000 4121 1030 4159 n.
1042 4106 1122 4173 121.·,
1142 4105 1227 4158 iacils
1253 4106 1340 4157 intel·

185 4194 228 4263 igi
246 4198 344 4262 potest
364 4193 397 4246 ds
415 4197 539 4262 tempore
556 4196 767 4261 insurgentium
793 4196 946 4248 haereseon
971 4209 1028 4247 non
1051 4193 1086 4246 dc
1112 4198 1255 4261 tempore,
1283 4208 1338 4259 quo

184 4282 252 4337 ulita
277 4284 340 4336 siut
362 4283 417 4336 duo
440 4284 577 4351 symbola,
600 4299 673 4351 quae
695 4285 799 4338 recitat
820 4298 906 4337 uuum
922 4283 1079 4338 identicum
1098 4297 1159 4336 cum
1173 4278 1339 4335 constenti-

184 4374 346 4442 repolitauo
367 4374 491 4428 alterum
505 4372 591 4442 paulo
612 4375 765 4443 prolixius.
