3172 4950
657 348 695 365 -
718 316 778 379 433
797 348 835 365 ι·-

190 421 261 491 robis
280 428 540 512 cognoscuntur
561 428 598 492 et
613 422 780 491 dicuntur
795 422 836 490 de
853 423 1038 490 creaturis:
1054 424 1241 493 secundum
1257 447 1330 493 rem

190 528 394 619 significatam
417 530 567 619 primum
591 536 674 598 suut
689 530 724 627 in
738 529 810 597 Deo
827 529 1037 619 perfectione
1058 530 1211 613 infinita,
1237 533 1329 601 etin

190 636 332 705 creaturis
354 636 466 705 solum
489 637 669 725 analogice
696 660 758 727 per
781 635 935 727 aliquam
967 638 1271 727 participationem
1295 645 1332 709 et

190 742 455 813 niumbratiouem
479 744 674 812 derivatam
699 766 720 810 a
743 744 814 811 Deo
838 751 1003 812 creatore.
1020 745 1097 825 Quo
1120 768 1204 834 ergo
1228 768 1330 816 sensu

190 850 359 919 laureolae
374 868 505 941 potens,
524 854 615 919 coine
633 856 782 941 sapiens,
801 873 842 920 ea
857 852 1114 940 significatione
1130 854 1330 943 plenissima

192 959 292 1029 reolo
314 960 387 1029 Deo
411 959 481 1030 dici
505 968 620 1051 potest
641 963 833 1049 generatio,
844 964 1055 1049 paternitas,
1069 962 1217 1049 filiatio.
1249 992 1266 1025 (ι
1283 962 1329 1030 Il-

190 1066 227 1137 ud
245 1068 420 1137 sciendum
445 1076 521 1153 est,
547 1069 685 1137 nomina
701 1070 949 1159 paternitatis,
969 1069 1175 1153 filiationis,
1194 1093 1328 1161 proces·

189 1172 268 1243 ionis
288 1198 358 1243 non
385 1197 406 1241 a
429 1175 527 1243 nobis
550 1175 595 1242 ad
619 1176 753 1244 beatam
775 1176 949 1245 Deitatem
972 1176 1147 1244 translata
1170 1200 1256 1260 esse,
1271 1177 1330 1247 sed

189 1286 280 1349 antra
302 1280 404 1369 illinc
427 1283 526 1350 nobis
550 1284 821 1366 communicata,
841 1282 1124 1374 quemadmodum
1139 1283 1331 1373 Apostolus

189 1386 332 1478 ritlliph.
347 1388 414 1455 ΙΙΙ.
426 1387 495 1473 15)(
515 1388 616 1458 flecto
631 1411 747 1479 genua
762 1390 807 1457 ad
823 1390 1004 1458 Patren...
1024 1411 1044 1456 a
1061 1412 1128 1481 quo
1145 1390 1256 1459 omnis
1272 1412 1329 1480 pa-

189 1494 308 1564 ternitas
338 1494 376 1563 iu
407 1496 500 1565 coelo
530 1502 567 1565 et
596 1497 633 1564 in
665 1504 761 1565 terra
792 1497 991 1567 nominatur
1009 1524 1026 1557 r
1059 1497 1218 1567 Damaso.
1247 1498 1326 1569 Fid.

189 1600 294 1673 ruod.
307 1603 334 1672 l.
352 1604 384 1673 Ι.
399 1626 430 1673 c.
444 1603 478 1671 8.

600 1753 626 1810 T
628 1750 744 1813 HESIS
769 1754 886 1813 XXXI.

350 1876 399 1939 De
420 1880 560 1951 ratione,
584 1897 643 1939 car
663 1881 820 1955 processio
842 1883 961 1940 tertiae
981 1896 1135 1958 personae

572 1994 640 2036 aron
661 1980 705 2036 ait
727 1976 901 2055 gerreratio.

224 2138 272 2195 -sl
291 2142 436 2209 generalis
454 2140 534 2193 notio
551 2140 746 2205 panormitanis
763 2156 797 2192 ex
820 2141 883 2209 ipso
902 2143 1030 2195 revelato
1050 2146 1188 2209 mysterio
1206 2147 1332 2213 expella-

189 2234 251 2297 ἤιε,
268 2230 366 2285 modus
387 2230 578 2299 processionis
598 2243 680 2294 quern
702 2229 732 2280 in
752 2230 929 2282 revelatione
948 2230 1041 2283 doceri
1061 2230 1329 2299 demonstravimus,

188 2320 355 2389 rsrppeditrt
373 2322 513 2373 rationem
536 2321 732 2385 intrinsecam,
748 2335 798 2372 cur
817 2320 958 2387 processio
978 2336 1113 2388 personae
1128 2322 1329 2389 recruduerit,

188 2408 291 2463 *tertia
310 2425 379 2463 rere
398 2424 453 2463 uon
473 2409 514 2461 sit
531 2409 687 2475 generatio.
701 2430 714 2455 η

231 2578 325 2649 Licet
346 2600 388 2647 ex
413 2578 458 2645 iis
475 2598 562 2669 quae
577 2576 615 2643 in
627 2576 719 2645 thesi
734 2579 905 2667 superiori
925 2578 1089 2663 diximus,
1108 2576 1332 2668 intelligatur

188 2678 308 2755 Verbum
321 2708 395 2756 esse
405 2684 543 2776 proprie
555 2685 760 2777 genitumst
771 2687 910 2777 proprie
919 2687 1063 2772 Filium,
1075 2688 1106 2755 si
1118 2686 1332 2777 comparatio

187 2782 308 2863 tut-eum
321 2792 547 2884 generatione
562 2792 598 2859 in
613 2792 741 2861 creatis
754 2801 789 2861 et
800 2794 1004 2862 nominatim
1019 2816 1094 2861 cum
1108 2794 1331 2883 generatione

187 2902 385 2997 rabilissinra,
401 2896 487 2992 qua'e
511 2907 565 2968 est
588 2900 626 2967 in
649 2907 777 2969 natura
800 2901 963 2989 hnmana;
982 2902 1133 2969 nondum
1156 2910 1271 2969 tamen
1288 2902 1329 2971 li·

187 3017 251 3099 pet,
269 3033 333 3080 cur
349 3010 522 3100 processio
538 3031 702 3099 personnae
725 3009 852 3078 tertiae
876 2996 942 3077 riou
964 3010 1012 3078 sit
1028 3010 1218 3098 generatio.
1240 3010 1330 3080 Sane

187 3138 231 3189 res
250 3119 404 3188 rationes
427 3118 587 3207 propriae
610 3116 848 3206 generationis
872 3116 909 3183 in
934 3116 1106 3206 superiori
1126 3116 1218 3185 thesi
1243 3140 1330 3186 com·

187 3232 362 3296 remoratae
378 3246 444 3292 non
458 3224 573 3292 minus
589 3224 672 3293 huic
685 3224 895 3314 processioni
913 3247 1076 3315 personae
1088 3226 1214 3294 tertiae
1228 3248 1331 3319 quam

187 3332 325 3405 rcuudae
339 3339 530 3422 competere
544 3330 720 3400 videntur.
735 3334 803 3429 Hic
815 3356 879 3422 ego
892 3335 1016 3416 fateor,
1029 3334 1188 3424 quamvis
1200 3356 1221 3400 a
1234 3336 1330 3403 theo·

187 3440 247 3532 igis
269 3440 307 3509 id
330 3462 398 3507 nou
429 3440 566 3529 reperio
596 3439 901 3525 animadversum,
935 3440 1139 3509 rationalem
1171 3451 1329 3511 nostrum

187 3554 356 3639 inceptum
380 3547 421 3616 tle
445 3549 585 3639 propria
601 3547 737 3618 ratione
752 3547 990 3636 generationis
1015 3551 1203 3636 proiecisse
1219 3571 1261 3617 ex
1277 3572 1328 3619 re-

186 3656 330 3727 slatione
352 3656 516 3744 mysterii
539 3655 583 3722 ad
607 3655 795 3744 pleniorem
820 3655 1105 3744 intelligentiam,
1125 3656 1239 3723 eodem
1257 3658 1329 3726 fere

187 3764 273 3849 odo,
301 3786 369 3856 quo
392 3763 479 3831 alibi
503 3763 637 3849 (Tract.
653 3763 694 3830 de
710 3764 906 3847 Incarnat.)
930 3761 1163 3831 necessarium
1186 3785 1259 3831 esse
1272 3763 1327 3831 de-

186 3870 437 3956 oustravimns,
457 3893 548 3938 mere
564 3870 769 3938 rationalem
794 3876 995 3959 conceptum
1019 3870 1059 3937 (le
1085 3869 1268 3958 hypostasi
1292 3870 1328 3938 in
1420 3896 1424 3901 ·

186 3978 409 4070 ›mperatione
433 4001 511 4048 cunr
535 3985 663 4047 natura
687 3977 861 4067 singulari
886 3985 921 4047 et
944 3977 1085 4067 integra
1108 3978 1263 4067 expolire
1287 4001 1329 4048 ex

186 4086 369 4157 nitatibus
387 4085 461 4153 sola
483 4084 697 4153 revelatione
716 4085 879 4174 cognitis.
898 4085 940 4151 In
958 4086 1233 4173 processionibus
1249 4086 1328 4153 sub·

186 4192 383 4283 entialibus
406 4191 602 4282 corporeis,
629 4214 716 4283 quae
740 4192 832 4259 solae
857 4184 1000 4261 suntin
1024 4191 1173 4275 creatis,
1200 4191 1231 4259 si
1255 4192 1329 4261 siut

186 4324 209 4371 n·
233 4297 579 4369 communicationem
603 4297 756 4366 eiusdem
780 4299 990 4387 (specificae)
1022 4306 1170 4367 naturae
1201 4321 1242 4367 ex
1274 4300 1326 4366 in·

186 4408 305 4479 insece
321 4405 499 4498 ,principio
524 4406 698 4489 viventis,
724 4406 823 4473 nulla
847 4407 952 4475 datur
985 4430 1072 4499 quae
1096 4430 1164 4474 uon
1188 4429 1227 4474 eo
1250 4406 1326 4496 ipso

1146 4531 1186 4583 (Ῑᾶ
