3180 4944
704 358 743 375 ..
763 326 824 389 544
845 359 884 376 ..

209 430 281 499 sita
311 456 352 502 ex
384 435 447 502 hoc
474 433 573 523 modo
604 432 834 524 processionis
860 457 921 524 per
953 432 1180 504 dilectionem
1208 437 1371 521 apparet,

210 565 272 610 our
296 541 451 632 Spiritus
474 563 542 609 non
566 540 694 611 habeat
715 541 821 610 etiam
844 542 920 632 ipse
949 541 1123 611 rationem
1152 539 1244 609 Filii
1274 539 1374 609 etita

208 672 277 718 non
301 649 374 718 sint
396 649 466 718 duo
489 648 589 718 Filii.

274 756 329 824 Ex
353 755 411 824 his
433 755 537 825 etiam
554 761 654 845 patet
668 757 847 847 responsio
862 757 907 826 ad
923 755 1162 839 abiectionem,
1181 773 1273 843 quas
1289 754 1375 823 velut

212 863 427 933 «difficilis»
447 863 625 954 proposita
647 869 712 934 est.
729 864 885 955 Spiratio
913 865 1057 955 passiva
1073 864 1178 934 unice
1203 868 1374 954 propiores

209 969 352 1037 realiter
380 969 617 1058 distinguitur
648 970 869 1055 sfiliatione,
888 970 971 1062 quia
995 969 1188 1039 intersedit
1202 968 1372 1035 relationis

209 1078 392 1169 oppositio,
402 1076 476 1145 h.e.
486 1077 569 1169 quia
585 1077 742 1167 Spiritus
758 1079 916 1168 spiratur
931 1101 953 1146 a
963 1078 1069 1165 Filio;
1085 1079 1180 1147 citra
1191 1077 1284 1146 hanc
1295 1076 1369 1145 enin

207 1184 461 1273 processionem
488 1181 617 1252 realem
645 1185 752 1254 unius
778 1186 823 1252 ab
845 1185 957 1254 altero
981 1185 1018 1253 in
1041 1184 1181 1254 divinis
1204 1182 1305 1252 nulla
1324 1182 1366 1250 du·

208 1297 270 1359 tur
291 1288 473 1359 distinctio
499 1289 619 1358 realis.
637 1289 734 1359 Aliis
751 1290 881 1360 verbis:
899 1291 992 1359 ratio
1009 1290 1098 1359 Filii
1115 1290 1277 1379 (filiatio)
1288 1288 1363 1357 ider·

208 1397 365 1467 tificatur
396 1396 433 1464 in
460 1395 555 1464 Filio
586 1419 663 1466 cum
685 1397 877 1488 spiratione
908 1398 1045 1482 activa,
1069 1404 1108 1467 et
1133 1403 1319 1488 propterea
1335 1395 1360 1463 i·

208 1503 310 1573 liatio
337 1509 511 1595 qnatenus
546 1504 652 1585 simul
681 1511 736 1574 est
765 1506 912 1596 spiratio
938 1506 1060 1575 activa
1091 1511 1149 1574 est
1171 1502 1356 1596 principium

208 1611 438 1701 processionis
465 1619 502 1681 et
532 1613 719 1703 opponitur
736 1614 866 1682 rationi
882 1613 1009 1705 spirati
1025 1636 1087 1682 seu
1102 1611 1290 1703 spirationi
1302 1631 1355 1700 pue

208 1719 330 1804 sivae,
361 1726 467 1812 atque
495 1719 572 1788 ideo
603 1741 673 1788 una
689 1721 734 1788 ab
760 1720 874 1788 altera
901 1719 1046 1790 realiter
1073 1717 1314 1809 distinguitur.
1326 1715 1351 1784 S'

181 1838 292 1897 'vero
315 1826 473 1916 Spiritus
497 1827 649 1896 Sanctus
680 1850 749 1895 non
780 1827 982 1917 procederet
1011 1849 1033 1893 a
1051 1825 1176 1911 Filio,
1205 1824 1299 1893 nulla
1316 1845 1349 1891 ee

208 1940 263 2002 set
286 1932 455 2024 oppositio
479 1935 571 2003 inter
595 1935 846 2024 processionem
861 1957 922 2025 per
939 1933 1077 2002 modum
1094 1932 1316 2023 generationis
1325 1935 1349 1998 et

208 2063 271 2131 per
302 2041 438 2109 modum
462 2041 692 2131 spirationis,
716 2048 752 2111 et
774 2042 851 2111 ideo
873 2041 973 2111 nulla
987 2048 1081 2110 esset
1103 2040 1212 2110 realis
1233 2037 1345 2107 diatim

207 2146 258 2215 tio
281 2146 375 2216 inter
397 2146 462 2214 has
484 2147 573 2216 duas
596 2147 773 2233 rationes,
804 2149 899 2218 sicut
927 2149 965 2216 in
994 2148 1103 2217 Patre
1137 2145 1302 2237 generatio
1321 2147 1346 2209 et

207 2254 355 2344 spiratio
386 2254 504 2324 activa
537 2279 605 2323 non
632 2254 902 2344 distinguuntur
918 2255 1073 2324 realiter.
1092 2254 1185 2325 Vide
1201 2254 1236 2323 S.
1254 2251 1343 2320 Thon.

207 2363 250 2431 de
272 2368 403 2452 potent.
422 2388 456 2455 q.
476 2363 530 2433 10.
550 2383 582 2432 e.
602 2365 635 2433 5.
651 2370 688 2433 et
701 2365 823 2433 Petav.
842 2362 868 2431 l.
886 2362 969 2432 VII.
985 2384 1015 2433 c.
1030 2362 1063 2430 9.

669 2600 814 2660 THESIS
835 2599 920 2659 XLI.

322 2722 368 2782 De
387 2725 587 2803 professione
606 2726 818 2801 processionis
839 2725 939 2785 etium
960 2739 1002 2784 ex
1024 2723 1112 2783 Filio
1134 2725 1255 2782 inserto

616 2824 654 2881 in
675 2823 852 2899 symbolum
875 2822 966 2902 fidei.

264 2973 342 3025 alus
362 2975 408 3025 cst
425 2975 594 3041 perpetuum
617 2976 703 3039 atquc
724 2973 912 3026 intrinsecum
931 2971 1088 3025 infallibili
1111 2970 1273 3036 magitterio
1287 2964 1347 3019 ecolo-

209 3061 353 3115 nslartico
375 3063 533 3118 doctrinam
550 3062 720 3117 cathollcam
739 3063 948 3129 determinatis¹
961 3062 1095 3115 formulis
1113 3076 1146 3114 ac
1168 3051 1347 3126 oymootbtdo'

209 3152 433 3219 »proponendiz
458 3169 545 3220 quare
566 3168 622 3204 non
643 3152 737 3205 minue
756 3167 791 3207 ex
814 3154 879 3219 ipsa
899 3152 941 3204 rel
969 3155 1074 3205 nature
1098 3166 1183 3218 quam
1207 3165 1240 3202 ex
1254 3143 1348 3201 historie

209 3240 355 3294 „evidens
377 3245 431 3308 est,
449 3242 480 3294 in
500 3241 643 3309 Ephesino
664 3241 910 3309 sequentibusque
928 3239 1068 3294 Oonolliis
1087 3240 1219 3306 symbola
1235 3233 1349 3292 huntio

209 3327 352 3395 equidem
371 3329 521 3396 proscribi,
543 3333 574 3382 et
592 3331 678 3384 etiarn
697 3330 792 3383 uetari
812 3330 929 3397 privata
950 3344 1022 3396 quse
1034 3328 1162 3396 publicis
1179 3319 1350 3380 substituendo

208 3439 221 3465 n
236 3417 462 3485 producerentur
474 3439 480 3485 ;
502 3419 551 3472 sed
577 3420 702 3473 absurda
726 3424 770 3473 est
789 3420 878 3473 Marci
900 3419 1039 3485 Eugenici
1066 3418 1186 3485 eiusque
1206 3418 1349 3471 sooatorun

210 3529 224 3555 n
239 3510 395 3576 contentio,
418 3523 474 3574 qua
492 3512 610 3577 propter
628 3511 765 3562 insertum
784 3509 814 3560 in
835 3508 966 3574 symbolo
985 3508 1158 3575 particulam
1178 3507 1302 3572 Filioque
1315 3501 1351 3553 In·

209 3598 324 3666 ntinos,
345 3599 431 3651 etiam
452 3599 601 3666 supposita
619 3598 705 3650 huius
724 3596 913 3664 professionis
935 3597 1078 3664 verltate,
1100 3597 1272 3650 violatorum
1287 3604 1351 3646 canu·

212 3707 224 3733 o
241 3702 308 3740 num
324 3691 353 3740 et
374 3687 502 3755 corrupti
524 3686 647 3753 symboli
665 3685 732 3739 fidoi
755 3700 818 3738 reos
840 3700 904 3739 esse
923 3685 1099 3739 volebant.»

272 3871 471 3960 Antequam
494 3868 531 3936 in
555 3867 657 3937 Cone.
671 3865 876 3935 Florentino
899 3864 1080 3934 veniretur
1103 3863 1148 3932 ad
1174 3854 1353 3951 disputatio

206 3997 282 4044 nem
316 3976 358 4044 de
391 3975 543 4045 veritate
575 3974 805 4064 processionis
832 3996 873 4040 ex
900 3972 1006 4041 Patre
1038 3969 1225 4061 Filioque,
1256 3959 1353 4058 priuis

207 4083 418 4152 sessionibus
441 4082 578 4150 omnino
594 4079 855 4171 quatuordecim
879 4084 926 4166 (a.
948 4079 999 4147 Π.
1020 4078 1065 4146 ad
1085 4069 1353 4162 nummario

207 4190 391 4260 celebratis
417 4188 543 4260 Graeci
566 4189 843 4280 pertinacissime
866 4185 1136 4269 contendebant,
1154 4185 1254 4252 nefes
1268 4177 1353 4249 fuisso

207 4297 245 4365 in
268 4296 425 4386 symbolo
448 4296 574 4365 addere
608 4295 820 4387 particulam
852 4294 1039 4384 Filioque,
1063 4290 1235 4384 quidquid
1257 4287 1301 4357 sit
1324 4280 1352 4347 de

207 4402 370 4493 dogmata
389 4402 487 4491 ipso,
512 4403 664 4495 adeoque
691 4400 830 4472 etiamsi
858 4423 979 4471 verum
1007 4404 1099 4470 esset
1120 4403 1157 4468 et
1171 4394 1350 4469 revelatum
