3172 4950
685 385 723 398 -
744 351 806 413 203
827 385 865 398 -

188 470 322 524 amnas
337 459 386 525 st
401 466 487 524 uon
512 456 701 525 eommunia
723 457 850 525 tribus.
875 453 1026 526 Divinae
1044 453 1140 525 enim
1154 454 1362 546 hypostases

188 562 316 653 iugulas
343 562 552 656 propriam
574 561 685 633 solum
708 562 838 633 habeut
859 562 1041 633 formalem
1056 560 1229 632 rationem
1251 561 1362 654 hypo·

188 678 309 757 meos,
340 670 420 741 sed
458 692 639 742 oommune
660 671 712 740 eis
734 675 789 740 eat
816 677 853 740 et
873 690 1003 757 uuum,
1032 670 1203 763 quidquid
1234 669 1279 740 ad
1301 690 1362 739 ua-

188 802 269 850 num
291 785 490 872 spechen
518 780 654 850 inustio
677 800 760 850 vero
782 779 1024 871 hypostaseos,
1050 778 1249 849 formaliter
1258 785 1300 849 ut
1310 786 1365 849 eet

188 889 371 982 hypostasis
399 888 553 959 ratiom
575 887 749 958 distinete.
764 888 789 955 'a
810 892 951 974 natura,
976 910 1039 956 nee
1063 886 1278 958 revelatione
1299 906 1363 957 nee

188 997 283 1067 ,mine
306 996 493 1067 rationis
515 996 737 1086 cognoscitur
752 994 836 1082 alia,
855 1016 959 1089 quam
982 995 1073 1090 quod
1097 994 1148 1065 eit
1169 996 1362 1066 subiectum

188 1104 284 1175 labens
308 1108 510 1174 naturam
531 1110 574 1173 ιιι
596 1123 708 1173 suam.
721 1102 821 1173 Unde
843 1101 985 1193 proprie
1018 1101 1081 1172 uni
1112 1102 1298 1194 hypostasi
1328 1107 1364 1172 et

188 1237 227 1284 ιιι
245 1211 472 1285 eommunia
493 1212 610 1281 tribus
632 1211 769 1281 iunctm
791 1210 837 1280 ad
860 1216 962 1280 extra
983 1233 1052 1283 nou
1074 1210 1147 1281 alia
1168 1216 1285 1303 potest
1306 1212 1360 1281 iu-

188 1322 296 1413 teligi,
325 1342 459 1415 quam
481 1324 524 1390 ut
545 1318 673 1390 hebeat
702 1324 914 1409 assumptam
944 1324 1107 1388 naturam
1141 1325 1293 1390 creatam
1318 1325 1361 1390 ut

188 1451 277 1516 man,
303 1429 422 1522 quod
448 1427 529 1498 fieri
550 1449 651 1519 posse
672 1433 709 1497 et
731 1427 864 1498 festum
888 1448 962 1496 esse
985 1445 1028 1497 ex
1059 1426 1277 1498 revelatione
1298 1448 1357 1497 uo·

188 1537 287 1608 sinus.
304 1538 373 1607 Aa
398 1536 475 1606 hoa
499 1537 619 1603 habere
649 1542 811 1603 asturam
832 1558 901 1605 nou
927 1542 984 1606 est
1006 1535 1163 1626 operatio
1185 1533 1358 1620 effectrix,

188 1645 229 1714 sel
245 1650 301 1716 est
331 1644 573 1735 hypostatica
594 1643 820 1729 terminatio,
853 1649 889 1713 et
917 1650 1032 1714 etstns
1062 1641 1203 1734 quidem
1231 1632 1361 1710 intelll-

189 1754 298 1844 geodus
324 1751 538 1823 seeundum
560 1750 760 1841 analogiam
790 1770 915 1821 eausae
945 1748 1105 1821 formalis
1134 1771 1204 1818 nou
1235 1768 1359 1819 causae

188 1854 374 1931 nhoi'entie.
392 1859 579 1952 Quidquid
603 1880 686 1930 vero
708 1859 912 1931 efficientiae
935 1861 974 1929 in
995 1880 1037 1928 ea
1067 1856 1194 1928 unione
1216 1857 1363 1926 intente·

191 1966 253 2054 ut,
273 1968 315 2038 id
341 1973 470 2038 totum
493 1974 549 2037 est
570 1968 635 2037 Dei
658 1966 764 2036 unius
787 1972 823 2036 et
845 1965 945 2036 trini.
967 1966 1011 2035 Iu
1034 1985 1168 2034 summa
1195 1982 1360 2055 personae

193 2074 319 2144 lisinae
343 2074 398 2144 ad
422 2079 527 2144 extra
548 2095 617 2143 non
633 2078 835 2165 operantur,
853 2072 1051 2142 formaliter
1066 2078 1107 2141 ut
1124 2075 1296 2141 sumeres
1311 2067 1363 2138 di-

196 2182 300 2253 stiueti
321 2180 480 2252 relativi
501 2180 547 2250 ad
569 2180 730 2266 invisam,
749 2180 809 2250 sed
826 2187 868 2251 ut
890 2186 974 2250 sunt
996 2201 1087 2250 unus
1108 2178 1216 2248 Deus.
1228 2175 1363 2247 Princi-

198 2286 280 2378 pium
301 2286 403 2359 euim
426 2309 490 2358 seu
511 2288 629 2380 potius
652 2288 846 2359 aubieotum
869 2287 961 2380 qaod
983 2294 1170 2379 operetur,
1203 2290 1258 2355 est
1288 2287 1363 2378 qui-

200 2394 266 2465 ιιιιι
277 2395 502 2488 hypostasim
517 2392 579 2466 sed
593 2395 805 2488 principium
822 2418 888 2489 qao
904 2396 947 2466 fit
967 2396 1135 2487 operatio,
1153 2400 1208 2467 eet
1221 2402 1363 2465 natura.

255 2504 349 2575 Hine
371 2504 467 2595 apud
490 2503 555 2574 SS.
570 2506 694 2574 Patres
716 2508 752 2574 et
773 2502 811 2572 in
826 2502 994 2573 Consiliis
1008 2509 1063 2573 est
1078 2503 1215 2572 axioma
1229 2503 1267 2571 in
1283 2500 1360 2571 doo-

203 2610 286 2679 triua
306 2613 352 2682 de
373 2610 441 2680 88.
455 2611 634 2682 Trinitete
656 2618 693 2682 et
714 2610 756 2682 de
779 2609 920 2681 Christo
934 2611 1099 2681 momenti
1117 2609 1272 2679 maximi:
1287 2629 1363 2700 ope·

204 2720 345 2790 rationes
367 2738 437 2789 nen
454 2726 540 2790 sunt
556 2720 790 2812 hypostaticas
803 2719 863 2790 sed
879 2719 1070 2802 naturales,
1087 2719 1124 2787 h.
1134 2740 1165 2788 e.
1179 2714 1363 2786 distinctio

206 2828 404 2918 operationis
426 2828 616 2899 seeundum
632 2826 779 2920 speeiem
795 2835 831 2898 et
845 2850 1027 2897 numerum
1042 2848 1111 2896 uon
1127 2824 1287 2919 sequitur
1301 2846 1364 2894 nu·

205 2954 325 3005 merum
347 2935 584 3028 hypostaseon
607 2936 666 3006 sed
690 2934 837 3029 speeiem
860 2940 898 3004 et
927 2957 1109 3005 numerum
1140 2938 1360 3003 naturarum.

205 3038 399 3136 tetigitur
420 3065 492 3114 uua
512 3066 655 3114 numero
670 3050 724 3114 eet
738 3048 878 3128 natura,
905 3040 1044 3113 etiamsi
1061 3036 1180 3133 plures
1202 3040 1277 3108 sint
1298 3038 1364 3128 hy·

204 3157 373 3240 meses,
398 3175 469 3222 uua
491 3174 634 3223 numero
656 3157 712 3221 est
732 3148 917 3242 operatio,
943 3148 1045 3220 utin
1069 3148 1133 3218 SS.
1161 3146 1361 3233 Trinitate3

205 3265 316 3330 eoos
337 3260 400 3329 ubi
421 3260 542 3352 plures
564 3264 649 3330 snut
669 3280 812 3329 numero
835 3263 984 3327 naturas
999 3307 1008 3342 ,
1026 3261 1062 3326 et
1076 3254 1137 3325 ubi
1152 3260 1282 3324 nature
1295 3275 1364 3323 non

204 3366 292 3436 uoto
312 3388 458 3436 numero
479 3365 600 3458 plures
622 3370 706 3434 eunt
726 3362 788 3434 sod
811 3363 917 3433 etiem
933 3362 1117 3446 diversae,
1136 3359 1273 3431 etiamsi
1295 3379 1366 3429 una

204 3471 246 3543 sit
264 3473 490 3566 hypostasis,
515 3472 617 3543 utin
637 3471 792 3557 Christo,
817 3469 869 3541 ibi
890 3469 997 3540 etiam
1019 3470 1102 3539 ordo
1125 3470 1365 3560 operationum

204 3586 250 3650 et
268 3579 457 3673 multiplex
479 3584 516 3651 et
537 3578 700 3651 diversus
722 3600 785 3670 pro
807 3575 1074 3668 multiplicitate
1097 3581 1134 3645 et
1149 3573 1365 3645 diversitate

204 3694 412 3766 naturarum.
426 3687 501 3759 Hos
521 3684 733 3778 principium
749 3680 874 3755 Patres
885 3688 1069 3754 assumunt
1083 3689 1127 3752 ιιι
1141 3679 1278 3751 omniuo
1293 3676 1366 3748 evi·

206 3790 340 3868 dom-st
362 3792 561 3866 onnoeee'um
583 3794 628 3863 ab
660 3793 842 3878 omuibus,
875 3792 1013 3885 quando
1044 3789 1086 3860 de
1116 3789 1189 3857 Deo
1217 3784 1364 3877 agitur,

208 3901 278 3990 quia
300 3901 501 3996 operatio
480 3900 604 3971 divina
626 3900 721 3971 est
709 3921 788 3992 spsa
818 3896 943 3969 divine
972 3896 1125 3968 essentia
1154 3900 1260 3987 atque
1290 3891 1367 3962 ideo

208 4006 348 4079 admissa
369 4009 443 4080 alie
465 3992 698 4101 operatione
686 4031 725 4078 ιιι
747 4009 853 4078 Patre
875 4013 912 4077 et
927 4004 1032 4075 alia
1020 4028 1059 4074 ιιι
1081 4002 1187 4087 Filio,
1212 3998 1304 4071 hoo
1291 4014 1368 4089 ipso

211 4122 412 4188 temeretur
432 4116 506 4185 alia
527 4120 633 4208 atque
655 4114 729 4184 alia
750 4113 914 4184 essentia.
932 4111 1019 4182 Iuda
1043 4133 1126 4182 vero
1156 4112 1278 4180 eontra
1299 4128 1368 4175 mo·

212 4220 392 4294 tutheletse
414 4223 673 4307 demonstrant,
699 4221 738 4291 in
761 4220 904 4291 Christo
926 4242 996 4289 uon
1025 4240 1125 4310 posse
1152 4217 1277 4307 negari
1306 4214 1367 4283 du·
1470 4251 1472 4254 ·

214 4325 323 4415 nlioem
344 4330 524 4402 diversum
545 4329 702 4401 ordinem
725 4327 939 4421 operationis
961 4324 1102 4399 divinae
1124 4331 1161 4396 et
1182 4324 1365 4404 humanae,

218 4433 284 4523 quin
302 4460 342 4510 eo
363 4438 441 4531 ipso
462 4436 673 4509 admittetur
694 4450 766 4507 una
786 4440 927 4507 tentum
948 4439 1131 4505 natureae
1142 4428 1286 4524 proinde
1297 4446 1366 4496 mo·
