3172 4950
861 330 899 345 -
923 297 981 360 100
1002 330 1041 345 -

361 402 403 474 de
426 399 650 471 distinctione
673 402 835 489 rationis,
855 412 891 474 et
906 404 1087 495 Sapientia
1103 407 1268 493 concepta
1281 400 1354 470 dici
1370 399 1408 468 in
1423 407 1535 472 mente

361 509 485 580 divine
501 516 542 579 ut
554 511 737 581 consilium
750 511 909 582 divinum
921 517 957 581 et
967 511 1182 582 attributum
1196 510 1409 596 absolutum,
1424 509 1536 580 adhuc

359 616 556 707 expressior
578 619 806 709 subiungitur
830 619 1021 689 declaratio
1043 620 1307 709 personalitatis
1334 620 1534 689 distinctae:

364 725 535 817 equando
557 730 791 818 praeparabat
814 727 1028 814 (Dominus)
1052 727 1187 812 coelos,
1213 728 1355 798 aderam
1370 780 1379 797 .
1397 779 1434 798 ..
1460 749 1535 797 oum

361 855 400 902 eo
423 856 517 902 eram
547 842 672 905 cuncta
695 858 911 926 componens,
930 842 966 905 et
982 834 1180 905 delectabar
1203 858 1265 927 per
1287 835 1450 927 singulos
1465 835 1536 905 dies

361 940 486 1010 ludens
509 964 623 1012 coram
638 966 678 1014 eo
694 943 786 1012 omni
809 951 973 1034 tempore,
999 944 1123 1013 ludens
1138 944 1177 1014 in
1192 947 1273 1014 orbe
1290 944 1329 1013 iu
1344 951 1533 1026 umerum,

361 1055 398 1118 et
412 1049 559 1120 deliciae
582 1074 675 1122 meae
698 1075 772 1122 esse
788 1075 864 1122 cum
889 1052 975 1121 filiis
998 1051 1176 1123 hominum
1199 1054 1273 1124 ibid
1291 1082 1308 1117 n
1333 1077 1396 1124 vv.
1419 1051 1533 1121 2431.

360 1153 457 1224 lllud
477 1185 494 1220 e
507 1179 584 1225 cum
607 1182 646 1228 eo
668 1182 794 1229 eram»
814 1159 852 1227 in
866 1158 1028 1229 hebreico
1043 1165 1144 1230 textu
1160 1161 1306 1251 legitur:
1328 1181 1426 1229 eram
1442 1155 1534 1249 opud

363 1287 435 1330 eum
458 1253 573 1360 ΰζςζζ,
595 1268 648 1336 ite
671 1274 707 1337 et
728 1267 845 1335 LXX:
871 1266 948 1353 uiuus
965 1262 1032 1358 παρ’
1051 1269 1145 1356 dorp,
1177 1275 1215 1338 et
1244 1267 1382 1338 vetusti
1412 1267 1536 1336 Patres

361 1377 484 1447 latini:
505 1361 598 1468 opud
614 1401 686 1444 eum
702 1376 759 1444 vel
771 1399 873 1465 penes
890 1399 973 1443 cum.
995 1404 1011 1438 a
1029 1375 1164 1446 Cuncta
1179 1398 1384 1466 componens
1400 1401 1416 1438 u
1435 1374 1533 1444 hebr.

361 1489 476 1592 pin&
494 1483 725 1576 Paraphrasie
737 1482 919 1554 chaldaica
930 1483 1052 1554 habet:
1070 1508 1161 1551 mom
1177 1487 1315 1551 nutrita
1326 1507 1433 1574 penca
1450 1508 1533 1565 eum

312 1672 320 1686 ,
361 1598 506 1691 Aquila:
536 1595 732 1678 τιθηνευμενη
750 1592 893 1660 lactuca.
913 1591 1066 1661 Verbum
1082 1591 1276 1660 delectabor
1297 1600 1415 1685 potest
1445 1590 1534 1662 sumi

362 1707 492 1790 active,
510 1711 552 1774 ut
567 1703 672 1773 etiam
687 1699 775 1768 alibi
791 1699 945 1769 occurrit
961 1701 1125 1769 delectari
1136 1703 1288 1794 aliquem
1300 1701 1532 1789 (Porcellinih

361 1813 522 1883 hebraice
538 1810 627 1881 enim
644 1816 709 1877 est:
728 1813 792 1875 uet
806 1829 901 1876 eram
917 1807 1062 1878 deliciae
1079 1811 1184 1898 (eine)
1199 1834 1230 1897 »ς
1249 1809 1377 1879 Graeci
1392 1809 1532 1878 hebent:

363 1918 421 2009 ἐγω
439 1917 529 2006 ήμην,
548 1917 567 2006 ᾖ
584 1932 796 2008 προσεχαιρεν;
820 1916 944 1985 Patres
973 1916 1080 1985 latini
1104 1924 1263 1987 veteres:
1298 1947 1316 1983 e
1333 1939 1454 2001 eram,
1480 1916 1534 1986 eui

361 2025 615 2116 adgaudebat»
641 2023 737 2110 (vid.
751 2023 880 2092 Italam
904 2023 1078 2093 Sabatie'ri
1091 2027 1116 2110 ).
1142 2026 1262 2094 Potest
1288 2024 1409 2118 itaque
1436 2023 1545 2093 reddi-

361 2137 406 2207 ad
429 2136 585 2204 verbnm:
614 2153 742 2201 ueram
766 2129 858 2220 apud
882 2156 955 2197 eum
977 2131 1121 2217 artifex,
1141 2133 1197 2203 vel
1214 2131 1367 2217 alumna,
1386 2138 1423 2201 et
1437 2153 1535 2201 erum

362 2243 506 2314 deliciae
530 2239 633 2327 (eius)
659 2237 817 2307 omnibns
833 2237 956 2307 diebus
972 2242 1134 2330 (semper)
1148 2267 1180 2308 n.
1197 2238 1273 2307 Iam
1291 2262 1369 2308 cnm
1384 2238 1444 2308 his
1461 2261 1535 2308 con·

361 2354 534 2434 terentur,
561 2368 648 2441 quse
671 2347 708 2415 in
731 2346 776 2415 N.
795 2347 837 2415 Τ.
856 2346 898 2416 de
920 2346 1035 2416 Verbo
1058 2347 1237 2418 dicuntur:
1266 2349 1335 2412 aia
1358 2348 1534 2437 principio

361 2467 439 2531 erat
452 2459 618 2541 Verbum,
638 2462 675 2524 et
689 2454 842 2524 Verbum
854 2459 932 2523 erat
947 2455 1041 2544 apud
1057 2457 1176 2536 Deum,
1194 2460 1231 2524 et
1244 2455 1340 2525 Deus
1354 2460 1435 2523 erat
1451 2453 1534 2524 Ver·

362 2568 454 2652 bum,
480 2563 595 2633 omnia
617 2561 807 2652 peripsum
823 2561 920 2630 facta
936 2568 1020 2630 sunt
1033 2586 1064 2649 n;
1094 2591 1110 2627 a
1124 2561 1330 2652 unigenitus
1344 2561 1464 2631 Filius
1476 2561 1534 2654 qui

360 2681 416 2744 est
439 2675 477 2740 iu
499 2676 578 2740 sinu
602 2671 765 2754 Putrien3
796 2669 883 2738 acui
906 2668 999 2738 dixit
1020 2669 1208 2762 aliquando
1231 2670 1450 2759 angelorum:
1475 2667 1533 2738 Fi·

361 2782 432 2851 lius
444 2803 540 2851 meus
551 2802 587 2848 es
599 2785 652 2863 tu,
666 2799 731 2867 ego
740 2775 838 2843 bodie
846 2778 952 2866 penei
965 2777 1115 2864 ten3chic
1127 2784 1181 2846 est
1190 2776 1308 2846 Filius
1320 2799 1418 2846 meus
1432 2775 1534 2844 dilec-

363 2906 429 2971 tus,
444 2891 481 2955 iu
498 2911 563 2979 quo
581 2887 668 2951 mibi
685 2886 903 2973 complacui»
923 2890 988 2954 etc.
1008 2885 1216 2975 Congruunt
1231 2907 1314 2954 sane
1336 2884 1454 2953 omnia
1469 2884 1533 2969 ita,

361 3003 493 3067 utnon
515 2994 614 3064 aliud
637 2993 823 3063 discrimen
847 2991 983 3062 ostendi
1006 2999 1122 3085 queat,
1148 2992 1218 3061 nisi
1250 2992 1342 3085 quod
1365 2992 1402 3060 iu
1426 2993 1473 3062 N.
1491 2990 1533 3060 T.

363 3130 441 3176 cum
455 3104 608 3175 Verbum
632 3103 700 3171 iam
723 3124 804 3172 caro
828 3102 960 3171 fuctum
983 3106 1096 3172 estet
1121 3102 1261 3192 visibile
1277 3101 1314 3170 in
1331 3107 1537 3170 suaneturs

362 3214 534 3297 humana,
568 3209 771 3302 hypostasis
801 3208 970 3278 distincta
993 3209 1108 3279 adbuc
1131 3209 1262 3280 clerius
1292 3209 1481 3278 exhibetur
1502 3213 1537 3277 et

362 3320 554 3392 instantius
562 3318 797 3409 praedicetur,
809 3317 891 3387 dum
903 3316 1032 3387 inV.T.
1043 3316 1158 3386 miuus
1166 3324 1535 3408 expressueesttreus·

362 3425 664 3517 itueaSapientia
684 3424 841 3495 absolute
865 3430 1021 3516 spectata
1044 3425 1088 3494 ad
1109 3424 1324 3516 Sapientiam
1345 3424 1534 3494 subsisten-

361 3545 431 3608 tem
455 3534 983 3628 hypostaeiaPatredistincta.

428 3645 480 3715 Eo
503 3643 633 3715 certius
656 3642 791 3712 veritae
814 3642 920 3712 huius
943 3641 1244 3734 interpretationis
1267 3641 1453 3712 retinenda
1468 3647 1531 3726 est,

363 3752 453 3844 quod
477 3753 599 3821 Patres
622 3772 745 3839 magno
769 3771 910 3818 numero
933 3747 970 3816 iu
994 3771 1035 3818 ea
1058 3754 1318 3836 consenserunt;
1344 3754 1420 3817 tum
1444 3747 1534 3817 enim

363 3857 528 3929 Doctores
551 3858 686 3927 Ariana
709 3856 845 3926 haeresi
868 3855 1080 3926 vetustiores
1103 3857 1156 3926 ita
1178 3855 1443 3941 intellexeruut,
1467 3855 1534 3925 nisi

363 3966 453 4058 quod
475 3964 600 4058 aliqui,
625 3971 667 4034 ut
688 3964 855 4033 Irenaeus
878 3963 926 4051 (l.
944 3965 1008 4034 IV.
1024 3988 1055 4034 c.
1072 3964 1131 4052 20)
1155 3971 1191 4033 et
1214 3965 1363 4059 fortasse
1387 3962 1534 4033 Tertul-

362 4073 479 4143 lianus
504 4077 628 4160 (contr.
647 4072 853 4160 Hermogeu.
870 4094 899 4140 c.
918 4071 988 4157 18),
1007 4070 1143 4141 nomine
1167 4069 1368 4160 Sapientiae
1390 4071 1533 4139 tertiam

361 4178 581 4271 hypostasim
605 4178 776 4270 Spiritum
792 4177 959 4248 Sanctum
975 4177 1170 4268 significari
1193 4183 1377 4269 putarunt;
1396 4184 1475 4247 turn
1497 4177 1533 4245 in

362 4285 440 4379 ipsa
454 4286 691 4379 disputatione
713 4286 883 4356 adversus
897 4285 1050 4356 Arianos
1066 4285 1256 4356 admissum
1271 4292 1350 4356 erat
1367 4285 1443 4354 sine
1456 4309 1531 4355 cou-

361 4393 547 4481 trovcreie,
573 4392 789 4485 Sapientiam
812 4393 870 4464 hio
886 4394 1036 4465 describi
1058 4391 1318 4485 hypostaticam
1333 4400 1370 4464 ct
1380 4394 1532 4467 Verbum
