3172 4950
695 329 733 344 -
754 297 816 359 346
836 330 874 343 -

208 430 299 479 mum
321 404 458 497 quidem
480 401 693 492 complexius
715 409 752 471 et
774 403 962 471 secundum
984 408 1147 473 nostrum
1169 404 1294 473 modun
1310 406 1347 475 in·

207 512 389 603 telligendi
414 510 561 603 quadam
585 510 685 579 velut
707 509 966 601 compositione,
992 512 1119 581 deinde
1142 534 1225 581 vero
1245 510 1347 603 simpli

207 624 282 693 cius
304 626 350 704 et,
377 626 545 711 quantum
561 640 583 686 a
597 618 697 685 nobis
713 618 790 687 fieri
807 626 933 709 potest,
951 620 1142 689 recedendo
1154 620 1200 688 ab
1214 619 1272 687 illa
1284 642 1354 715 con·

207 728 375 822 positione
388 726 426 796 in
438 733 617 815 conceptu.
636 725 783 794 Utrovis
800 734 916 796 autem
940 727 1039 797 modo
1053 750 1224 819 personae
1238 727 1349 797 divinae

206 834 435 907 relationibus
457 834 670 903 constitutae
694 832 959 923 intelliguntur.

271 944 322 1012 11.
340 942 512 1025 Quoniam
535 942 573 1011 in
596 962 743 1032 persona
759 940 882 1010 divina
896 941 1024 1034 duplex
1040 950 1097 1013 est
1113 946 1207 1014 ratio
1222 944 1350 1014 formalis

207 1050 411 1123 virtualiter
433 1050 626 1134 distincta,
652 1049 744 1118 ratio
771 1049 910 1119 scilicet
938 1050 1122 1121 absolutae
1152 1053 1313 1123 amentiae
1326 1054 1359 1121 et'

208 1159 299 1229 ratio
323 1156 479 1239 relativi,
499 1178 586 1248 quae
602 1163 752 1248 utraque
769 1156 903 1246 duplici
919 1165 1039 1228 nostro
1054 1159 1285 1251 inadaequato
1296 1182 1352 1229 coe
1372 1202 1375 1213 ·

206 1267 325 1359 ceptui
348 1267 543 1355 respondet,
570 1288 752 1355 possumus
775 1266 964 1334 secuudum
985 1267 1124 1336 modum
1148 1276 1300 1337 nostrum
1317 1266 1352 1337 ir

207 1373 391 1464 telligendi
415 1396 595 1464 personam
626 1374 805 1464 concipere
827 1378 870 1442 ut
891 1372 984 1443 hunc
1011 1398 1120 1443 unum
1150 1377 1218 1444 sub
1245 1376 1353 1444 rutinae

207 1482 352 1553 relativi
375 1481 580 1551 distinctum
598 1483 642 1550 ab
657 1481 740 1550 aliis
754 1481 908 1551 eiusdem
921 1488 1083 1568 naturae,
1102 1483 1165 1575 qui
1179 1483 1301 1553 habeat
1312 1502 1353 1551 ne

208 1598 337 1675 turam,
349 1612 409 1659 seu
425 1590 527 1658 cuius
542 1590 591 1659 sit
606 1598 736 1660 natura
751 1590 874 1659 divina
891 1590 991 1660 velut
1006 1593 1120 1660 forma
1140 1590 1355 1683 metaphysica
1373 1672 1375 1677 Ι

212 1696 255 1785 (ὲν
270 1720 365 1789 puppup
382 1698 456 1762 Secu
474 1698 619 1789 ὑπαρχων
637 1697 730 1767 Phil.
748 1697 798 1767 II.
819 1698 875 1784 b),
906 1698 958 1767 sic
981 1699 1181 1790 concipitur
1200 1701 1354 1767 relation

212 1809 247 1873 in
270 1821 373 1887 recto,
398 1806 589 1872 absolutum
612 1808 649 1871 in
673 1806 825 1897 obliquo.
844 1804 909 1873 Vel
926 1805 1017 1898 quod
1040 1806 1159 1876 eodem
1183 1806 1285 1891 redit,
1300 1826 1355 1897 pu·

209 1935 328 1983 sumus
350 1912 530 2001 concipere
552 1912 751 1997 essentiam,
771 1934 858 2004 quas
874 1912 975 1981 velut
996 1914 1126 1982 affecta
1143 1914 1194 1982 sit
1212 1912 1355 1983 relatione

209 2019 285 2089 sive
308 2017 535 2108 paternitatis
552 2018 627 2087 sive
640 2018 825 2087 filiationis
841 2019 916 2088 sive
932 2012 1176 2109 processionis,
1194 2028 1231 2091 et
1244 2021 1294 2089 ita
1306 2020 1356 2089 for·

209 2126 348 2196 maliter
371 2133 412 2195 ut
434 2128 561 2196 affecta
583 2127 651 2196 tali
681 2126 911 2196 determinata
938 2125 1110 2198 relatione
1132 2136 1190 2198 est
1211 2128 1269 2200 hio
1288 2148 1356 2197 unu

210 2258 271 2325 per
286 2234 489 2304 relationem
508 2234 698 2305 distinctus
710 2238 754 2305 ab
766 2235 861 2321 aliis,
881 2258 943 2306 seu
957 2242 1012 2305 ost
1027 2236 1224 2307 subsistens
1237 2236 1356 2305 diutine

210 2351 284 2431 tus,
310 2344 362 2413 sic
385 2352 564 2435 spectatur
587 2350 732 2413 essentia
757 2348 794 2411 in
817 2361 927 2428 recto,
951 2346 1078 2413 relatio
1105 2348 1199 2414 velut
1224 2347 1368 2436 osticium.

211 2457 247 2518 in
271 2453 422 2544 obliquo.
440 2454 495 2522 Ex
518 2455 596 2545 ipsa
620 2477 702 2523 vero
725 2454 903 2524 infinitate
917 2453 1088 2524 esseutiae
1103 2460 1139 2523 et
1156 2453 1357 2545 simplicitate

209 2583 374 2651 personae
398 2561 540 2631 divinae
562 2563 706 2633 evidens
728 2570 794 2647 est,
819 2562 1022 2632 relationem
1046 2586 1114 2631 uon
1129 2585 1206 2632 esse
1229 2562 1357 2654 aliquan

208 2668 406 2738 realitatem
422 2670 624 2739 distinctam
640 2678 676 2740 et
692 2669 976 2761 supperadditam
992 2669 1178 2753 essentiae,
1197 2669 1254 2739 vel
1268 2688 1356 2738 caue

208 2776 295 2844 tiam
311 2800 379 2845 nou
396 2800 470 2847 esse
482 2779 621 2868 proprie
638 2780 783 2847 formam
800 2800 863 2847 nec
877 2777 1021 2847 realiter
1040 2777 1245 2847 distinctam
1260 2774 1357 2845 arele-

209 2884 297 2969 tivo,
317 2884 377 2953 sed
393 2884 604 2954 solummodo
620 2909 693 2955 rem
709 2884 1002 2976 simplicissimam
1020 2885 1085 2954 sub
1100 2884 1235 2975 duplici
1246 2883 1357 2953 ratione

210 2991 363 3060 absoluti
379 2997 416 3059 et
428 2991 573 3061 relativi
595 2993 897 3084 apprehendimus,
915 2991 971 3062 cui
988 2991 1130 3083 utrique
1147 3014 1229 3062 vere
1243 3012 1357 3081 respon·

210 3099 269 3168 det
285 3121 355 3167 una
371 3105 406 3167 et
421 3099 538 3169 eadem
554 3123 622 3185 res,
639 3103 794 3193 hancque
813 3100 987 3190 duplicem
1006 3100 1177 3169 rationem
1194 3098 1357 3169 secundun

210 3207 369 3275 notiones
391 3230 433 3276 ex
456 3208 629 3277 creaturis
652 3209 875 3298 praehabitas
890 3230 951 3298 per
966 3207 1103 3276 modum
1125 3202 1357 3298 compositioni

210 3313 464 3403 coniungimus.
483 3315 586 3383 Hunc
610 3314 826 3405 concipiendi
851 3314 987 3383 modum
1009 3314 1048 3382 in
1070 3313 1226 3382 Concilio
1240 3313 1356 3383 Floren-

210 3423 285 3492 tino
302 3422 448 3491 Ioannes
464 3421 647 3514 theologus
664 3423 871 3493 Latinorum
888 3423 941 3491 ita
955 3421 1165 3491 declaravit:
1186 3422 1282 3489 «Noa
1295 3436 1357 3489 rere

210 3530 371 3616 dicimus,
390 3532 576 3601 essentiam
595 3527 721 3619 εζιόυσιαν)
741 3538 776 3601 et
792 3552 973 3621 personam
988 3529 1064 3599 siva
1083 3528 1357 3619 hypostasium

210 3640 300 3709 idem
324 3663 374 3725 re,
400 3640 543 3711 differre
573 3648 688 3710 autem
718 3648 838 3710 nostro
870 3640 967 3709 modo
994 3637 1242 3727 intelligendi,
1266 3636 1313 3705 iu
1327 3636 1358 3699 ut

210 3769 357 3837 persona
379 3756 514 3818 constet
535 3771 578 3816 ex
602 3748 753 3817 essentia
776 3754 812 3816 et
834 3744 1121 3837 proprietatibus.
1144 3744 1246 3814 Nunc
1267 3739 1358 3831 igitur

209 3853 371 3945 quoniam
387 3854 629 3944 intelligentia
640 3862 677 3924 et
693 3855 827 3923 ratione
840 3853 1125 3942 distinguuntur,
1138 3851 1290 3920 ementis
1301 3840 1375 3939 quie

209 3960 285 4030 dem
303 3962 578 4032 communicatur
594 3963 764 4052 personis,
782 3982 947 4052 personae
962 3981 1044 4028 vero
1060 3956 1159 4027 nullo
1181 3957 1278 4026 modo
1292 3974 1359 4024 cou-

209 4071 445 4155 munioautur,
465 4070 568 4162 idque
591 4071 755 4161 provenit
777 4092 819 4137 ex
842 4069 880 4137 vi
903 4067 1127 4137 relationis...
1141 4066 1209 4135 Est
1226 4086 1306 4135 vero
1322 4080 1362 4129 ee

210 4179 358 4248 cundum
383 4181 540 4248 doctores
569 4185 640 4249 tam
669 4199 813 4269 graecos
837 4199 939 4270 quam
964 4176 1093 4245 latinos
1124 4175 1201 4243 sola
1230 4170 1363 4253 relatio,

209 4311 297 4381 quae
321 4287 537 4379 multiplicat
559 4310 723 4379 personas
745 4288 783 4355 in
806 4286 938 4355 divinis
960 4284 1272 4376 productionibus,
1295 4298 1369 4376 quae

208 4404 356 4467 vocatur
378 4396 505 4467 relatio
529 4397 689 4487 originis,
716 4396 760 4465 ad
784 4416 887 4488 quam
910 4394 979 4463 duo
1001 4399 1140 4463 tantum
1163 4398 1334 4483 spectant,
1353 4410 1371 4455 e
