3172 4950
693 288 872 347 -148-

214 426 325 483 tanen
336 397 598 493 dispensatione,
616 416 718 487 qnam
734 394 965 465 oeconomiam
977 393 1172 465 dicimus...
1187 396 1287 467 Haec
1300 396 1340 467 ba

215 520 299 595 mis
321 532 446 587 noram
468 504 652 576 veritatem
668 525 705 573 se
720 502 901 573 existimat
923 503 1113 595 possidere,
1139 506 1223 576 dum
1239 506 1340 577 unica

214 633 317 700 noum
339 642 406 691 aon
427 613 517 683 alias
538 616 643 703 putat
665 610 886 693 credendum,
911 612 1064 702 quamsi
1080 611 1340 701 ipsnmenmdm

211 760 276 832 qne
296 738 331 803 et
352 730 489 799 Patrem
511 729 548 789 et
569 719 702 788 Filium
717 724 753 787 et
770 717 943 809 Spiritum
967 718 1136 789 Sanctum
1151 720 1265 807 dicct,
1280 744 1340 814 qua

212 868 277 915 non
298 839 347 909 sic
370 851 501 927 quoque
536 848 627 895 unua
649 825 698 893 sit
720 824 858 910 omnia,
883 826 967 895 dum
991 846 1034 895 ex
1057 847 1126 895 uno
1149 829 1293 913 omnia,
1318 854 1340 921 p

210 942 420 1023 eumenum
453 934 588 1005 scilicet
623 932 793 1001 unitatem
810 960 827 994 n
864 939 978 1001 contr.
997 933 1102 1001 Prax.
1130 957 1162 1003 o.
1181 936 1216 1003 2.
1251 964 1269 999 a
1285 936 1339 1027 Op

213 1050 404 1145 Evangelii,
430 1042 628 1117 substantia
650 1040 734 1111 novi
758 1041 1017 1111 Testamenti...
1043 1044 1135 1135 quod
1157 1044 1286 1116 exinde
1307 1052 1340 1115 tr

210 1160 332 1239 crediti
354 1176 460 1228 unum
481 1151 593 1220 Deum
615 1148 760 1233 sistunt,
786 1153 828 1217 ut
849 1171 938 1218 nove
962 1170 1054 1219 nnus
1087 1150 1294 1221 crederetur
1315 1177 1340 1245 p

210 1272 336 1347 Filium
358 1270 395 1335 et
416 1259 589 1351 Spiritum
611 1260 790 1339 Sanctum,
817 1264 859 1325 ut
880 1278 996 1326 coram
1018 1257 1088 1327 iam
1117 1258 1213 1327 Deus
1238 1259 1276 1329 in
1301 1284 1341 1331 sn

213 1374 359 1477 propriis
380 1367 575 1439 nominibus
596 1372 635 1433 ct
657 1363 814 1454 personis
837 1372 1119 1455 cognosceretur,
1146 1366 1208 1458 qui
1230 1374 1269 1437 et
1282 1375 1340 1438 ret

212 1512 271 1585 per
291 1479 421 1553 Filium
444 1482 480 1545 et
502 1472 674 1563 Spiritum
698 1471 865 1541 Sanctum
888 1474 1112 1562 praedicatus
1134 1498 1203 1544 non
1216 1474 1341 1567 agncso'

213 1604 346 1671 batur»
371 1586 419 1655 ib.
438 1606 467 1653 c.
487 1582 544 1651 31.

274 1692 435 1791 Episcopi
467 1689 626 1761 ortodoxi
649 1689 686 1757 in
709 1688 748 1757 Π
771 1688 928 1758 Concilio
962 1690 1185 1761 Antiocheno
1215 1692 1276 1763 vel
1299 1715 1341 1763 an

212 1808 297 1885 illud
318 1803 508 1875 scribentes
531 1798 576 1867 ad
598 1796 747 1867 Paulum
771 1796 1034 1867 Samosatennm
1057 1798 1264 1893 prinsquam
1279 1802 1341 1893 dep

211 1922 349 1993 necetur
371 1910 434 1996 (l),
460 1906 581 1976 multis
597 1904 814 1995 argumentis
828 1927 871 1975 ex
890 1906 1003 1975 veteri
1013 1912 1050 1976 et
1064 1928 1154 1977 novo
1169 1914 1341 1979 testamen

210 2018 380 2117 imprimis
402 2016 561 2109 probent,
586 2013 719 2082 Filium
742 2012 807 2083 Dei
830 2036 907 2084 esse
928 2037 1050 2085 verum
1064 2016 1187 2105 Deum,
1205 2023 1284 2087 tnm
1299 2041 1342 2089 ve

214 2130 464 2229 protestantur,
489 2122 628 2192 Patrem
644 2128 680 2189 et
694 2121 827 2191 Filium
849 2146 918 2191 non
941 2124 1027 2192 duos
1049 2144 1123 2193 esse
1144 2124 1249 2212 Deos,
1264 2126 1342 2197 ntS

211 2242 406 2315 manuam
428 2229 620 2299 Catholicis
644 2229 852 2319 imponebat,
871 2230 931 2301 esd
953 2231 1065 2301 Deum
1091 2255 1200 2302 unum
1218 2234 1342 2305 eunden

210 2372 285 2447 qne.
312 2344 397 2413 Cum
421 2342 667 2411 samosatenus
690 2338 842 2424 doceret,
867 2339 1046 2410 Christum
1067 2342 1240 2433 appellari
1254 2342 1342 2414 Dum

210 2454 299 2553 «psal
323 2452 488 2534 Verbum,
514 2448 636 2517 divina
658 2448 778 2517 virtus
799 2448 1053 2540 impersonalia,
1078 2450 1116 2519 in
1139 2449 1282 2520 homine-
1301 2452 1342 2523 Ie

213 2562 399 2645 trebitaret3
417 2556 569 2647 adeoque
591 2555 642 2623 ab·
652 2561 795 2625 aeterno
810 2578 879 2625 non
895 2556 966 2625 nisi
981 2556 1277 2646 praecognitione,
1291 2564 1330 2629 ct

212 2682 365 2759 tempore
378 2672 462 2733 actu
485 2662 623 2755 quidem
639 2663 699 2731 sed
722 2662 793 2731 alio
816 2686 921 2733 sensu
936 2686 1034 2754 posse
1059 2664 1254 2755 praedicari
1269 2666 1342 2737 Deu

210 2801 312 2875 «puram
335 2774 441 2841 Pater
464 2772 558 2840 Deus
582 2770 641 2855 eit,
668 2793 710 2839 ne
734 2771 801 2840 duo
824 2771 886 2839 Dii
908 2770 1140 2841 inducantur:
1156 2772 1282 2842 Patres
1306 2774 1342 2845 dc

211 2888 338 2959 trinum
362 2882 450 2949 hanc
474 2880 652 2962 damnent,
679 2879 762 2971 quie
783 2880 901 2949 Filius
917 2886 972 2950 est
985 2879 1048 2949 ille
1067 2879 1141 2970 ipse
1156 2903 1263 2951 verus
1272 2882 1343 2953 Der

210 2995 270 3089 qui
294 2991 328 3061 in
355 2990 399 3057 V.
419 2988 461 3057 Τ.
479 2987 645 3078 apparuit
668 2994 704 3057 et
726 2989 764 3058 in
786 2989 946 3059 omnibus
967 2988 1163 3079 Scripturis
1174 2989 1270 3058 Deus
1284 3012 1343 3081 pra

210 3103 363 3175 dicatur.
390 3096 484 3179 Ideo,
510 3094 630 3181 aiunt,
650 3096 817 3166 universa
839 3096 998 3167 Ecclesia
1031 3096 1111 3165 inde
1134 3098 1178 3164 eb
1199 3096 1343 3188 Apoabu'

211 3210 407 3303 patretur,
433 3201 565 3273 Filium
587 3225 662 3272 esse
685 3205 837 3273 essentie
860 3209 895 3273 et
918 3203 1104 3295 hypostasi
1136 3204 1250 3273 Deum
1269 3212 1343 3275 aas

211 3340 303 3397 ιιιιιιι,
331 3334 439 3403 neque
463 3316 578 3379 tamen
613 3310 752 3379 Patrem
776 3316 812 3380 et
833 3311 964 3381 Filium
1000 3311 1086 3380 duos
1108 3310 1198 3379 Deos
1221 3332 1298 3381 esee
1322 3335 1343 3381 s

212 3444 316 3493 narrum
341 3418 463 3487 Deum.
485 3415 641 3484 «Visum
664 3422 718 3486 est
740 3417 852 3503 nobie,
870 3418 1048 3509 inquiunt,
1066 3417 1195 3509 scripto
1211 3440 1343 3509 expono

212 3528 323 3609 tidem,
350 3546 453 3615 quam
479 3524 675 3614 accepimns
698 3526 741 3593 ab
764 3524 868 3594 initio
898 3529 935 3594 et
956 3524 1120 3594 habemus
1150 3523 1324 3597 ccdimus

210 3634 384 3703 catholica
408 3638 530 3701 sancta
547 3632 706 3701 Ecclesia
729 3656 837 3725 nsque
854 3632 891 3701 in
907 3631 1111 3702 hodiernum
1133 3632 1223 3702 diem
1238 3655 1282 3703 ex
1306 3633 1343 3704 do

213 3744 309 3815 trina
331 3740 645 3831 Apostolorum...
672 3742 880 3813 Profitcmur
902 3747 939 3811 et
969 3739 1221 3830 praedicamus,
1248 3740 1344 3811 Filio

209 3875 283 3927 asse
308 3849 528 3941 Sapientiam
547 3856 583 3919 et
607 3849 786 3919 Virtutem
809 3850 875 3919 Dei
896 3856 978 3919 ante
1002 3847 1141 3920 saeculo
1156 3848 1344 3921 existenter

210 3986 275 4035 mm
302 3956 584 4051 praecognitione
618 3958 678 4027 sed
708 3957 861 4027 mentia
883 3962 920 4027 et
942 3956 1125 4048 hypostasi
1155 3956 1344 4043 Deum,Il

279 4236 322 4305 (1)
335 4234 388 4293 am
406 4234 520 4307 «puidam
533 4236 730 4291 controversia
742 4234 819 4291 inter
838 4232 952 4288 criticos
969 4230 1003 4285 de
1022 4229 1200 4299 genuiniute
1220 4230 1344 4301 buiusep

209 4330 319 4393 emtas,
344 4326 394 4381 ssd
412 4334 488 4383 certe
504 4326 701 4385 documentum
720 4326 794 4381 satia
817 4328 964 4381 vetustum
975 4326 1037 4390 est,
1060 4326 1092 4375 nt
1111 4336 1173 4377 cum
1190 4322 1342 4379 meacm

211 4422 262 4473 trus
274 4418 409 4483 coniungi
433 4424 584 4474 mereatur.
848 4436 851 4441 ·
