3172 4950
649 325 686 339 -
711 295 768 357 199
790 325 827 339 -

189 399 229 468 rbi
245 421 306 467 ron
327 400 448 469 obviat
469 399 679 469 relationum
702 401 905 491 oppositio»
931 401 994 487 (1).
1021 399 1111 469 Sane
1143 401 1233 492 quod
1263 423 1323 492 ap-

188 506 323 576 ellamus
334 506 554 577 adtributum
566 506 774 593 absolutum,
793 507 936 577 realiter
951 526 1020 576 non
1035 514 1091 577 est
1105 506 1204 577 eliud
1221 531 1323 600 quam

188 614 275 683 ivina
297 612 558 705 simplicissima
580 614 732 707 essentia
754 636 776 681 a
799 613 898 683 nobis
921 616 984 684 sub
1015 614 1156 684 formali
1185 615 1321 684 ratione

188 721 259 789 uius
282 720 338 791 vel
361 720 463 789 illius
485 721 720 812 perfectionis,
738 727 825 811 puta
841 721 1045 812 sapientiae,
1071 720 1230 791 iustitiae
1253 729 1320 793 etc.

188 836 342 919 ›ncepta3
368 852 431 899 nec
455 852 537 900 vero
561 830 777 901 adtributum
801 830 857 901 vel
881 853 988 899 unum
1006 832 1049 899 ab
1072 829 1184 900 altero
1207 829 1264 901 vel
1280 831 1323 900 ab

188 936 304 1005 sentia
325 937 454 1006 realem
476 937 583 1007 habet
605 937 797 1027 originem,
823 959 922 1007 secus
945 937 1014 1005 iam
1030 960 1098 1005 non
1113 942 1205 1006 esset
1226 938 1322 1006 abso-

188 1051 266 1112 rtum
290 1045 460 1131 (solutum
483 1065 504 1113 a
526 1044 722 1132 relatione),
742 1046 801 1115 sed
817 1045 1004 1135 procedens
1020 1049 1112 1113 esset
1134 1044 1323 1114 relativum

188 1149 324 1220 lenum
355 1150 568 1243 principium
594 1152 842 1243 processionis,
872 1152 1003 1245 hocque
1034 1152 1110 1242 ipso
1133 1158 1188 1221 tot
1209 1159 1324 1221 essent

188 1257 297 1335 dativi
319 1258 415 1328 inter
431 1283 468 1329 se
490 1260 635 1330 realiter
658 1261 820 1330 distincti
844 1260 880 1330 h.
903 1284 932 1331 e.
958 1266 1013 1329 tot
1035 1281 1213 1351 personae,
1239 1267 1324 1351 quot

188 1373 421 1438 onerarentur
444 1369 637 1440 adtributa.
665 1369 742 1457 (cf.
757 1370 877 1439 Tract.
900 1368 941 1437 de
958 1368 1073 1455 Deo).

216 1475 295 1545 Non
317 1475 433 1566 igitur
454 1476 532 1546 ideo
554 1477 666 1546 solum
689 1478 773 1568 quia
793 1478 973 1547 adtributa
988 1476 1132 1546 realiter
1149 1481 1232 1544 suut
1247 1476 1324 1566 ipsa

188 1583 303 1652 sentia
317 1582 454 1669 divina,
473 1584 533 1653 sed
547 1585 623 1654 ideo
640 1584 725 1677 quia
747 1584 880 1653 nullam
904 1584 1033 1654 habeut
1056 1583 1226 1672 originem
1249 1605 1323 1652 rea·

188 1713 221 1757 m
240 1691 317 1760 sive
340 1693 385 1759 ab
409 1692 560 1762 essentia
581 1693 657 1762 sive
680 1714 702 1759 a
723 1715 758 1762 se
775 1692 938 1778 invicem,
956 1693 1108 1783 adeoque
1124 1691 1250 1759 «nulla
1266 1693 1322 1759 ob·

188 1799 231 1868 iat
243 1799 455 1870 relationum
478 1800 648 1892 oppositio
667 1830 705 1886 n,
731 1802 924 1872 necessario
955 1803 1048 1871 sicut
1078 1800 1229 1870 essentia
1260 1822 1321 1890 per

188 1905 263 1977 rita
284 1907 406 1977 eadem
428 1909 582 1978 essentia
603 1911 669 1978 sub
692 1909 834 1980 formali
857 1908 993 1978 ratione
1024 1908 1182 1978 cuiusvis
1212 1907 1320 1976 adtri-

188 2011 229 2081 uti
251 2012 408 2084 absoluti
431 2022 588 2107 spectata
610 2039 680 2086 uua
704 2025 759 2086 est
782 2023 818 2086 et
832 2040 901 2085 non
917 2015 1211 2107 multiplicabilis.
1224 2013 1324 2083 Unde

188 2119 342 2214 ‚aliquod
365 2123 583 2194 adtributum
607 2123 806 2194 absolutum
830 2123 1070 2215 conciperetur
1094 2125 1131 2191 in
1155 2144 1226 2191 una
1248 2143 1324 2212 per·

188 2246 236 2295 ua
256 2250 286 2297 e.
313 2253 351 2318 g.
377 2229 415 2298 in
438 2228 555 2316 Patre,
578 2236 615 2299 et
636 2236 825 2321 negaretur
848 2230 937 2299 idem
960 2230 998 2298 in
1021 2251 1169 2320 persona
1196 2227 1320 2313 altera,

188 2334 289 2426 >ipso
312 2337 396 2408 huic
419 2338 571 2408 essentia
594 2339 718 2410 divina
741 2337 1001 2429 simplicissima
1024 2345 1061 2407 et
1083 2336 1324 2406 divinitasne·
1354 2397 1359 2404 .

188 2450 320 2533 eretum
346 2451 383 2515 et
404 2446 437 2516 ei
458 2447 675 2518 adtributum
698 2448 812 2539 specie
836 2449 947 2517 solum
971 2447 1073 2533 idem,
1098 2468 1240 2516 numero
1264 2467 1324 2512 au·

188 2575 222 2620 uu
241 2553 450 2624 distinctum
474 2555 512 2623 in
535 2554 715 2624 distinctis
737 2555 893 2646 personis
914 2555 1160 2638 affirmaretur,
1185 2575 1225 2621 eo
1248 2553 1324 2642 ipso

188 2660 323 2730 sentiae
346 2660 534 2732 distinctae
549 2667 586 2730 et
602 2661 721 2752 plures
736 2661 798 2729 Dii
814 2661 1077 2732 inducerentur.
1093 2661 1223 2728 Contra
1238 2679 1322 2728 vero

188 2772 235 2855 rpt
253 2768 442 2851 relationes
464 2767 614 2858 originis
638 2768 663 2836 i.
678 2790 708 2837 e.
724 2769 883 2837 formalis
914 2768 1007 2838 ratio
1037 2767 1156 2836 Patris
1179 2772 1215 2835 et
1237 2763 1323 2832 Filii

188 2895 194 2940 ;
210 2872 344 2965 Spirati
366 2875 511 2946 realiter
526 2876 599 2946 sint
615 2878 691 2968 ipsa
706 2877 858 2947 essentia
875 2877 1008 2962 diviua,
1029 2874 1240 2967 proindeque
1255 2894 1323 2941 non

188 2980 369 3051 teseentia
391 2982 527 3073 origiue
549 2984 639 3054 reali
661 2985 850 3075 procedant
871 3008 934 3055 nec
958 2986 1001 3052 ab
1032 3004 1073 3052 ea
1095 2982 1240 3051 realiter
1270 2978 1321 3048 di·

188 3085 403 3180 irguantur,
422 3090 553 3160 habent
566 3096 682 3173 tamen
698 3091 788 3161 istae
804 3092 992 3161 relationes
1007 3097 1043 3161 et
1059 3090 1164 3182 (quod
1180 3086 1323 3179 perinde

188 3200 220 3283 rt)
241 3197 498 3288 significatione
522 3206 681 3269 concreta
704 3200 849 3270 relativi
872 3200 966 3270 inter
983 3223 1019 3269 se
1039 3199 1211 3268 rationem
1226 3196 1321 3287 priu-

188 3301 235 3393 ipii
256 3326 297 3375 ao
319 3306 540 3397 principiati,
567 3331 658 3378 unus
681 3307 826 3377 realiter
858 3307 1015 3398 procedit
1044 3309 1087 3375 ab
1119 3306 1255 3389 altero,
1288 3309 1324 3372 et

188 3409 294 3481 roinde
321 3413 473 3481 «obviat
495 3411 705 3482 relationum
729 3413 944 3504 oppositio»
963 3419 1005 3483 ut
1027 3414 1133 3482 Pater
1156 3411 1322 3479 Filiinon

188 3513 361 3606 turilias,
386 3519 503 3590 Filius
525 3520 645 3590 Patris
667 3544 735 3590 nou
759 3521 808 3590 sit
830 3522 958 3607 Pater,
985 3520 1044 3591 sed
1076 3520 1141 3590 sub
1163 3519 1229 3588 hac
1253 3519 1321 3587 for·

188 3623 237 3693 uli
255 3626 393 3697 ratione
416 3625 645 3698 relativorum
668 3633 705 3697 et
727 3629 792 3698 snb
815 3629 880 3698 hac
904 3627 979 3698 sola
1002 3627 1146 3698 realiter
1169 3625 1263 3694 inter
1286 3643 1323 3692 se

188 3723 432 3822 intinguautur.

225 3950 262 4026 (1)
279 3953 400 4008 Ariona
422 3952 515 4021 quood
537 3968 651 4008 sensum
672 3958 731 4007 tam
751 3958 797 4007 est
816 3954 967 4020 antiquum
987 3967 1071 4020 qnam
1097 3949 1236 4020 professio
1256 3949 1321 4004 fidel

188 4038 289 4096 ilicum
304 4058 392 4096 unum
412 4043 540 4098 caecutit
558 4048 589 4097 et
610 4044 719 4097 trinum
731 4045 882 4111 personia;
899 4042 991 4110 quoad
1015 4043 1080 4111 ipsa
1104 4043 1193 4096 verbs
1212 4039 1323 4096 adhibi·

188 4139 217 4181 m
232 4133 315 4186 etiam
335 4133 368 4186 in
384 4132 512 4187 Concilio
528 4132 696 4187 Florentino
715 4132 849 4205 (decreto
868 4148 919 4201 pro
943 4134 1080 4189 Iacobitls
1091 4130 1111 4204 ),
1133 4132 1226 4186 tribul
1246 4132 1323 4185 solet

188 4219 260 4273 icari
272 4220 451 4276 &anselinoz
475 4239 550 4276 unec
561 4222 659 4276 unitae
676 4224 788 4276 amittit
804 4223 959 4291 aliquando
981 4239 1058 4278 anam
1079 4221 1320 4290 consequentiam,

188 4300 210 4357 ll
226 4320 278 4364 non
299 4311 400 4367 obviat
417 4311 517 4380 alique
537 4312 689 4366 reletlonir
709 4313 877 4381 oppositio»
902 4314 923 4366 1.
945 4312 979 4365 de
1000 4312 1112 4381 Spiritu
1135 4311 1237 4366 Sancto
1257 4324 1280 4363 c.
1293 4309 1321 4361 2.

188 4408 231 4463 ⁸⁸0
246 4401 306 4459 trie
320 4401 419 4472 priore
436 4403 531 4473 ceptts
552 4403 639 4459 huius
658 4402 728 4459 llbri
747 4401 888 4458 anselmi.
912 4402 955 4457 ct.
967 4403 1068 4456 Peter.
1081 4402 1146 4456 vn.
1161 4417 1185 4455 c.
1197 4402 1224 4454 9.
