3172 4950
660 359 838 420 -421-

188 462 290 535 iuncto
310 469 490 559 tamquam
513 463 703 533 intrinseco
718 464 866 533 termino
882 463 1077 532 necessario
1092 464 1233 549 amoris,
1260 465 1336 535 siue

188 570 318 663 [scipsa
341 593 438 641 amor
460 595 528 640 non
551 577 654 641 esset.

230 678 449 749 Solummodo
471 686 628 749 remanet
650 679 794 748 dubium
818 679 860 748 de
883 681 982 749 modo
1004 680 1188 771 loquendi,
1215 688 1335 751 utrum

188 786 372 879 impliciter
394 787 500 858 Pater
523 788 594 857 dici
616 787 728 879 possit
751 788 949 877 intelliqere
967 789 1085 870 Verbo,
1102 789 1208 858 Pater
1224 795 1261 857 et
1275 789 1336 859 Fi·

188 892 234 965 ius
255 894 404 987 dilipere
425 894 565 986 spiritu
587 897 723 965 Sancto.
750 896 931 965 Differunt
946 896 1104 987 theologi
1127 920 1194 965 non
1213 919 1336 987 parum

187 1000 383 1093 piuionibus
406 1009 442 1073 et
465 1004 575 1073 modis
597 1003 795 1093 explicandi
819 1003 884 1071 lias
899 1003 1115 1091 locutiones;
1142 1003 1264 1094 paucis
1279 1027 1336 1073 res

188 1116 219 1179 n
237 1112 543 1203 expediri-potest.
570 1111 754 1201 Distingui
777 1110 903 1179 debent
926 1113 1045 1195 verba,
1071 1132 1159 1203 qnae
1182 1118 1335 1180 tantum·

188 1220 390 1291 nodoactum
401 1220 613 1305 absolutum,
631 1225 667 1289 et
678 1241 766 1311 quae
781 1219 886 1288 etiam
903 1226 1019 1288 actum
1037 1218 1245 1289 notionalem
1261 1217 1333 1288 h.a.

188 1326 422 1397 nodnctionem
444 1326 588 1396 termini
612 1326 656 1395 ad
680 1327 776 1394 intra
799 1325 1014 1417 significant.
1041 1325 1164 1394 Priora
1188 1325 1252 1393 illa
1266 1348 1334 1395 non

188 1440 307 1504 ussum
330 1432 489 1503 construi
513 1457 591 1503 oum
613 1434 815 1503 huiusmodi
839 1434 1007 1504 ablativis
1029 1454 1255 1522 personarum
1285 1432 1337 1502 di·

188 1542 385 1611 tmrtarum.
403 1541 495 1611 Hinc
512 1542 596 1634 quia
609 1543 806 1631 intelliqere
828 1541 1035 1632 simpliciter
1059 1540 1210 1631 positum
1225 1540 1335 1632 signi·

188 1648 323 1721 lectione
346 1651 508 1721 absoluta
531 1652 771 1721 tantummodo
792 1651 951 1721 adhiberi
976 1654 1076 1741 solet,
1103 1656 1218 1724 minus
1240 1658 1337 1723 recte

188 1754 349 1829 liceretur:
365 1758 473 1827 Pater
486 1759 660 1849 intellipic
675 1759 794 1841 Verbo,·
811 1758 874 1827 hoc
891 1760 982 1828 enim
999 1760 1180 1830 videretur
1200 1758 1335 1851 signifi·

188 1884 256 1951 rure,
269 1866 408 1934 Patrem
426 1865 622 1934 formaliter
638 1866 829 1956 sapientem
847 1888 909 1934 seu
925 1866 1187 1956 intelligentem
1208 1866 1336 1937 consti·
1427 1854 1431 1861 ¹

188 1972 227 2041 lui
244 1998 302 2065 per
323 1974 492 2059 Verbum,
515 1974 751 2065 quodfalsum
771 1996 845 2043 csse
866 1997 908 2042 ex
926 1974 1167 2065 superioribus
1183 1980 1333 2043 constat.

188 2074 378 2149 Vocabulum
400 2081 577 2150 notionnle
601 2081 789 2171 designans
812 2080 1072 2172 productionem
1088 2081 1197 2151 Verbi
1213 2088 1267 2150 est
1285 2079 1337 2147 di·

188 2204 249 2255 oere.
272 2187 381 2258 Porro
405 2187 554 2279 dilipere
568 2212 635 2256 non
652 2188 762 2257 solum
786 2188 947 2258 absoluta
963 2190 1023 2258 sed
1044 2191 1148 2258 ctiam
1166 2187 1336 2259 notionali

189 2290 421 2383 significatione
452 2295 650 2381 adhibetur,
677 2297 808 2388 inqua
835 2297 1022 2385 posteriori
1054 2296 1144 2365 idem
1175 2295 1273 2365 ualet
1295 2316 1336 2362 ao

188 2392 340 2493 diligendo
359 2402 545 2494 producere
568 2419 773 2471 amoremne
798 2407 977 2471 terminum
1000 2407 1232 2472 intrinsecum.

235 2508 303 2579 lem
326 2512 363 2580 in
387 2512 452 2580 hoc
475 2534 579 2580 sensu
601 2510 773 2581 notionali
795 2533 848 2594 ea,
874 2532 962 2603 quus
988 2511 1093 2580 Pater
1119 2510 1207 2580 dicit
1230 2508 1284 2597 (b.
1303 2530 1334 2578 o.

188 2608 335 2709 intelligit
350 2624 387 2688 et
411 2618 641 2708 intelligendo
664 2617 830 2709 exprimit
850 2639 911 2686 seu
926 2623 1169 2708 repraesentat
1191 2616 1333 2701 Verbo),

188 2726 307 2817 douae
341 2725 449 2795 Pater
482 2748 523 2795 ao
552 2726 669 2794 Filius
704 2725 886 2815 diligunt,
915 2733 1061 2816 possunt
1095 2723 1271 2814 signifiuri
1296 2728 1337 2791 nt

188 2824 332 2902 obiectum
356 2832 420 2920 (in
443 2831 694 2917 accusativo),
725 2837 762 2900 ct
786 2832 870 2923 quia
893 2831 978 2899 talis
1002 2831 1110 2900 dictio
1133 2839 1170 2899 et
1193 2828 1336 2899 dilectio

188 2942 227 3006 tol
242 2940 398 3011 velutin
421 2947 504 3010 actu
527 2938 696 3029 completo
716 2962 778 3029 per
802 2938 991 3008 terminum
1014 2922 1242 3007 intrinsecum
1259 2958 1336 3026 pro·

188 3036 327 3135 lictum,
354 3049 429 3118 sina
452 3071 519 3141 quo
543 3070 707 3117 essenon
733 3054 872 3137 posset,
900 3053 994 3116 recte
1020 3047 1078 3115 hic
1104 3044 1276 3114 terminus
1299 3042 1336 3112 in

188 3148 318 3226 rtunvo
345 3156 489 3226 additur
525 3162 565 3225 nt
588 3154 779 3244 productus
811 3154 964 3224 dictione
987 3177 1028 3224 ac
1052 3154 1249 3223 dilectione.
1277 3150 1337 3219 Sic

188 3250 276 3345 initur
302 3263 407 3333 Pater
431 3286 466 3333 se
489 3269 525 3332 et
548 3262 620 3330 alia
644 3262 758 3331 omnis
782 3284 870 3354 quae
893 3260 982 3330 dicit
1005 3261 1055 3350 (b.
1079 3285 1110 3330 e.
1129 3281 1216 3353 quae
1234 3257 1336 3328 intel·

188 3354 309 3441 bonone
338 3370 549 3461 producente
582 3370 735 3439 Verbum
759 3368 1068 3460 comprehendit),
1097 3370 1201 3436 Verbo
1226 3367 1336 3446 dicit,-

188 3462 268 3543 Peter
287 3483 324 3549 et
337 3477 455 3545 Filius
469 3499 506 3546 se
523 3480 572 3563 (et
588 3497 822 3567 quaecumque
846 3476 1125 3565 complectuntur
1148 3472 1336 3543 dilectione

188 3568 372 3663 murense
395 3570 544 3653 amorem
567 3583 837 3670 immanentem),
862 3583 1019 3674 diliquit
1036 3584 1174 3671 Spiritu
1192 3582 1328 3649 sancio.

189 3676 299 3765 tubus
329 3692 447 3763 verbis
482 3691 730 3781 significatur,
764 3692 817 3761 ait
838 3692 953 3776 Ruiz,
983 3689 1166 3779 udiliqere
1198 3687 1336 3776 Spiritu

188 3784 285 3869 &noto
308 3816 483 3892 tamquam
508 3802 650 3868 termino
669 3797 836 3890 producto
852 3776 1059 3891 simpliciter
1079 3796 1280 3875 necessario,
1296 3808 1337 3859 ut

188 3912 315 3985 bootia
339 3908 516 3999 diliqendi
524 3909 637 4001 possit
653 3909 783 3973 vermi
799 3910 891 3973 circa
908 3908 1038 3973 obiecto
1055 3905 1193 3972 dilecta.
1215 3900 1337 3971 nVido

188 3992 255 4081 tm
270 4016 360 4110 disp.
379 4014 585 4101 74.seet.2;
603 4014 885 4105 disputaret.
904 4013 976 4081 s-o.
992 4011 1047 4081 cf.
1060 4011 1097 4082 s.
1109 4011 1175 4081 rs.
1188 4007 1333 4102 1.q.sr.

188 4118 441 4211 ipsum-021,
460 4122 526 4192 IX.
545 4146 576 4192 c.
595 4121 691 4209 10;1,
709 4121 774 4190 XI.
788 4144 820 4190 c.
840 4120 873 4189 3.
