3172 4950
541 347 579 362 -
600 314 642 375 59
661 346 699 359 -

33 422 141 491 luisse
153 421 223 489 ium
237 421 275 489 in
295 422 465 489 communi
486 421 635 489 lectione
657 419 893 488 Ecclesiarum
910 418 1054 489 Africae
1071 424 1207 488 textum

36 522 336 616 tauti‘momeuti5
361 550 427 597 uae
452 528 484 596 is
507 528 606 617 pensi
630 528 774 595 haberet
794 549 863 594 non
887 527 1002 595 minus
1034 527 1207 616 principia
1281 546 1284 551 ·

41 639 149 705 omnia
164 634 265 729 quain
285 636 518 709 constantiam
534 642 570 703 et
586 635 822 724 vigilantiam,
842 633 969 725 quibus
991 632 1149 702 Ecclesia
1171 635 1208 700 in
1357 626 1364 639 '

46 745 271 815 custodiendis
286 768 335 812 ss.
347 744 542 833 Scripturis
557 765 689 832 semper
704 743 903 831 regebatur.
921 742 1096 824 Quomodo
1114 742 1209 809 intra

49 850 121 919 illos
131 852 183 919 50.
197 872 305 919 anuos
322 850 455 919 nemine
471 850 675 919 advertente
687 850 780 918 tanti
792 848 954 917 momenti
968 847 1116 916 mutatio
1131 848 1207 915 uni·

54 960 185 1029 versalia
206 960 284 1029 lieri
308 958 425 1049 potuit
438 958 476 1025 in
492 958 629 1040 Africa,
650 958 709 1026 ubi
726 958 767 1025 ob
783 957 1009 1025 mutationem
1034 956 1208 1025 versionis

56 1068 89 1135 iu
100 1090 133 1135 re
153 1067 252 1157 louge
274 1066 402 1135 minori
418 1071 517 1135 ortus
543 1072 597 1135 est
614 1071 736 1133 tantus
758 1065 944 1150 tumultus,
960 1071 1001 1133 ut
1025 1071 1208 1154 cogeretur

29 1229 37 1243 .
58 1174 228 1266 Episcopus
249 1174 366 1244 redire
388 1174 433 1242 ad
455 1180 606 1243 veterem
622 1181 658 1242 st
674 1174 841 1242 usitatam
858 1173 1039 1241 lectionem
1057 1202 1074 1236 u
1089 1172 1209 1241 voleus

61 1289 123 1373 post
141 1304 301 1373 maguum
324 1281 517 1371 periculum
541 1304 609 1349 non
633 1304 809 1350 remanere
827 1268 915 1349 ¹sine
939 1280 1071 1370 plebe»
1097 1281 1206 1369 (Aug.

62 1412 105 1479 ep.
115 1391 162 1459 71.
175 1415 210 1459 n.
224 1393 273 1476 ὅ).
292 1390 532 1459 Nihilominus
554 1413 632 1459 cum
656 1397 808 1480 tempore
839 1388 1037 1478 Augustini
1060 1389 1096 1456 in
1121 1389 1208 1456 mul·

62 1498 101 1567 tie
123 1499 291 1569 codicibus
314 1499 451 1588 graecis
474 1520 604 1567 comma
627 1498 696 1566 iam
720 1497 898 1581 defuerit,
932 1503 967 1565 et
993 1496 1073 1565 iude
1104 1497 1209 1565 etiam

64 1603 310 1698 inexemplaria
332 1607 445 1675 latina
468 1608 599 1677 alicubi
623 1608 697 1676 sine
721 1607 825 1676 dubio
849 1607 934 1676 haec
967 1606 1067 1674 velut
1096 1628 1209 1674 emen·

64 1712 138 1783 datio
157 1715 417 1804 immigrasset,
441 1717 559 1806 potuit
581 1715 808 1804 Augustinus
832 1716 868 1783 iu
893 1714 967 1784 suis
991 1714 1134 1803 scriptis
1152 1735 1209 1803 pc·

64 1817 193 1908 lmicis,
217 1823 422 1892 nominatim
444 1824 615 1892 adversus
637 1822 878 1907 Maximinum,
893 1821 956 1890 hoc
973 1821 1208 1891 testimonium

64 1927 258 1999 dissimlare
289 1930 389 1997 iuxta
426 1953 527 1999 suum
558 1929 770 2020 principium
807 1930 1082 2013 oeconomicum,
1120 1927 1209 2020 quod

65 2055 133 2123 ques
144 2035 272 2104 alicubi
286 2036 324 2104 iu
341 2036 484 2105 dubium
498 2044 679 2121 vocantur,
701 2058 800 2103 anon
822 2040 925 2103 tanta
948 2035 1116 2105 firmitate
1133 2056 1209 2125 pro·

66 2140 202 2212 feruutur
214 2144 384 2213 adversus
399 2145 699 2213 contradictores»
713 2143 925 2230 (vidTract.
937 2143 978 2211 de
989 2165 1035 2209 ss.
1047 2142 1207 2231 Script.).

65 2246 178 2320 Iliserte
200 2251 325 2321 saltem
349 2251 460 2322 locum
484 2252 644 2343 nuspiam
669 2251 758 2319 citat
788 2250 825 2317 in
849 2250 1011 2342 operibus
1043 2272 1130 2342 quae
1154 2238 1233 2319 su?

65 2360 256 2445 pereuntis
278 2358 510 2429 allusionibus
534 2359 623 2428 satis
646 2359 753 2427 claris
777 2358 857 2428 vide
880 2381 984 2448 penes
1006 2358 1058 2427 De
1080 2358 1211 2447 Rulleis

66 2462 217 2537 dissertet.
244 2468 305 2537 cit.
326 2490 355 2537 c.
375 2466 407 2535 a.
424 2469 470 2537 cf.
488 2465 621 2557 Bengel
645 2468 815 2557 Apparet.
831 2466 911 2534 crit.
932 2466 969 2533 in
992 2465 1028 2532 h.
1047 2463 1072 2533 l.
1090 2471 1121 2546 §-
1141 2464 1208 2552 203

65 2568 145 2643 cna.
158 2574 230 2642 Mai
246 2574 402 2655 Praefat.
418 2574 462 2642 ad
478 2573 721 2663 Speoul.Aug.
733 2598 766 2662 p.
783 2572 866 2641 VII.

113 2680 181 2749 Iam
195 2704 237 2751 ex
250 2681 399 2751 lectione
414 2680 451 2749 iu
466 2680 636 2751 Ecclesiis
651 2680 795 2749 Africae
816 2679 1087 2748 concludendum
1105 2678 1208 2765 foret,

64 2787 179 2857 eandem
202 2790 242 2858 in
264 2788 348 2857 aliis
371 2811 504 2881 quoque
527 2787 696 2857 Ecclesiis
719 2787 991 2857 occidentalibus
1018 2810 1086 2855 non
1110 2786 1211 2855 defe-

53 2895 149 2983 cisse,
172 2898 309 2967 etiamsi
331 2898 376 2966 ad
399 2898 436 2965 id
460 2898 673 2988 probandum
698 2897 840 2966 disertis
863 2895 1072 2964 testimoniis
1096 2896 1212 2965 desti-

64 3008 228 3074 tueremur.
239 3006 335 3074 Haeo
349 3011 465 3074 tamen
480 3005 681 3075 testimonia
695 3027 764 3072 non
780 3004 917 3073 desunt.
932 3005 990 3073 Ad
1005 3003 1211 3094 Hispaniam

64 3112 217 3198 emnem
234 3141 250 3177 a
265 3112 432 3182 Collectio
449 3112 739 3182 Testimoniorum
755 3112 957 3202 Scripturas
973 3118 1009 3180 et
1023 3112 1168 3179 Petrum
1178 3138 1210 3197 n,

39 3232 42 3237 '
65 3238 146 3305 quam
165 3218 206 3289 F.
221 3220 268 3287 A.
286 3219 471 3288 Zaccarias
495 3220 631 3289 censuit
654 3219 690 3287 S.
710 3218 845 3288 Isidoro
867 3218 1110 3310 antiquiorem,
1129 3218 1212 3286 Mar-

65 3322 132 3401 teins
151 3334 186 3398 et
207 3328 384 3423 Arevalus
407 3326 541 3396 Isidoro
565 3327 634 3417 ipsi
654 3327 766 3395 tribui
781 3350 880 3417 posse
903 3334 1076 3417 putarunt
1098 3325 1211 3417 (Opp.

66 3426 216 3504 &Isidori
235 3436 289 3505 ed.
300 3434 455 3504 Arevalo
477 3434 518 3504 Τ.
531 3435 582 3504 ΙΙ.
598 3436 697 3526 p.27.
711 3458 797 3526 seq.;
817 3434 1004 3502 Isidorian.
1016 3458 1046 3502 c.
1057 3433 1142 3521 83),
1160 3455 1212 3502 co-

66 3532 246 3611 dcxdoiude
269 3542 513 3611 celeberrimus
527 3542 721 3612 Bibliorum
738 3541 929 3611 Toletanus
951 3565 1019 3611 non
1041 3542 1214 3611 recentior

68 3648 179 3717 seculo
194 3650 286 3719 VIII
302 3649 366 3737 (cl.
376 3651 415 3719 P.
427 3650 631 3721 Vercellone
646 3652 818 3741 Apparet.
834 3650 927 3718 Bibl.
944 3649 985 3718 Τ.
1001 3649 1031 3717 Ι.
1045 3649 1143 3718 Lect.
1154 3671 1215 3719 va·

68 3750 251 3848 riunvulg.
267 3781 302 3848 p.
318 3758 364 3825 84
378 3763 412 3846 );
438 3758 607 3827 Etherius
631 3765 667 3827 et
689 3759 820 3826 Beatus
845 3764 966 3826 contra
988 3756 1211 3847 Elipandum;

70 3865 131 3930 &ute
149 3862 209 3933 hos
231 3865 384 3949 Idacius,
405 3865 483 3933 siis
506 3871 561 3934 est
583 3873 705 3936 auctor
729 3865 980 3956 disputationis
1004 3870 1125 3933 contra
1145 3864 1214 3933 Va·

71 3964 214 4041 rimadum
243 3975 317 4061 (cf.
334 3974 501 4043 Ruinart.
528 3982 749 4044 commentar.
768 3975 805 4043 in
829 3975 924 4043 Hist.
948 3995 1078 4063 perseo.
1098 3972 1213 4042 Vand.

73 4075 132 4148 tt.
144 4102 175 4148 u.
189 4083 266 4172 7.p.
280 4081 348 4149 442
360 4087 386 4167 ).
411 4081 454 4150 In
471 4080 528 4150 his
545 4081 774 4151 monumentis
790 4086 909 4150 exstat
923 4103 1108 4170 expressus
1132 4102 1217 4148 ver-
1265 4076 1270 4085 “

74 4198 118 4248 lus
135 4186 172 4251 7¹⁵
193 4188 235 4257 de
258 4187 408 4257 testibus
430 4188 468 4256 in
492 4187 584 4257 coslo
601 4210 671 4256 una
687 4211 765 4257 cum
781 4188 827 4254 8*⁰
843 4188 885 4256 de
900 4187 1050 4257 testibus
1067 4186 1104 4255 in
1120 4192 1216 4254 terra

75 4294 104 4355 lt
113 4296 218 4365 textus
239 4297 396 4366 sincerus
418 4297 587 4389 epistolae
610 4297 752 4365 Ioannis
776 4296 886 4387 (Opp.
899 4295 1063 4363 s.Isidor.
1077 4294 1213 4364 'RVIL

72 4414 101 4483 r·
107 4398 171 4493 2913
179 4405 360 4477 Lectiones
375 4428 452 4477 var.
471 4429 514 4476 ex
529 4406 604 4476 cod.
616 4404 728 4475 Tolct.
742 4404 780 4473 in
796 4402 1099 4492 Vindiciis.Vulg.
1111 4402 1216 4470 Blan-
