3180 4944
693 361 733 379 ..
752 328 813 392 508
833 362 871 378 -

206 435 365 506 versione
387 434 629 526 dignissimum
651 441 734 520 est,
759 437 849 526 quod
872 436 909 504 in
932 434 999 504 hac
1028 433 1202 503 diuturna
1230 439 1265 503 et
1284 455 1342 524 gra

206 544 352 613 vissima
374 565 492 633 pugna
514 566 575 632 pro
598 542 665 612 fide
688 542 860 612 catholica
882 547 1004 612 contra
1023 541 1341 626 Pnenmctomaohos,

206 649 379 740 processio
403 649 557 739 Spiritus
581 649 702 719 Sancti
723 670 745 717 a
766 648 860 718 Filio
882 649 1124 719 assumebatur
1156 670 1178 714 a
1207 648 1344 717 Patribus

208 763 251 826 ut
273 756 540 826 notissimanec
563 756 725 846 indigens
748 757 1038 826 demonstratione
1060 754 1241 846 polemico,
1255 775 1344 845 quau·

208 860 265 928 vis
288 859 332 928 ad
354 859 603 928 abundantiam
625 882 699 929 cam
729 860 863 929 soleant
893 860 1094 929 confirmare
1124 864 1162 927 et
1191 857 1346 927 illustrare

208 989 250 1035 ex
273 965 359 1033 locis
383 965 420 1034 S.
435 965 803 1055 Scripturae.Directe
825 965 916 1035 eninr
938 965 1176 1034 demonstrare
1187 962 1347 1032 intendunt

207 1070 458 1161 processionem
480 1092 501 1136 a
523 1070 629 1140 Patre
651 1071 788 1140 atinde
811 1070 1032 1141 divinitatem
1055 1069 1215 1161 Spiritus
1237 1066 1345 1151 Sancti,

209 1184 314 1270 atque
336 1178 381 1246 ad
397 1177 488 1246 hanc
502 1177 827 1247 demonstrationem
839 1183 1020 1246 assumunt
1034 1176 1283 1267 processionem
1292 1174 1349 1265 Spi-

208 1284 301 1353 ritus
324 1305 346 1352 a
367 1283 462 1352 Filio
484 1290 526 1353 ut
548 1284 758 1375 principium
780 1283 898 1354 notius
920 1289 956 1353 et
977 1306 1081 1353 sensu
1111 1283 1272 1372 generico
1290 1303 1348 1351 oon·

209 1413 342 1461 cessum
365 1393 408 1459 ab
430 1391 519 1481 ipsis
541 1391 768 1461 adversariis.

275 1496 319 1564 2‘.
333 1495 456 1565 Modus
471 1496 561 1566 alter
576 1496 779 1587 disputandi
790 1502 855 1581 est,
870 1503 913 1567 ut
926 1498 997 1566 PP.
1016 1497 1102 1566 data
1119 1497 1257 1589 quidem
1268 1515 1351 1586 opere

209 1600 445 1671 demonstrent
466 1603 716 1692 processionem
740 1603 896 1694 Spiritus
920 1603 1041 1672 Sancti
1063 1625 1084 1671 a
1106 1605 1226 1688 Patre,
1239 1602 1278 1671 dc
1297 1621 1352 1693 qua

210 1709 342 1779 directe
364 1715 442 1777 erat
465 1709 633 1801 quaestio,
659 1709 763 1779 simul
785 1733 868 1780 vero
892 1711 990 1780 velut
1011 1710 1185 1779 inclusam
1207 1707 1352 1779 etexilla

211 1815 318 1885 facile
341 1815 605 1905 intelligendam
636 1817 852 1906 coniungant
879 1816 1129 1908 processionem
1151 1838 1174 1884 a
1194 1815 1294 1884 Filio.
1307 1811 1351 1881 Ad

210 1927 453 2011 argumentum
475 1920 750 2007 haereticorum,
776 1922 866 2015 quod
890 1923 1046 2012 Spiritus
1067 1920 1221 1991 Sanctus
1242 1919 1294 1989 vel
1311 1922 1352 1988 est

209 2014 326 2095 Filius
348 2028 414 2096 Dei
438 2028 494 2096 vel
516 2035 701 2115 creatura,
726 2029 980 2120 responsionem
1002 2028 1206 2099 audivimus
1221 2028 1257 2097 S.
1271 2026 1350 2095 Basi-

209 2133 263 2202 lii.
283 2132 382 2201 ocur
399 2133 556 2223 Spiritus
570 2159 639 2205 non
662 2136 799 2207 dicatur
821 2136 938 2205 Filius
959 2135 1069 2204 Filii?
1091 2135 1171 2205 Non
1195 2133 1280 2227 quod
1298 2154 1349 2200 non

210 2238 260 2309 sit
282 2262 323 2306 ero
346 2240 415 2306 Deo
434 2265 498 2330 per
520 2243 666 2326 Filiam,
690 2244 750 2313 sed
773 2267 815 2313 ue
833 2243 990 2312 Trinitas
1012 2247 1159 2333 putetur
1183 2238 1347 2310 multitudo

210 2344 352 2415 infinita
369 2345 420 2433 (in
443 2367 512 2437 qua
534 2346 608 2416 sint
636 2347 724 2417 Filii
753 2371 796 2418 ex
825 2348 989 2434 Filiis)...
1013 2348 1203 2437 Propterea
1231 2370 1271 2416 ex
1295 2346 1348 2417 Dec

209 2474 286 2521 esse
308 2451 499 2541 Apostolus
521 2459 639 2542 aperto
662 2454 800 2547 quidem
823 2455 1052 2545 praedicavit,
1078 2455 1240 2546 quoniam
1260 2451 1348 2543 Spiri

209 2565 286 2628 tum
309 2559 369 2651 qui
392 2582 434 2628 ex
457 2560 529 2628 Deo
551 2566 623 2646 est,
649 2562 861 2651 accepimus;
894 2568 930 2632 et
958 2563 1047 2653 quod
1077 2585 1140 2653 per
1162 2561 1290 2631 Filium
1311 2558 1346 2628 cl·

210 2665 336 2750 fulsit,
362 2667 585 2736 manifestum
614 2668 790 2755 reddidit,
816 2672 986 2758 Spiritum
1008 2670 1100 2738 Filii
1130 2673 1240 2760 ipsum
1264 2667 1346 2734 nosai-

211 2772 325 2838 nondo
353 2776 441 2841 sicut
471 2788 504 2840 et
526 2775 620 2858 Dei,
652 2782 688 2844 et
717 2777 922 2866 appellando
952 2792 1091 2844 mentem
1122 2776 1256 2846 Olus-isti
1279 2778 1347 2841 sicar

210 2880 381 2968 Spiritum
395 2882 461 2948 Dei
478 2908 494 2944 n
512 2888 578 2951 eto.
597 2883 707 2952 Basil.
727 2891 837 2953 contr.
858 2885 1005 2953 Eunom.
1024 2886 1067 2955 V.
1083 2908 1119 2976 p.
1134 2884 1214 2954 305.
1229 2883 1346 2964 uQueu·

210 2985 393 3077 doquidem
423 2987 578 3077 Spiritus
609 2991 758 3060 Sanctus
789 2992 946 3081 procedit
978 3017 1019 3058 ex
1047 2994 1155 3060 Patre
1188 3006 1219 3059 et
1250 2989 1346 3067 Filio,

210 3094 434 3162 manifestum
464 3102 542 3181 est,
575 3098 690 3187 ipsum
727 3098 865 3165 divinae
895 3123 961 3165 esse
990 3102 1173 3181 essentiae,
1209 3095 1346 3167 ascuto

210 3197 294 3265 liter
323 3199 361 3264 in
390 3199 467 3287 ipsa
496 3207 533 3269 et
561 3224 603 3270 ex
633 3203 710 3292 ipsa
739 3204 974 3292 procedentem
1001 3230 1016 3266 n
1042 3203 1171 3294 Cyrill.
1202 3203 1346 3272 Theseu.

211 3325 245 3393 p.
257 3302 334 3369 345.
351 3303 417 3372 Sed
433 3304 502 3374 huc
517 3307 650 3376 adferri
664 3315 804 3398 possent
818 3309 1018 3378 testimonia
1032 3311 1105 3379 fere
1121 3312 1235 3379 omnia
1249 3311 1347 3389 citou,

211 3411 272 3479 ubi
295 3434 491 3502 expressam
511 3415 654 3484 Patrum
677 3415 870 3485 doctrinam
892 3418 1144 3507 proposuimus.

278 3519 381 3589 32111
403 3542 442 3588 eo
465 3543 564 3611 quem
588 3521 740 3590 diximus
771 3528 868 3591 statu
898 3524 1136 3614 quaestionis,
1170 3520 1349 3615 praesertim

212 3625 348 3716 quaudo
372 3647 495 3715 scopus
517 3625 694 3695 Ecclesiae
716 3632 793 3695 erat
814 3650 882 3696 non
897 3630 1172 3718 argumentando
1195 3630 1349 3699 confutare

212 3732 272 3801 sed
295 3733 407 3801 solum
430 3733 565 3802 directa
589 3734 802 3823 oppositione
824 3735 1003 3804 doctrinae
1026 3735 1218 3807 catholicae
1239 3750 1349 3804 errores

212 3837 413 3906 authentice
429 3839 674 3922 condemnare,
700 3845 741 3906 ut
763 3840 801 3906 in
825 3840 991 3928 symbolis
1013 3847 1049 3909 et
1071 3840 1108 3907 in
1131 3841 1301 3921 Consiliis,
1311 3834 1348 3903 ui·

212 3942 265 4009 hil
288 3966 374 4033 opus
395 3951 472 4014 erat
494 3944 660 4035 explicita
689 3945 922 4014 declaratione
950 3947 1180 4034 processionis
1209 3969 1231 4013 a
1251 3944 1345 4022 Filio;

213 4049 272 4118 sed
296 4050 364 4118 imo
387 4053 499 4141 magis
522 4053 655 4121 directa
670 4053 842 4142 oppositio
857 4053 1058 4142 postulabat
1074 4054 1280 4122 solummodo
1289 4067 1345 4140 pro·

212 4157 395 4226 sessionem
418 4158 570 4249 duplicis
593 4160 719 4248 capitis
741 4161 862 4249 negati
885 4181 906 4225 a
929 4158 1271 4229 Pneumatomachis:
1288 4175 1344 4246 pro

212 4265 395 4335 fessionem
418 4267 583 4335 videlicet
605 4267 832 4357 processionis
847 4290 890 4335 ex
912 4267 1017 4336 Patre
1033 4273 1069 4336 et
1084 4266 1277 4336 divinitatis
1288 4259 1343 4349 Spi-

211 4370 305 4441 ritus
329 4373 461 4442 Sancti.
479 4373 537 4441 Ita
559 4373 751 4444 Concilium
774 4372 1027 4453 oecumenicum
1042 4373 1093 4444 H.
1111 4396 1200 4445 anno
1218 4370 1288 4443 381.
1301 4363 1344 4434 tl·
