3172 4950
644 346 681 361 -
704 314 765 377 459
785 348 822 363 -

192 418 259 483 otro.
272 444 289 479 n
298 414 400 487 Sicut
413 440 497 507 ergo
510 419 616 488 Pater
630 421 765 509 genuit,
783 419 900 489 Filius
916 421 1059 510 genitus
1074 427 1139 509 est3
1155 423 1207 491 ita
1218 422 1324 492 Pater

191 519 262 605 risit,
278 520 396 591 Filius
418 524 546 593 missus
567 533 677 594 est...
695 526 797 595 Sicut
812 525 902 595 enim
919 533 1042 596 natum
1065 536 1211 596 esseest
1230 527 1324 597 Filio

191 626 301 697 ,Petro
323 652 410 715 esse,
437 629 489 699 ita
512 630 607 701 mitti
629 639 685 702 est
706 633 801 701 Filio
825 635 986 722 cognosci
1014 635 1104 727 quod
1121 633 1243 703 abillo
1262 635 1322 703 sit.

191 732 216 805 tt
231 736 318 806 sicut
341 738 494 829 Spiritui
518 740 645 809 Sancto
669 742 793 807 donum
815 741 881 810 Dei
904 765 980 810 essa
1002 742 1239 833 (proprietate
1261 765 1326 814 sua

191 864 234 911 ase
253 842 470 934 donabitem),
496 856 550 918 est
572 871 594 916 a
609 850 713 919 Petro
736 851 931 939 procedere,
952 850 1006 918 ita
1022 851 1116 920 mitti
1133 859 1188 922 est
1202 875 1325 943 cogno·

191 949 310 1043 siqnia
333 955 377 1022 ab
399 955 463 1023 illo
485 956 661 1046 procedat.
680 957 752 1026 Nec
768 980 952 1047 possumus
974 958 1108 1043 dicere,
1134 960 1224 1051 quod
1248 959 1325 1051 Spi-

190 1053 248 1124 itus
268 1058 419 1130 Sanctus
440 1068 478 1131 et
498 1085 520 1128 a
541 1062 635 1131 Filio
657 1086 725 1131 non
748 1063 930 1153 procedat,
955 1064 1172 1156 nequeenim
1189 1066 1326 1134 frustra

190 1158 247 1231 llam
258 1166 411 1257 Spiritus
422 1179 459 1239 et
473 1171 592 1241 Patris
607 1179 643 1240 et
659 1170 746 1239 Filii
762 1170 917 1261 Spiritus
932 1170 1108 1241 dicitur...
1126 1173 1227 1255 Quod
1243 1195 1326 1262 ergo

190 1275 221 1345 tit
234 1278 414 1349 Dominus:
448 1303 547 1373 quem
571 1303 635 1370 ego
659 1279 796 1348 mittam
828 1280 926 1349 vobis
956 1303 979 1348 a
1008 1281 1139 1365 Patre,
1172 1282 1327 1351 ostendit

190 1380 325 1473 Spiritum
347 1388 467 1457 Patris
489 1395 526 1456 et
546 1388 691 1458 Filii...
711 1388 789 1458 Non
812 1387 889 1457 ideo
912 1391 1078 1456 minorem
1092 1386 1226 1457 Filium
1242 1388 1326 1481 quia

190 1494 282 1565 nuans
310 1504 365 1566 est
387 1518 410 1563 a
431 1496 561 1582 Patre,
587 1519 648 1565 nec
671 1497 749 1564 ideo
772 1495 939 1565 minorem
963 1495 1135 1585 Spiritum
1158 1496 1324 1565 Sanctum

189 1601 244 1691 pic
261 1609 294 1672 et
315 1603 421 1673 Pater
450 1626 529 1672 eum
559 1603 657 1671 misit
684 1609 720 1672 et
750 1602 890 1687 Filius,
921 1602 1133 1673 sufficienter
1155 1609 1325 1695 qnantum

189 1708 305 1779 rbitror
335 1710 609 1780 demonstratum
641 1718 708 1780 est.
739 1710 822 1779 Sive
853 1711 944 1780 enim
974 1716 1117 1801 proptor
1148 1709 1325 1779 visibilem

189 1825 350 1886 araturam
372 1821 528 1908 (propter
551 1818 711 1886 effectum
734 1817 779 1885 sd
803 1822 932 1903 extra),
957 1818 1033 1885 aive
1055 1816 1172 1906 potina
1186 1832 1327 1907 propter

189 1925 324 2015 principii
346 1925 663 1993 commendationem
685 1950 753 1995 non
776 1932 918 2015 propter
952 1925 1239 2017 inaequalitatem
1270 1924 1326 1994 vel

189 2026 417 2121 imparilitatem
434 2034 492 2103 vel
503 2034 826 2104 dissimilitudinem
842 2034 1062 2103 substantiae
1078 2034 1115 2102 in
1132 2032 1326 2123 Scriptnris

188 2131 245 2209 loto
263 2140 377 2231 posita
399 2139 653 2230 intelliguntur
668 2165 676 2228 ;
702 2141 786 2232 quia
801 2140 941 2209 etiamsi
964 2139 1137 2209 voluisset
1151 2140 1246 2209 Deus
1261 2139 1326 2207 Pa·

188 2246 223 2313 ter
237 2270 293 2337 per
314 2248 506 2319 subiectam
529 2254 725 2318 creaturam
748 2248 940 2317 visibiliter
956 2271 1136 2339 apparere,
1156 2246 1326 2315 absurdis·

188 2352 243 2422 tine
262 2370 372 2425 tameo
395 2371 456 2423 aut
480 2381 502 2422 c
523 2358 621 2425 Filio
645 2382 742 2448 quem
763 2360 897 2447 petiuit,
922 2371 984 2423 cat
1007 2382 1029 2423 c
1051 2358 1190 2446 Spiritu
1203 2356 1326 2424 Sancto

188 2466 229 2549 qai
245 2466 284 2531 cd
308 2466 372 2532 illc
395 2465 561 2554 procedit,
585 2468 707 2532 missas
729 2464 921 2532 diceretur»
937 2463 974 2532 S.
988 2463 1084 2552 Aug.
1105 2462 1323 2531 Trin.1.1v.

188 2570 266 2640 nii.
283 2571 338 2639 et.
365 2570 603 2640 Pulcherrima
627 2570 910 2640 honorationem
933 2570 1112 2641 concludit
1141 2568 1325 2638 Bessarion

187 2670 376 2747 cardinalis:
404 2711 420 2743 a
446 2680 503 2747 vis
525 2679 598 2747 ista
620 2678 782 2747 mittendi
806 2700 893 2771 quae
916 2678 1009 2746 inest
1030 2675 1131 2745 Patri
1153 2680 1190 2745 et
1210 2674 1324 2758 Filio,

187 2788 342 2857 troandum
367 2809 469 2880 quam
503 2787 602 2854 ambo
625 2785 774 2856 mittunt
796 2786 969 2876 Spiritum
993 2784 1184 2868 Sanctum,
1210 2804 1325 2874 quem-

187 2888 336 2964 tdnodum
361 2902 397 2963 et
418 2899 593 2963 nostrates
616 2893 772 2981 (Graeci)
796 2894 967 2977 fatentur,
993 2890 1049 2959 vel
1072 2891 1190 2959 eadem
1214 2889 1327 2958 estin

187 2992 264 3071 Patre
283 3011 319 3072 et
340 3002 434 3072 Filio
470 3002 527 3071 vel
550 3001 622 3069 alia
644 3009 681 3072 et
704 3001 787 3070 alia.
815 2999 883 3070 Sed
905 3002 936 3068 ai
959 3000 1031 3068 alia
1062 3006 1099 3068 et
1128 2998 1224 3083 alia,
1258 2997 1329 3067 erit

187 3104 293 3179 silicet
316 3111 424 3179 maior
454 3118 491 3178 et
512 3109 624 3178 minor
657 3115 693 3178 et
725 3114 974 3201 consequenter
1010 3106 1190 3176 missiones
1224 3111 1329 3174 erunt

187 3206 329 3304 diversae,
355 3218 469 3309 igitur
492 3240 602 3310 neque
624 3238 696 3285 una
712 3215 768 3286 vis
783 3225 819 3286 et
836 3215 996 3306 potentia
1017 3237 1128 3305 neque
1152 3235 1222 3282 una
1237 3213 1328 3303 ipso·

187 3325 561 3416 moenimenta...
589 3323 687 3413 Ergo
709 3346 778 3393 non
803 3323 876 3391 alia
903 3329 1008 3415 atque
1031 3322 1103 3390 alia
1127 3321 1187 3391 sed
1210 3319 1327 3389 eadem

186 3434 225 3495 ⁸⁸1
243 3436 378 3520 (virtus
401 3432 602 3520 mittendi).
640 3433 691 3499 At
713 3454 797 3502 vero
822 3433 859 3502 in
882 3432 987 3500 Patre
1018 3430 1135 3499 virtus
1165 3425 1328 3497 mittendi

186 3528 329 3623 Spiritum
361 3542 466 3613 simul
497 3547 552 3610 est
575 3564 651 3610 cum
676 3541 809 3610 virtute
843 3539 999 3629 spirandi
1034 3539 1166 3628 ipsum;
1197 3556 1329 3624 semper

186 3641 253 3717 ‘tim
271 3650 375 3721 Pater
398 3648 512 3741 spirat
527 3647 699 3739 Spiritum
717 3646 883 3716 Sanctum
899 3653 935 3714 et
951 3645 1089 3735 spirans
1104 3666 1183 3712 eum
1200 3640 1324 3709 mittit.

186 3739 257 3841 Ergo
275 3765 311 3827 et
332 3750 450 3825 Filius
473 3775 543 3823 una
566 3777 644 3823 oum
667 3754 802 3822 virtute
819 3751 975 3841 spirandi
992 3758 1029 3820 et
1043 3750 1235 3840 producens
1250 3769 1328 3814 eom

185 3851 282 3948 mittit,
306 3864 423 3953 igitur
443 3868 482 3931 ct
502 3860 619 3929 Filius
636 3866 692 3929 cst
714 3858 871 3949 Spiritus
894 3857 1017 3926 Sancti
1040 3857 1228 3948 productor
1248 3881 1264 3916 n
1286 3852 1328 3921 de

185 3950 312 4041 prtrees.
331 3972 391 4062 Sp.
408 3970 445 4041 S.
460 3970 569 4056 (inter
586 3969 712 4059 Opusc.
732 3988 839 4036 aurea
854 3990 888 4056 p.
904 3966 998 4053 237).

232 4074 396 4161 Quamvis
419 4077 532 4167 igitur
555 4075 721 4146 Photiani
745 4074 957 4158 obtinerent,
975 4071 1169 4141 locutiones
1184 4071 1329 4139 Petrum

185 4188 362 4256 iltecornm
386 4186 513 4278 quibus
536 4183 708 4274 Spiritum
733 4182 900 4251 Sanctum
923 4179 1102 4271 profundi,
1129 4177 1327 4259 scaturire,

185 4290 314 4391 trotino,
341 4292 535 4382 effulgere,
561 4312 729 4383 apparere
756 4284 946 4380 (προχειὲαι,
967 4282 1162 4370 eiecticiae,
1181 4288 1328 4374 repeterat,

184 4386 340 4485 ῑῦαμπειν,
359 4395 530 4490 reposcam)
549 4423 592 4471 ex
614 4398 710 4469 Filio
734 4397 790 4467 vel
813 4421 875 4487 per
898 4395 1030 4465 Filium
1053 4393 1195 4478 dicunt,
1221 4390 1329 4481 signi·
