3172 4950
649 353 686 367 ..
708 322 765 384 231
790 355 827 368 -

174 451 250 498 onas
272 428 442 514 divinas,
467 429 608 499 obvium
631 428 824 514 videretur,
850 434 892 499 ut
913 450 1059 519 prorsus
1082 424 1235 498 eiusdem
1251 431 1321 498 for·

174 560 224 608 me
238 538 400 608 deductio
416 537 664 608 institueretur
687 560 729 627 ex
746 538 943 623 voluntate,
962 558 1031 629 qus
1047 536 1142 607 Deus
1159 560 1195 606 se
1207 538 1320 629 ipsum

174 639 289 717 ult‘ct
309 652 424 733 amat,
450 647 568 740 sieque
592 647 890 716 demonstraretur
914 668 1061 736 persona
1083 646 1204 717 tertia.
1225 647 1320 716 Giin-

174 757 271 826 lerns
287 763 406 827 tamen
429 742 474 825 in
490 779 556 825 sua
577 757 826 847 especulativa
856 757 1035 846 theologia
1051 785 1068 819 n
1102 755 1222 825 videre
1253 756 1320 825 sibi

175 865 248 934 isus
269 870 348 949 est,
373 863 419 932 ad
442 863 686 939 absolvendam
711 863 748 931 in
771 863 843 932 Deo
868 865 1107 931 conscientiam
1123 867 1179 930 sai
1195 863 1320 932 sauin-

174 972 385 1042 ellectionem
408 993 491 1042 suae
515 972 732 1040 substantiae
755 971 951 1040 necessario
975 971 1137 1063 consequi
1160 977 1196 1040 et
1218 970 1322 1041 intel·

174 1081 218 1171 igi
227 1101 409 1171 personam
424 1079 569 1149 tertiam
583 1080 822 1170 procedentem
838 1079 984 1169 aprima
995 1071 1031 1149 et
1042 1076 1204 1150 secanda.
1222 1080 1321 1149 Unde

174 1212 218 1258 ion
241 1195 413 1281 apparet,
439 1211 502 1259 cur
525 1195 606 1278 post
628 1188 823 1257 absolutam
853 1187 918 1257 hoc
948 1189 1047 1257 modo
1080 1191 1320 1257 conscientiam

174 1301 218 1382 ei,
241 1321 347 1390 quam
370 1299 445 1388 ipse
468 1297 558 1367 dicit
582 1298 833 1388 ecompositam
858 1321 962 1365 unam
978 1299 1152 1368 extribus
1175 1321 1320 1367 momen·

174 1407 203 1474 is
223 1429 284 1475 seu
307 1405 525 1476 elementis»
549 1405 574 1474 i.
591 1429 620 1475 e.
637 1427 679 1473 ex
703 1408 920 1473 conscientiis
942 1409 998 1472 ecci
1013 1405 1322 1499 singularnmper-

174 1535 313 1582 onerum
330 1512 514 1603 (Propaed.
524 1512 575 1580 Π.
585 1537 620 1602 p.
631 1513 725 1601 292.;
735 1512 984 1603 537.;Euryst.
997 1517 1032 1581 ct
1043 1513 1168 1581 Herac.
1179 1537 1214 1603 p.
1224 1513 1318 1601 4504

174 1622 268 1712 lydia
284 1621 384 1690 1849.
398 1646 434 1712 p.
452 1621 561 1708 240.);
587 1645 655 1690 non
679 1628 827 1712 apparet
848 1622 1015 1714 inquam,
1049 1645 1111 1692 cur
1133 1621 1228 1691 Deus
1245 1621 1322 1713 ⁸hoc

174 1731 249 1799 nodo
272 1731 331 1798 sui
354 1731 513 1799 conscius
536 1729 606 1798 iam
629 1729 775 1800 volendo
799 1731 962 1821 seipsum
986 1753 1046 1799 seu
1064 1755 1107 1800 ex
1124 1729 1320 1819 phraseolo·

174 1837 471 1927 qisththeriana
486 1837 658 1907 reddendo
676 1861 712 1906 se
729 1839 842 1929 ipsum
860 1839 1030 1908 obiectum
1046 1840 1240 1925 volitionis‚
1254 1863 1322 1908 non

174 1952 282 2016 ‚tarum
305 1952 455 2038 opponat
478 1969 514 2016 se
537 1947 651 2038 ipsum
675 1947 742 2015 sibi
765 1947 846 2042 ipsi3
866 1949 984 2040 sicque
998 1971 1067 2016 non
1091 1949 1202 2017 solum
1221 1976 1237 2012 e
1256 1948 1320 2016 tri·

174 2053 317 2142 plicatam
341 2053 576 2122 substantiam
590 2082 621 2139 n,
641 2053 700 2122 sed
717 2053 841 2122 saltem
858 2055 1161 2147 quadruplicatam
1184 2054 1322 2123 habebi-

174 2183 252 2248 nus,
277 2161 383 2232 etad
406 2163 585 2231 minimum
608 2162 722 2232 adhuc
746 2163 852 2231 aliam
877 2170 1038 2254 quartam
1054 2185 1234 2254 personam
1247 2186 1323 2252 pro-

174 2269 325 2338 mantem
347 2292 390 2338 ex
413 2270 528 2338 tribus
554 2270 833 2360 «speculativen
859 2270 1109 2361 intelligemus.
1134 2270 1201 2339 Sed
1225 2269 1322 2347 vide-

174 2378 239 2449 licet
264 2379 427 2472 quamvis
450 2384 572 2446 auctor
595 2378 821 2470 praetendat,
848 2400 946 2446 suam
977 2408 994 2443 e
1019 2379 1322 2469 speculationem»

174 2507 228 2556 nse
249 2510 291 2556 ex
318 2486 394 2555 sola
415 2487 551 2554 ratione
573 2492 610 2555 et
630 2509 699 2553 non
722 2510 764 2554 ex
788 2487 970 2577 supposita
997 2488 1234 2573 revelatione,
1265 2510 1323 2556 vo·

174 2592 224 2664 luit
243 2603 360 2665 tamen
383 2600 457 2663 tres
481 2593 692 2664 solummodo
709 2615 796 2686 quas
811 2594 1025 2664 revelatione
1040 2596 1152 2681 novit,
1170 2595 1323 2687 reperire

174 2724 344 2791 personas,
375 2701 451 2770 sine
473 2700 688 2771 revelatione
712 2700 903 2770 certissime
920 2723 982 2771 nec
1006 2701 1093 2771 duas
1108 2725 1171 2772 nec
1186 2703 1259 2772 tres
1271 2724 1322 2771 re·

174 2815 332 2896 parturus.
360 2808 508 2878 Interim
537 2807 594 2875 his
625 2807 762 2876 omissis
795 2809 998 2895 videamus,
1025 2809 1191 2902 quomodo
1214 2833 1256 2879 ex
1272 2808 1323 2877 di-

174 2916 240 2985 viua
261 2919 468 2986 conscientie
490 2919 546 2984 eni
560 2917 787 3008 perveniatur
802 2917 847 2985 ad
863 2917 1128 3008 intelligendam
1144 2939 1324 3011 personam

174 3025 306 3094 tertiam.

221 3134 263 3202 ln
286 3133 379 3203 omni
402 3131 639 3203 intellectione
662 3133 729 3219 (ita
751 3134 851 3203 docet
874 3133 1050 3220 Giinther)
1073 3133 1145 3202 tria
1166 3138 1251 3202 sunt
1273 3132 1325 3201 di·

174 3243 308 3327 stincta,
334 3243 525 3313 subiectum
549 3241 765 3330 intelligent,
790 3243 960 3311 obiectum
976 3240 1204 3327 intellectum,
1223 3241 1325 3309 intel·

174 3346 258 3420 lectio
281 3359 460 3442 tamquam
483 3350 603 3419 unitas
627 3371 689 3418 seu
710 3350 873 3442 aequatio
897 3349 1132 3439 intelligentis
1162 3355 1200 3418 et
1221 3348 1325 3417 intel·

174 3455 249 3529 inti.
268 3459 369 3529 Unde
392 3459 498 3528 etiam
514 3459 551 3525 in
568 3458 799 3525 intellectione
813 3462 870 3525 eni
883 3459 1034 3548 primum
1053 3487 1069 3523 a
1084 3462 1291 3535 momentum
1305 3484 1321 3519 n

174 3574 229 3655 nt,
255 3567 349 3661 quod
373 3567 521 3657 spiritus
544 3566 633 3636 facit
655 3589 690 3636 se
714 3567 828 3658 ipsum
854 3566 1024 3636 obiectum
1048 3564 1322 3648 intellectionis‚

174 3676 319 3746 nasibi
344 3674 561 3765 intelligenti
585 3674 705 3744 obiicit
728 3698 790 3743 seu
813 3674 958 3764 opponit
989 3697 1024 3744 se
1054 3673 1168 3764 ipsum
1190 3671 1324 3742 intelli·
1353 3664 1356 3668 ἱ

174 3786 327 3872 nudum,
354 3806 391 3852 se
413 3780 671 3870 intelligentem
694 3781 863 3850 discernit
885 3804 907 3849 a
929 3805 965 3851 se
989 3781 1178 3850 intellecto.
1198 3779 1325 3849 Secun-

174 3895 234 3962 lum
258 3891 459 3979 analogiam
489 3889 597 3958 huius
626 3888 732 3978 primi
762 3887 926 3958 momenti
955 3889 993 3957 in
1024 3887 1239 3958 conscientia
1270 3888 1327 3954 sui

174 4005 414 4070 ¹emonstratur
445 3997 558 4087 prima
580 4001 616 4065 et
646 3995 797 4063 secunda
827 4017 975 4084 persona
1006 3994 1197 4063 Trinitatis
1227 3994 1326 4062 modo

174 4107 258 4177 aulo
281 4111 365 4175 ante
388 4103 574 4194 descripto.
588 4102 640 4170 At
654 4126 715 4193 per
731 4101 822 4170 hanc
837 4101 1088 4192 oppositionem
1104 4101 1255 4170 nondum
1272 4106 1327 4168 est

174 4215 325 4306 ompleta
347 4212 555 4279 conscientie
577 4212 632 4276 eni
644 4209 724 4292 ;‚ad
741 4207 1002 4299 completionem
1017 4207 1213 4300 requiritur
1236 4207 1325 4274 affir-
1456 4248 1459 4255 ·

174 4325 259 4392 tatio
284 4319 485 4391 identitatis
508 4319 601 4388 inter
625 4318 818 4387 subiectum
849 4315 1054 4405 intelligens
1088 4322 1125 4384 et
1156 4314 1323 4408 obiectum

174 4431 397 4502 itellectnm:
424 4451 488 4517 ego
503 4449 578 4497 sum
594 4449 670 4517 ego;
688 4425 752 4496 hoo
767 4431 822 4494 est
837 4424 1025 4496 secundum
1043 4454 1060 4489 a
1073 4428 1282 4493 momentum
1292 4449 1324 4508 n,
