3172 4950
587 324 626 343 ·
648 294 783 359 415--

195 402 345 471 monem
356 398 467 471 Verbi
478 422 540 493 per
551 399 823 473 intellectienam
835 403 940 473 etiam
954 403 1112 496 Spiritus
1129 404 1263 477 Sancti.

194 506 290 580 lectio
312 513 396 578 actu
419 516 559 577 aeterno
582 507 775 597 producens
804 515 840 579 et
862 510 1016 580 Verbum
1039 512 1266 583 aeternaliter

194 621 299 687 ictum
322 622 358 685 et
381 616 523 685 dilectio
552 625 635 685 actu
658 625 800 686 aeterne
831 618 1025 708 producens
1048 623 1084 687 et
1106 640 1202 690 amer
1225 628 1267 691 ut

193 746 304 793 rsecus
327 723 500 792 terminus
529 722 722 815 productus
745 726 850 794 simul
882 731 966 795 suut
989 706 1266 799 simultaneitale

193 857 228 915 o,
245 832 282 901 lr.
300 854 331 899 e.
350 854 458 900 unum
481 831 556 900 sine
579 830 692 900 altero
716 839 757 901 ut
780 854 802 900 a
824 840 926 923 parte
950 834 1001 904 rei
1024 842 1095 920 eat,
1114 858 1176 905 neo
1191 859 1266 918 esse

193 939 313 1030 oncipi
336 945 474 1029 petest3
499 938 667 1029 prioritas
684 962 766 1008 vero
782 941 987 1009 nominatim
1004 940 1098 1011 inter
1113 941 1266 1013 Verbum

192 1056 299 1119 retum
322 1055 359 1116 et
380 1069 529 1116 amorem
545 1046 753 1138 productum
770 1055 824 1118 est
837 1048 937 1118 unice
962 1050 1131 1139 prioritas
1147 1076 1168 1117 a
1185 1076 1264 1144 quo,

216 1177 313 1224 arnor
344 1154 500 1245 spiratus
529 1160 674 1223 aeterna
707 1154 879 1225 relatione
911 1162 1008 1226 esta
1044 1158 1158 1227 Verbo
1181 1163 1267 1227 uta

192 1262 267 1355 ipio
289 1284 368 1333 cunr
388 1262 509 1346 Patre,
534 1285 603 1331 non
626 1266 744 1331 autem
766 1268 821 1331 est
844 1263 997 1332 Verbum
1019 1265 1064 1332 ab
1087 1285 1202 1335 amore
1226 1270 1267 1335 ut

194 1370 322 1461 ncipio.
356 1370 625 1440 Simultaneitas
651 1369 716 1438 illa
739 1372 777 1437 in
802 1395 867 1464 quo
898 1372 986 1441 satis
1016 1377 1093 1457 est,
1118 1378 1160 1441 ut
1181 1372 1267 1442 haec

191 1477 337 1547 asimul
359 1484 396 1546 et
418 1477 561 1568 proinde
585 1477 678 1547 siout
699 1476 853 1547 Verbum
869 1477 922 1548 ita
938 1485 973 1547 et
985 1479 1145 1569 Spiritus
1161 1480 1265 1549 Sanc·

191 1583 436 1674 intelliguntur
468 1607 537 1652 uno
568 1584 826 1675 simplicissimo
856 1592 962 1671 autu,
996 1609 1063 1679 quo
1086 1588 1191 1657 Pater
1213 1593 1268 1657 est

192 1714 273 1760 num
296 1691 507 1783 principium
535 1690 656 1760 Verbi.
683 1691 920 1781 intelligendo
943 1692 1078 1763 scilicet
1101 1694 1207 1764 Pater
1230 1717 1267 1765 se

190 1799 370 1891 rincipium
393 1799 502 1867 Verbi
525 1798 701 1888 intelligit
722 1806 760 1869 et
782 1800 947 1885 Verbum,
973 1807 1078 1893 atque
1102 1801 1206 1870 simul
1230 1822 1266 1871 ee

190 1909 305 1977 erbum
328 1906 504 1995 intelligit
527 1912 569 1974 ut
583 1907 804 1977 dilectionem
827 1908 1055 1995 aeternaliter
1077 1908 1266 2000 producen-

189 2015 371 2087 terminum
396 2015 625 2085 intrinsecum
648 2015 710 2107 qui
733 2023 788 2085 eat
810 2016 970 2106 Spiritus
994 2017 1160 2102 Sanctus,
1186 2017 1265 2087 hec·

188 2124 261 2217 ipsa
283 2146 355 2193 una
378 2122 637 2215 simplicisiima
660 2122 897 2193 intellectione
913 2130 968 2194 est
983 2124 1193 2215 principium
1209 2146 1266 2193 ex·

189 2253 245 2301 ens
268 2231 422 2301 Verbum
445 2230 514 2299 sibi
536 2229 780 2321 adaequatum.

188 2338 395 2410 lRemanet
424 2337 603 2430 quaestio,
637 2359 700 2406 our
730 2360 799 2406 non
827 2337 876 2407 sit
902 2337 1086 2407 dicendum
1115 2338 1268 2408 Verbum

188 2446 276 2517 edere
292 2468 354 2536 per
370 2443 641 2514 intellectionem
662 2467 723 2515 seu
738 2444 906 2515 visionem
930 2451 1173 2515 ereaturarum
1196 2444 1266 2513 exi-

188 2556 273 2625 ium.
293 2554 346 2623 Ne
369 2554 406 2622 in
430 2559 527 2621 statu
552 2552 765 2644 quaestionis
781 2552 960 2639 fallamur,
979 2551 1134 2622 Verbum
1151 2576 1267 2644 proce·

187 2663 292 2757 itique
321 2682 481 2749 peream
513 2659 808 2745 intellectiouem,
841 2682 929 2753 quae
959 2665 1013 2729 est
1035 2661 1142 2730 etiam
1164 2661 1267 2729 intel·

187 2794 198 2839 r
220 2776 463 2841 creaturarum
485 2767 734 2853 existentium,
768 2791 846 2838 cum
868 2768 1061 2838 intellectio
1084 2768 1208 2837 divina
1230 2768 1269 2838 in

186 2898 224 2947 na
246 2878 318 2963 sit,
351 2898 420 2944 nen
448 2875 521 2945 alia
552 2897 640 2967 quae
662 2874 792 2944 habeat
823 2899 885 2966 pro
908 2876 1040 2945 obiecto
1062 2876 1173 2946 Deum
1195 2875 1268 2943 alia

186 3012 196 3057 s
219 2988 392 3057 obiectum
415 2985 489 3054 sint
504 2990 700 3070 creaturae,
720 2983 779 3053 sed
795 2985 914 3053 eidem
929 2985 1066 3054 omnino
1089 3006 1159 3077 qua
1173 2985 1269 3055 Deus

186 3094 270 3186 ligit
292 3116 341 3179 se,
367 3092 541 3182 intelligit
556 3091 671 3160 omnia
687 3092 943 3181 intelligibilia.
970 3092 1090 3162 Solum
1106 3091 1266 3177 dicimus,

185 3227 247 3273 um
271 3225 339 3271 non
364 3201 546 3292 proaedere
569 3222 631 3291 per
654 3200 940 3285 intellectionem,
967 3200 1163 3271 formaliter
1187 3223 1270 3291 qua-

185 3309 298 3380 sbaec
314 3309 469 3378 refertur
481 3308 526 3377 ad
539 3315 720 3377 creaturas
743 3307 948 3378 existentes.
968 3308 1075 3379 Ratio
1092 3314 1146 3378 est
1160 3308 1268 3401 potis·

185 3442 220 3487 m
236 3417 383 3507 duplex:
399 3419 435 3502 a)
448 3415 539 3507 quod
551 3415 646 3485 Deus
657 3417 852 3485 subsistens
867 3415 970 3485 estin
983 3417 1097 3485 tribus
1112 3416 1269 3505 personia

184 3548 195 3595 s
216 3526 353 3595 ratione
369 3523 554 3615 prioritate
571 3526 703 3615 inquo,
729 3545 831 3615 quam
855 3523 990 3613 concipi
1013 3523 1125 3613 possit
1154 3524 1268 3592 decre·

192 3635 358 3727 operandi
380 3634 425 3703 ed
441 3641 563 3721 extra;
589 3656 651 3703 sen
666 3632 749 3702 aliis
765 3632 902 3701 verbis:
928 3632 1020 3725 qued
1043 3638 1144 3701 actus
1159 3631 1267 3701 notio-

184 3764 195 3813 r
215 3740 405 3811 necessarii
428 3742 471 3809 ed
495 3740 592 3809 intra
620 3740 809 3809 seeundum
833 3760 917 3831 quos
940 3738 1133 3829 procedunt
1154 3759 1268 3827 perso·

210 3854 293 3919 sunt
315 3849 450 3938 priores
472 3846 658 3938 prioritate
682 3846 832 3916 rationis
858 3849 895 3911 in
919 3869 1010 3937 quo,
1043 3866 1146 3937 quam
1166 3852 1270 3914 actus

185 3956 266 4027 iad
296 3962 421 4041 extra,
448 3955 522 4023 sine
546 3954 673 4047 quibus
703 3954 802 4023 nulla
833 3960 1045 4044 potestesse
1076 3953 1270 4022 intellectio

183 4064 322 4137 entium
337 4070 579 4133 ereaturarum
597 4063 733 4151 (S.'l'h.
748 4061 780 4130 1.
796 4088 831 4153 q.
844 4062 900 4130 33.
919 4084 953 4130 a.
971 4061 1005 4130 3.
1019 4062 1064 4131 ad
1081 4062 1128 4145 1).
1153 4062 1186 4146 b)
1202 4062 1269 4130 Ra·

182 4169 290 4241 rltera
318 4180 392 4257 est,
424 4171 514 4265 quod
539 4173 692 4241 Verbum
724 4171 881 4260 procedit
909 4193 970 4260 per
1000 4168 1271 4239 intellectionem

182 4274 254 4347 lute
275 4280 530 4362 neoessariam,
560 4278 754 4349 intellectio
783 4286 900 4348 autem
928 4284 1169 4347 creaturarum
1198 4274 1271 4345 exi·

182 4382 265 4455 tium
289 4408 352 4455 seu
373 4386 491 4477 potius
513 4386 640 4455 relatio
662 4386 915 4456 intellectionis
930 4385 975 4454 ad
991 4390 1171 4453 creaturas
1198 4380 1270 4449 exi-
