3172 4950
659 374 697 388 -
718 342 779 404 547
799 375 838 390 -

174 447 338 537 igendum
361 453 418 516 est
447 447 504 516 vel
532 454 575 517 ut
605 448 782 518 decretum
812 449 894 517 fidei
923 448 1143 538 proscribens
1174 449 1333 539 symbola

175 556 310 624 lienaa
329 555 543 645 professione
567 555 762 640 catholica,
788 557 845 625 vel
861 556 914 624 ita
930 563 972 627 ιι
994 556 1051 629 ius
1074 556 1330 625 determinandi

174 664 342 734 ormulam
365 665 528 733 solemnis
550 665 777 754 professionis
800 665 881 733 fidei
905 666 1095 735 definiatur
1119 689 1186 734 uon
1210 667 1331 755 singu·

174 773 200 839 is
222 772 284 841 scd
307 771 376 861 ipsi
391 773 629 841 tautummodo
645 772 824 841 Ecclesiae
837 778 1039 862 competere.
1059 773 1255 864 Utrumque
1267 773 1332 842 hoc

174 902 214 947 us
239 878 410 947 violatum
433 886 510 948 arat
532 901 553 947 a
577 880 768 964 Theodoro,
786 881 824 948 in
849 880 949 950 cuius
973 880 1194 955 damnatione
1217 880 1332 949 decre·

174 1009 234 1054 um
254 985 319 1055 hoc
341 985 473 1054 editum
500 992 582 1073 est,
610 985 702 1054 illud
729 985 819 1054 enim
846 987 1044 1075 symbolum
1067 991 1104 1054 et
1119 986 1333 1054 haereticum

173 1098 257 1177 rat,
283 1099 320 1163 ct
343 1092 408 1161 hou
438 1093 514 1183 ipso
538 1095 629 1163 citra
658 1099 695 1161 et
724 1098 846 1162 contra
876 1094 1123 1163 auctoritatem
1153 1093 1333 1162 Ecclesiae

174 1225 234 1269 um
246 1200 397 1290 primum
417 1201 596 1278 conditum
611 1207 688 1269 tum
707 1200 868 1290 deinceps
884 1223 906 1267 a
922 1200 1139 1290 presbyteris
1155 1200 1333 1268 Nestoris·
1369 1204 1372 1209 ’

174 1309 214 1376 ‚is
226 1307 382 1376 oblatum
397 1307 457 1392 iis,
476 1308 538 1400 qui
551 1310 596 1376 ab
611 1307 749 1376 haeresi
763 1306 1157 1390 Quartodecimanorum
1173 1308 1332 1377 converti

174 1415 333 1483 olebant.
362 1415 469 1482 Prius
489 1414 593 1498 illud,
616 1420 658 1482 ut
680 1414 982 1504 proscriberentur
1014 1413 1149 1483 scilicet
1173 1412 1334 1503 symbola

174 1521 355 1605 caeretiaa,
381 1525 458 1589 erat
481 1526 574 1589 certe
597 1520 635 1589 in
658 1520 793 1589 directa
819 1520 1013 1589 intentione
1044 1520 1212 1607 Concilii;
1246 1520 1333 1590 alte-

174 1651 237 1695 um
250 1649 345 1712 vero,
360 1649 427 1719 quo
439 1627 683 1717 prohiberetur
701 1627 909 1716 conscriptio
923 1626 1158 1716 symbolorum
1174 1628 1329 1717 privata,

174 1735 313 1825 ‚pectari
336 1741 497 1824 poterat,
526 1741 699 1828 quatenus
713 1736 868 1824 pertinet
882 1737 927 1805 ad
950 1737 1060 1826 ipsam
1087 1735 1333 1823 integritatem

174 1843 243 1911 idai
269 1864 290 1909 a
309 1843 462 1932 periculo
492 1842 727 1932 perversionis
750 1845 925 1913 tuendam.
941 1843 1032 1913 Hinc
1047 1841 1239 1911 Concilium
1257 1844 1334 1910 sine

174 1948 238 2016 nlla
256 1948 557 2018 animadversione
589 1956 707 2019 ratum
734 1950 860 2020 habuit
886 1950 1094 2039 symbolum,
1122 1949 1211 2041 quod
1236 1948 1336 2017 velut

174 2056 354 2124 licaeuum
376 2057 420 2125 ad
447 2079 545 2124 suam
567 2057 807 2131 orthodoxiam
825 2056 1061 2125 attestandam
1077 2055 1259 2124 Charisius
1271 2076 1335 2144 pro

174 2187 198 2231 ie
224 2164 377 2248 obtulit,
398 2164 483 2233 licet
507 2165 657 2234 formula
672 2166 789 2233 verbis
812 2187 879 2233 non
897 2164 997 2256 plene
1020 2165 1245 2255 responderet
1260 2163 1336 2232 sive

174 2270 315 2340 licaeno
343 2270 418 2340 sive
450 2272 834 2361 Constantinopolitano
852 2273 1007 2361 symbolo
1032 2277 1045 2359 (
1069 2279 1082 2361 )
1107 2273 1231 2360 (Hard.
1250 2271 1276 2338 l.
1302 2294 1332 2339 c.

174 2402 198 2465 p.
212 2377 329 2464 1515).
1033 2413 1034 2416 ¹

229 2483 320 2553 Sane
343 2485 387 2553 2'.
414 2486 478 2555 hoc
500 2486 577 2555 iure
601 2491 637 2556 et
661 2486 872 2556 charismate
907 2487 1104 2577 magisterii
1139 2486 1336 2555 authentici

174 2592 320 2680 iynodus
341 2591 418 2681 ipsa
432 2592 591 2662 Nicaena
618 2593 814 2682 symbolum
838 2593 919 2663 fidei
942 2592 1136 2664 catholicae
1152 2592 1337 2662 constituit

176 2721 200 2765 n
220 2697 356 2765 directa
368 2699 585 2787 oppositione
609 2706 730 2768 contra
746 2699 916 2768 haeresim
932 2700 1113 2768 Arianam.
1134 2698 1236 2768 Sicut
1247 2699 1335 2775 Pho·

174 2805 255 2873 iani
275 2805 489 2874 contendunt
515 2806 620 2874 fixam
647 2829 721 2873 esse
751 2806 900 2894 symboli
924 2808 1098 2891 formam,
1128 2810 1170 2875 ut
1199 2828 1242 2873 ne
1272 2806 1337 2874 Eo·

174 2911 291 2983 zlesiae
322 2913 460 3004 quidem
481 2915 536 2982 fas
564 2915 613 2983 sit
640 2917 758 2984 uerbis
778 2916 861 2983 aliis
884 2915 986 2984 fidem
1016 2936 1135 2984 veram
1165 2913 1335 3003 profiteri,

176 3027 215 3088 ta
240 3021 368 3086 Ariani
395 3043 436 3088 ex
460 3022 537 3111 pari
560 3023 771 3113 sophismate
804 3024 1124 3116 conquerebantur,
1154 3022 1244 3112 quod
1266 3021 1334 3090 ΡΡ.

174 3129 312 3199 licaeni
336 3129 498 3198 formulis
522 3131 605 3199 aliis
625 3154 727 3222 quam
741 3132 778 3199 in
803 3132 839 3200 S.
852 3131 1040 3221 Scriptura
1064 3131 1283 3220 consignatis
1299 3130 1337 3199 fi-

174 3237 240 3305 lem
271 3237 513 3307 definivissent
529 3239 592 3324 (2).
612 3237 674 3307 SS.
701 3239 823 3308 Patres
850 3262 932 3309 vero
960 3243 1159 3308 constanter
1190 3239 1338 3306 hocius

174 3349 201 3412 ct
232 3343 388 3412 officium
414 3344 594 3414 Ecclesiae
610 3354 848 3431 assernerunt,
875 3354 916 3415 ut
938 3347 1040 3415 fidem
1064 3347 1337 3416 revelatamtes-

217 3503 260 3581 (1)
278 3509 312 3559 In
333 3508 455 3561 articulo
475 3508 508 3561 de
528 3508 638 3575 Spiritu
657 3509 761 3563 Sancto
781 3508 931 3563 Charisius
948 3508 1045 3562 habet:
1069 3509 1125 3561 aiu
1139 3507 1279 3575 Spiritum
1293 3523 1339 3560 ve-

174 3598 275 3664 *itatis,
294 3599 483 3664 Paracletum,
504 3599 586 3651 Patri
605 3604 634 3653 et
647 3599 722 3653 Filio
736 3599 1010 3652 consubstantialem
1022 3619 1046 3666 n,
1063 3613 1135 3664 quac
1149 3597 1227 3650 hisce
1242 3596 1340 3650 verbis

174 3704 217 3742 rec
237 3688 269 3740 in
288 3689 412 3742 Nicaeno
431 3704 482 3741 uec
500 3689 531 3740 iu
550 3688 851 3757 costantinopolitauo
871 3693 999 3742 exstant.

219 3775 261 3854 (2)
279 3778 382 3832 Merito
400 3779 573 3844 indignatur
591 3781 743 3834 Bassariou
763 3784 862 3833 contra
875 3780 1033 3832 stultitiam
1046 3778 1134 3832 ltarci
1145 3776 1274 3844 Ephesii,
1290 3777 1343 3843 qui

174 3883 201 3920 cx
220 3867 378 3934 Scripturis
397 3869 518 3935 probare
538 3869 641 3936 voluit,
663 3870 744 3922 nefas
764 3884 825 3922 esse
845 3869 973 3936 symbolo
994 3867 1149 3934 quidquam
1168 3866 1281 3932 addere,
1303 3867 1338 3919 li·

174 3959 211 4010 cet
229 3955 339 4010 additio
358 3971 456 4010 verum
475 3972 507 4010 ac
527 3959 686 4010 revelatum
705 3957 805 4023 dogma
824 3962 910 4015 esset,
931 3956 961 4010 Si
985 3956 1077 4009 omnis
1096 3952 1216 4023 additio,
1239 3956 1338 4022 inquit

174 4046 330 4114 Bessariou,
352 4046 383 4099 iu
398 4046 557 4114 Scripturie
575 4046 632 4099 iarn
650 4046 797 4114 prohibita
816 4050 870 4114 est,
894 4046 971 4100 «sub
991 4044 1171 4099 anathemate
1185 4049 1271 4098 eruut
1285 4046 1340 4097 ΡΡ.

174 4133 306 4188 secundae
325 4134 448 4202 synodi,
470 4135 519 4202 qui
539 4139 583 4188 tot
602 4134 800 4189 additionibus
819 4139 849 4187 et
867 4134 1080 4204 demptionibur
1106 4134 1265 4200 symbolum
1284 4133 1342 4200 pri-

174 4243 225 4281 uae
244 4227 442 4293 immutarunt,
465 4228 517 4281 sub
535 4228 716 4281 anathemate
734 4228 790 4280 ΡΡ.
816 4227 923 4295 primae
948 4225 1071 4293 synodi,
1093 4225 1143 4292 qui
1171 4222 1341 4290 symbolum·

174 4317 243 4385 puod
262 4320 331 4371 erat
343 4321 411 4371 anto
429 4318 549 4386 primam
563 4317 712 4385 synodum,
728 4318 758 4370 in
777 4317 911 4384 plurimis
930 4318 1141 4377 mutaverunt»
1163 4314 1203 4367 Dc
1217 4325 1341 4379 process.

174 4407 298 4476 ipirituu
316 4407 414 4464 Sancti
433 4423 462 4475 p.
477 4408 538 4461 187.
552 4407 613 4460 189.

1182 4507 1201 4546 ἢ
