3172 4950
677 349 716 364 ..
738 316 797 378 405
818 350 856 363 -

203 421 242 495 tet
258 417 293 485 in
314 417 549 489 intellectuali
571 427 701 490 natura
722 444 887 512 personas
917 423 1039 492 Latini
1061 424 1240 492 nominare
1272 446 1349 493 con·

205 532 382 612 neverunt,
408 527 537 598 Graeci
559 551 642 599 vero
665 529 886 620 hypostases,
905 537 1046 621 propter
1069 530 1134 599 hoo
1158 532 1195 599 in
1219 531 1352 600 divinis

206 630 301 701 utini
322 634 448 703 dicunt
469 642 543 705 tres
564 659 748 726 personas,
777 637 903 707 Graeci
928 661 1011 708 vero
1033 643 1107 706 tres
1131 637 1349 730 hypostases,

207 736 318 807 labem
340 741 478 812 seilicet
500 751 536 813 et
557 744 689 813 Filium
722 753 758 813 at
789 745 961 834 Spiritum
994 745 1192 814 Sanctumn
1218 747 1256 815 S.
1281 747 1348 815 rh.

156 840 164 951 ᾗ*
208 844 363 939 bonpeud.
382 849 490 920 theol.
506 875 536 921 c.
551 852 608 920 45.
626 853 683 920 48.
700 853 755 921 50.
770 853 825 921 52.
837 853 891 921 cf.
911 875 1018 944 supra
1033 853 1124 922 thes.
1138 853 1238 923 XIV.
1333 916 1339 925 .

606 1071 751 1131 THESIS
773 1071 920 1132 XXVIII.

299 1212 345 1275 De
366 1215 586 1275 intellectione
607 1223 637 1275 et
659 1215 833 1275 dilectione
854 1216 1021 1275 notionali
1041 1224 1231 1291 comparata

224 1326 277 1369 eno
295 1313 463 1372 attributis
484 1315 653 1385 absolutis,
678 1323 707 1374 cl
729 1315 768 1373 tle
789 1332 922 1374 numero
944 1317 1182 1391 processionem
1204 1316 1240 1373 in
1253 1315 1328 1375 Deo.

247 1484 399 1549 squavas
421 1486 577 1537 intellectio
601 1490 629 1538 et
654 1486 768 1537 dilectio
792 1489 921 1538 absoluto
940 1487 981 1538 sit
1005 1500 1062 1538 une
1083 1485 1237 1537 communis
1257 1485 1351 1543 tribua

211 1576 346 1642 ’panonia
369 1578 495 1629 ettamen
513 1576 681 1640 intellectio,
704 1576 897 1629 tantummodo
917 1579 1059 1642 quatenus
1079 1579 1124 1627 est
1141 1574 1247 1639 Patris,
1264 1580 1295 1626 et
1308 1574 1349 1625 dl·

211 1662 293 1717 ultctio
310 1670 453 1732 quatenus
473 1670 517 1718 est
534 1666 631 1719 Patris
651 1683 682 1720 ao
699 1666 786 1731 Filii,
806 1667 927 1717 relation
946 1670 991 1717 est
1012 1680 1060 1717 seu
1078 1664 1238 1719 nationalir
1256 1667 1286 1716 et
1309 1662 1349 1716 ie·

156 1820 159 1827 Ι
211 1752 301 1806 mm·
322 1754 359 1808 sd
379 1753 589 1822 producendum
607 1755 797 1822 adaequatum
816 1755 968 1807 termlnum
992 1755 1202 1806 immanentem.
1224 1750 1268 1803 Ex
1287 1750 1351 1818 lpse
1415 1736 1425 1753 '

156 1898 160 1929 c
210 1848 303 1897 'ulan
321 1843 469 1898 lutnitste
488 1848 548 1897 tun
568 1848 648 1898 ectus
668 1849 728 1898 turn
747 1844 864 1897 termini
883 1845 1063 1909 declaratur,
1086 1859 1136 1895 eur
1149 1843 1273 1896 Verbum
1292 1855 1348 1894 non

156 1956 158 1961 ·
211 1928 272 1983 'llll
287 1946 381 2000 uun,
394 1938 425 1986 et
443 1949 521 1988 anor
541 1932 695 2002 procedens
717 1950 773 1988 non
793 1933 852 1986 uisi
874 1948 948 1986 unus
968 1949 1030 1985 esse
1050 1932 1179 1999 possiti

253 2128 300 2197 llx
322 2128 502 2200 declarata
525 2130 596 2197 iem
618 2130 835 2219 processione
858 2129 967 2199 Verbi
991 2152 1052 2219 per
1081 2128 1350 2199 intellectionem

208 2237 453 2326 aprocessione
489 2237 646 2327 Spiritus
677 2237 799 2306 Sancti
822 2260 884 2326 per
917 2237 1136 2306 dilectionem
1156 2257 1350 2327 possumus

208 2341 456 2437 pecularius
479 2344 641 2434 progredi
664 2344 703 2411 in
727 2344 960 2433 cognoscendo
983 2344 1080 2411 modo
1101 2343 1352 2413 intellectionis
1475 2330 1481 2339 ¹

207 2450 428 2522 ltdileotionis
444 2454 624 2521 fecundae.
643 2452 911 2544 Consequentur
928 2453 1018 2521 enim
1036 2475 1079 2520 ex
1095 2451 1265 2520 hactenus
1281 2451 1352 2520 dio·

160 2554 242 2653 ..tt
257 2560 443 2631 solutiones
474 2559 722 2629 nonnullarum
746 2561 1008 2653 quaestionum,
1035 2581 1123 2653 quae
1154 2560 1259 2649 paulo
1282 2558 1351 2628 dii·

169 2692 175 2697 ·
206 2660 371 2754 litores,
396 2669 610 2738 necessariae
641 2676 757 2738 tamen
789 2677 873 2738 sunt
903 2675 979 2738 tum
1002 2670 1046 2737 ad
1077 2667 1349 2756 intelligentiam

156 2778 159 2785 '
202 2766 375 2863 ‚baetim
401 2784 569 2870 quantum
593 2778 730 2846 scilicet
751 2778 850 2845 nobis
874 2800 916 2845 ex
939 2777 1007 2845 fide
1031 2776 1076 2844 ad
1099 2775 1196 2843 illam
1219 2775 1350 2866 pertiu-

208 2900 267 2965 με
285 2884 381 2971 licet,
407 2891 482 2955 tum
506 2887 550 2954 ad
573 2886 685 2976 ipsam
709 2885 943 2955 defensionem
968 2885 1131 2975 mysterii
1155 2889 1277 2952 contre
1292 2881 1375 2950 od·'

156 3010 167 3025 ·
207 2995 364 3063 mnes.
397 2995 531 3062 Horum
561 2994 716 3084 capitum
740 2995 984 3084 explanatione
1015 2993 1053 3061 in
1077 2993 1214 3085 aliquot
1237 2989 1352 3059 theses

206 3089 348 3171 tmen
369 3108 480 3170 totam
496 3102 585 3171 hauc
609 3109 743 3191 partem
760 3102 801 3170 de
819 3102 1060 3192 intelligentia
1083 3098 1259 3191 dogmatis
1275 3121 1351 3167 cou-

206 3198 367 3279 luemus.
394 3209 527 3278 Earum
552 3234 633 3279 vero
656 3211 896 3301 quaestionum
920 3211 1033 3301 prima
1061 3214 1114 3278 est
1137 3209 1222 3292 illa,
1249 3228 1352 3299 quem

206 3304 304 3386 intre
326 3317 421 3386 thesi
444 3319 641 3409 posuimus,
667 3319 835 3409 quomodo
858 3319 1053 3397 intellectio
1076 3324 1113 3387 et
1136 3318 1279 3388 dilectio
1304 3320 1351 3386 fe·

205 3420 293 3491 tun&
313 3432 351 3495 et
372 3425 450 3494 ideo
480 3425 634 3494 relativa
657 3448 694 3494 se
718 3425 846 3494 habeat
876 3426 921 3495 ad
949 3425 1222 3495 intellectionem
1243 3432 1278 3495 et
1301 3425 1351 3493 di-

205 3514 361 3601 beticum
384 3532 579 3600 absolutam
592 3538 628 3600 et
639 3532 715 3600 ideo
728 3555 939 3601 communem
962 3533 1078 3601 tribus
1102 3532 1271 3622 personis3
1291 3532 1352 3599 ubi

205 3626 285 3707 timul
306 3640 505 3732 quaeritur,
532 3648 593 3732 qut
615 3641 702 3724 fiat,
736 3646 777 3709 ut
800 3663 877 3709 cum
900 3640 1054 3708 Verbum
1078 3640 1126 3707 sit
1148 3639 1352 3727 intelligens

205 3740 297 3815 “bur
318 3748 557 3818 intellectione
580 3757 616 3817 et
632 3748 789 3838 Spiritus
813 3748 964 3817 Sanctus
987 3768 1107 3814 amans
1129 3746 1245 3815 eodem
1261 3767 1350 3814 amo·

203 3860 243 3930 lt,
256 3873 317 3924 non
331 3864 449 3925 tamen
465 3856 539 3924 sint
554 3855 673 3946 plures
688 3854 923 3945 processiones
940 3853 978 3921 in
994 3854 1078 3923 Deo.

254 3958 279 4031 1.
302 3963 356 4033 Ex
381 3966 621 4056 superioribus
645 3971 782 4033 constat
805 3962 984 4032 formalem
1001 3961 1170 4030 rationem
1195 3961 1350 4032 intellec-

169 4068 172 4075 '
206 4055 289 4138 tionis
309 4094 395 4157 esse,
421 4094 490 4164 qua
505 4073 671 4158 Verbum,
689 4079 725 4140 et
742 4071 921 4140 formalem
945 4071 1116 4157 rationem
1140 4070 1348 4155 dilectionis,

206 4184 259 4253 lue
276 4177 427 4270 Spiritus
451 4179 602 4249 Sanctus
625 4182 864 4271 producuntur
880 4189 921 4249 ut
935 4178 1077 4248 termini
1101 4177 1285 4247 intrinseci
1301 4178 1365 4245 in?
1496 4254 1499 4261 ,

171 4296 175 4303 ’
205 4269 391 4355 tlecdonis
412 4294 449 4356 et
471 4285 681 4355 dilectionis.
707 4286 906 4355 intellectio
936 4290 1053 4354 autem
1076 4292 1112 4352 et
1134 4283 1276 4352 dilectio
1299 4288 1353 4350 est
1373 4290 1376 4295 '

205 4392 261 4453 urs
278 4393 410 4464 omnmo
433 4393 623 4463 communis
647 4394 762 4464 tribue
785 4393 966 4484 personis;
1001 4390 1167 4485 quomodo
1191 4411 1275 4479 ergo
1298 4389 1351 4456 ni·
