3172 4950
631 321 809 383 -471-

208 427 282 497 Post
304 425 461 522 medium*
476 427 651 498 saeculum
674 427 738 496 1v.
756 427 919 497 Hilarius
939 427 1024 498 licet
1046 428 1083 498 in
1107 428 1181 499 suis
1198 427 1304 498 libris

182 535 299 605 e'lrin.
329 535 402 603 fere
425 535 525 603 unice
549 535 590 603 de
613 535 979 605 consubstantialitate
1009 535 1097 605 Filii
1130 536 1306 606 sollicitus

182 665 193 710 c
210 639 338 731 Spiritu
354 640 481 709 Sancto
499 639 701 708 brevissime
724 646 760 709 et
782 663 850 708 nou
868 640 939 710 nisi
955 664 1017 732 per
1033 641 1191 711 incidens
1207 648 1306 730 aget,

181 748 364 818 ihilominus
386 771 463 816 cum
486 746 674 815 divinitate
698 746 852 837 Spiritus
880 747 1004 819 Sancti
1018 748 1098 839 pari
1114 749 1213 817 modo
1229 769 1307 839 pro·

182 857 321 926 urionem
338 876 359 922 a
374 854 477 924 Patre
493 862 529 923 et
542 855 635 923 Filio
649 855 687 922 in
704 854 897 947 Scripturis
913 855 1029 926 doceri
1044 862 1080 927 et
1104 856 1309 926 credendam

182 986 230 1048 sse,
250 962 378 1032 diserte
401 962 511 1030 docet.
540 990 557 1024 ι
571 963 621 1030 De
638 960 774 1051 Spiritu
798 969 915 1033 autem
944 964 1073 1034 Sancto
1103 987 1165 1034 nec
1191 970 1309 1033 tacere

182 1076 275 1159 portet
296 1093 359 1138 nec
382 1068 477 1161 loqui
500 1092 636 1138 necesse
658 1076 753 1138 est...
769 1073 831 1161 qai
855 1073 962 1140 Patre
986 1086 1017 1137 et
1036 1073 1132 1140 Filio
1161 1073 1309 1140 auctori·

182 1199 211 1242 cs
228 1175 436 1245 confitendus
458 1181 524 1244 est.
541 1203 557 1236 a
576 1174 708 1244 Allatis
722 1177 932 1245 testimoniis
948 1176 1163 1268 Scripturas,
1181 1179 1219 1246 in
1234 1177 1309 1270 qui·

181 1305 216 1350 us
233 1283 359 1353 dicitur
381 1281 538 1372 Spiritus
560 1282 637 1367 Dei,
657 1282 812 1373 Spiritus
834 1284 894 1375 qui
918 1307 960 1352 ex
983 1285 1054 1353 Deo
1070 1290 1134 1369 est,
1154 1285 1309 1376 Spiritus

181 1387 247 1475 lilii
257 1389 414 1483 Spiritus
428 1384 563 1458 Christi
587 1389 697 1459 solvit
718 1387 893 1480 triplicem
909 1390 1145 1482 quaestionem
1159 1392 1307 1461 Ariano-

182 1517 236 1564 um.
252 1495 367 1565 «Cum
390 1496 524 1579 dicunt,
543 1517 721 1587 perquem
742 1496 801 1581 sit,
819 1502 856 1565 et
870 1497 912 1565 ob
928 1496 1012 1588 qnid
1029 1497 1088 1582 sit,
1115 1496 1171 1568 vel
1194 1497 1311 1589 qualis

181 1598 204 1670 it
219 1603 439 1695 (Spiritus)?
463 1602 493 1670 si
516 1602 695 1693 responsio
726 1609 847 1672 nostra
868 1603 1069 1694 displicebit
1095 1604 1308 1674 dicentium:

181 1731 212 1774 ur
229 1736 322 1804 poem
345 1712 473 1792 omnia,
491 1725 522 1776 et
538 1734 579 1776 erc
602 1735 667 1802 qao
691 1714 805 1777 omnia
826 1725 906 1777 sunt
923 1714 979 1798 (ex
994 1732 1120 1781 ecesse
1137 1709 1310 1802 Spiritum

181 1811 311 1886 iunctum
333 1817 359 1886 i.
385 1839 416 1886 a.
441 1839 483 1886 ex
505 1816 599 1884 Filio
624 1841 690 1905 per
720 1841 816 1908 quem
846 1819 980 1899 omnic,
1004 1823 1041 1886 et
1070 1837 1112 1886 ex
1141 1818 1246 1887 Patre
1270 1841 1312 1885 cor

181 1945 216 1989 uo
235 1926 362 2008 omnia)
386 1924 448 2011 (1),
468 1928 503 1992 et
519 1921 603 2014 quis
620 1921 775 2012 Spiritus
787 1928 845 1991 cst
866 1922 932 1991 Dei
948 1923 1078 2015 (qualis
1094 1924 1168 2010 sit),
1186 1924 1313 1994 donum
1421 1969 1425 1977 -

180 2028 299 2100 delium
323 2031 379 2118 (ob
402 2029 486 2122 quid
509 2029 616 2097 sitin
640 2030 807 2098 relatione
831 2031 875 2098 ad
898 2033 1026 2116 extra),
1051 2030 1261 2122 displiceant
1277 2037 1314 2100 et

180 2138 305 2230 postoli
328 2143 365 2207 et
386 2137 608 2227 Prophetaen
634 2143 700 2206 etc.
731 2138 756 2204 l.
785 2137 837 2206 H.
861 2162 897 2205 n.
922 2136 1169 2207 29.«1>srr0m
1192 2144 1228 2208 te
1254 2162 1313 2209 no·

180 2249 270 2330 trum,
295 2243 429 2313 Filium
451 2251 551 2312 tuum
566 2265 636 2311 uua
658 2248 771 2312 tecum
785 2244 936 2329 adorem,
955 2243 1122 2314 Sanctum
1142 2244 1313 2334 Spiritum

179 2375 246 2421 rum
261 2403 285 2438 ,Ι
302 2352 363 2445 qui
394 2376 433 2418 ex
465 2367 497 2418 te
521 2375 586 2440 per
616 2354 830 2440 uniqenitum
861 2367 954 2417 tuum
984 2366 1055 2432 est,
1086 2373 1310 2441 promereare

198 2458 283 2528 XII.
308 2482 343 2527 u.
370 2459 424 2526 57.
445 2460 490 2527 ci.
516 2481 551 2525 ιι.
577 2458 633 2525 55.
651 2459 743 2526 Data
766 2480 868 2548 opera
891 2457 1043 2526 ostendit
1064 2456 1315 2547 processionem

180 2565 305 2657 piritus
328 2588 350 2634 a
371 2567 476 2633 Putre
499 2572 534 2633 et
556 2563 660 2647 Filio,
687 2571 727 2632 ut
749 2564 829 2633 inde
853 2564 1064 2633 demonstret
1090 2563 1314 2632 consubstan-

180 2675 337 2744 elitatem
354 2673 471 2743 Patris
483 2695 523 2741 ac
537 2672 624 2741 Filii
639 2672 664 2740 l.
685 2671 787 2740 VIII.
805 2696 841 2739 ιι.
859 2672 915 2739 20.
934 2672 1089 2741 Primum
1104 2695 1140 2740 ιι.
1162 2671 1204 2737 19
1221 2670 1316 2739 iuter

179 2811 185 2850 ι
208 2788 385 2873 comparat
406 2780 471 2848 illa
493 2781 580 2848 duo:
609 2779 701 2871 aqui
724 2801 745 2845 a
767 2782 872 2849 Patre
902 2779 1087 2868 procedito
1113 2784 1149 2848 et
1181 2801 1312 2871 uquam

179 2914 211 2980 gc
237 2890 373 2958 mittam
396 2911 417 2955 a
440 2889 544 2956 Patre
558 2915 589 2972 n,
616 2886 687 2972 ubi,
714 2886 841 2977 inquit,
870 2892 1106 2976 «potestatem
1128 2906 1227 2953 suam
1244 2884 1316 2975 (Fi-

179 3001 236 3083 us)
259 2997 297 3064 in
319 3019 371 3081 eo,
396 2995 486 3087 quod
510 2993 633 3077 mittit,
659 2992 811 3062 ostendit
824 3019 855 3059 n.
875 2992 964 3061 'lum
985 2990 1218 3084 prosequitur,
1238 2990 1316 3059 nul·

179 3111 290 3175 ‚tanus
311 3103 455 3171 liberam
478 3123 551 3170 esse
574 3100 808 3193 quaestionem
824 3100 883 3168 sed
907 3122 929 3167 a
950 3099 1090 3170 Christo
1106 3099 1181 3190 ipso
1196 3098 1317 3167 defini·
1435 3114 1441 3125 ·

179 3236 222 3281 un
244 3210 436 3281 doctrinam
462 3210 503 3278 de
525 3207 741 3299 processione
773 3206 929 3298 Spiritus
961 3208 1082 3278 Sancti
1105 3229 1127 3274 a
1149 3209 1254 3277 Patre
1276 3229 1318 3276 ac

178 3318 267 3389 ilio:
296 3340 435 3409 cneque
457 3315 496 3384 in
518 3316 583 3384 hoo
605 3338 698 3384 nunc
723 3314 914 3385 calumnior
936 3315 1094 3385 libertati
1116 3314 1318 3405 intelligen-

179 3448 234 3512 se,
260 3432 379 3496 utrum
402 3448 443 3494 ex
466 3425 571 3493 Patre
586 3445 630 3490 an
654 3445 696 3490 ex
719 3422 812 3492 Filio
828 3421 1003 3514 Spiritum
1018 3423 1240 3492 Paracletum
1255 3445 1318 3513 pu·

202 3679 247 3758 (1)
257 3681 405 3735 Auctorem
419 3680 491 3734 dicit
503 3678 634 3733 Hilarius
652 3693 722 3745 eum,
736 3678 786 3746 qui
796 3681 841 3732 est
851 3676 1022 3746 principium
1040 3675 1075 3729 ed
1085 3675 1173 3729 intra.
1195 3673 1317 3728 Distiuc·

178 3791 192 3828 o
211 3787 398 3842 personarum
416 3771 513 3825 Patris
531 3774 561 3823 st
579 3770 650 3822 Filii
667 3785 717 3836 par
737 3769 895 3836 particulas
915 3783 947 3818 scr
965 3782 1020 3834 quo
1034 3769 1064 3819 st
1078 3781 1219 3832 perquem
1232 3764 1319 3817 uotis-

178 3881 224 3920 ιιι
233 3869 280 3918 est
289 3863 320 3915 iu
336 3863 547 3929 scripturarum
558 3864 587 3914 et
597 3862 712 3913 Pstrum
724 3859 854 3912 doctriua
864 3856 912 3930 (ci.
922 3872 1008 3925 supra
1018 3857 1112 3925 plia.
1127 3853 1200 3922 212).
1209 3855 1321 3909 Utrum·

178 3931 207 4009 rs
225 3953 314 4008 hahes
334 3951 408 4019 apud
426 3951 569 4004 Hilarium
583 3951 603 4003 l.
618 3950 657 4003 11.
672 3965 700 4001 n.
718 3949 740 4001 l.
760 3948 935 4016 «Baptizato
949 3946 1037 3999 iussit
1047 3947 1077 3998 iu
1092 3945 1204 3999 nomine
1223 3945 1320 3998 Patris

178 4041 275 4095 urnii
295 4042 325 4093 ut
345 4040 471 4106 Spiritus
490 4037 607 4105 Sancti,
633 4037 662 4089 id
683 4041 728 4089 est
753 4037 783 4088 in
801 4036 977 4089 consessione
1004 4038 1033 4088 ct
1060 4033 1183 4087 auctoris
1205 4037 1235 4086 ut
1258 4032 1321 4086 uui·

178 4131 246 4185 ruiti
269 4133 299 4184 et
317 4130 394 4184 doni.
417 4129 496 4182 Unus
516 4132 560 4181 est
582 4128 657 4180 cuim
671 4127 746 4179 Deus
762 4126 848 4179 Peter
870 4141 901 4176 cc
921 4142 976 4193 quo
999 4123 1106 4190 omnia,
1127 4124 1244 4178 etuuus
1259 4120 1320 4175 unt·

178 4222 270 4275 unitus
289 4220 425 4273 Dominus
442 4221 544 4272 Noster
559 4219 638 4270 Iasus
659 4216 792 4270 christus
804 4231 855 4282 par
877 4231 954 4283 quem
977 4211 1088 4280 omnia,
1114 4217 1142 4266 et
1166 4225 1240 4264 unus
1258 4210 1321 4278 Spi-

180 4313 230 4364 tus
250 4307 354 4364 donum
374 4307 405 4361 iu
428 4307 592 4362 omuibus...
613 4320 669 4358 una
690 4308 818 4374 potestus
837 4320 869 4355 ea
891 4319 947 4371 qua
960 4303 1072 4367 omnis,
1094 4316 1151 4353 uns
1169 4297 1320 4368 precautes

177 4416 201 4454 rr
217 4415 303 4471 quon
324 4398 437 4467 omnis,
457 4397 598 4468 periectas
620 4395 683 4463 spel
706 4407 808 4450 munus
826 4408 948 4448 unum.»
969 4391 1013 4446 ct.
1024 4389 1096 4445 ibid.
1107 4404 1136 4443 ι.
1148 4388 1178 4444 4.
