3172 4950
659 352 697 369 ..
718 322 776 382 381
800 352 838 367 ...

188 426 315 497 iudicat
347 426 425 496 eius
460 448 648 518 germanus
686 427 722 497 S.
754 427 948 516 Gregorius
978 424 1088 515 Nysa.
1109 423 1136 491 l.
1161 424 1192 493 Ι.
1219 431 1333 495 contr.
1373 442 1377 449 ·

188 536 302 605 luuom.
325 536 393 623 (ed.
418 536 565 605 Gretzcr
587 561 622 627 p.
639 537 716 605 136.
732 541 837 629 sqq,).
867 567 883 600 o
899 535 971 618 Qui
993 534 1086 604 euim
1109 556 1193 603 vere
1220 527 1333 623 (enoc)

188 643 311 713 tsclua
327 644 434 712 Pater
457 649 514 712 est
536 645 648 732 (modo
673 645 821 729 divino),
840 666 861 713 a
883 644 982 713 nullo
1005 649 1069 729 est,
1090 641 1151 732 qui
1174 647 1290 709 autem
1314 662 1335 706 a

188 752 255 821 ullo
277 758 345 838 eet,
359 751 541 842 ingenitus
557 760 611 822 est
631 781 646 815 a
671 753 707 822 S.
723 754 832 821 Basil.
853 752 914 821 ibi.
932 750 1070 842 Optime
1094 750 1236 818 Suarez:
1249 771 1336 839 oper
1450 802 1453 807 .

188 860 256 929 lam
277 861 499 950 negationem
522 867 598 949 (per
622 861 1016 952 inponitem)explicare
1033 858 1248 927 intendimus
1264 856 1335 946 pri·

188 990 234 1039 rae
255 990 421 1059 personae
442 969 665 1060 dignitatem.
681 970 839 1039 Dicimus
862 976 990 1053 autem,
1009 967 1098 1035 hanc
1123 965 1336 1055 dignitatem

188 1098 230 1145 on
249 1098 323 1145 esse
346 1076 452 1145 aliam
476 1099 497 1144 a
519 1078 734 1167 paternitate
758 1079 857 1168 ipsa,
876 1099 964 1168 quae
987 1083 1106 1143 nostro
1129 1074 1227 1142 modo
1251 1095 1336 1142 con-

188 1182 309 1277 ipieudi
323 1206 367 1253 ex
387 1184 525 1255 viauae
548 1186 696 1253 rationis
720 1185 788 1254 duo
812 1184 976 1253 includit.
1006 1184 1122 1251 Unum
1146 1187 1219 1265 cst,
1246 1180 1337 1272 quod

188 1314 226 1363 ar
244 1316 280 1361 aa
303 1316 365 1363 seu
388 1318 410 1361 a
431 1316 469 1363 ae
486 1294 536 1364 sit
558 1316 620 1383 per
642 1295 878 1363 immediatam
902 1293 1177 1363 coniunctionem
1194 1313 1271 1359 cum
1287 1312 1336 1359 es·

188 1402 395 1493 eutia‚(quia
417 1403 546 1494 absque
569 1403 658 1471 reali
681 1404 909 1493 productione
933 1424 1099 1492 personae
1122 1405 1250 1468 natura
1274 1399 1335 1466 im·

188 1510 309 1580 radiate
331 1534 448 1581 aecum
471 1513 577 1580 affert
599 1511 705 1580 talem
729 1511 1054 1603 personalitatem),
1079 1516 1114 1578 et
1136 1508 1201 1577 hoc
1224 1506 1336 1576 decla-

188 1638 278 1686 anue
301 1642 362 1708 per
386 1618 477 1687 hano
501 1620 720 1709 negationem
742 1622 976 1709 (impetitam).
1000 1618 1162 1686 Alterum
1185 1621 1338 1683 estesse

188 1725 428 1795 oustieutivam
451 1729 616 1819 principii
640 1727 842 1818 generandi,
862 1727 952 1818 quod
970 1727 1078 1793 Pater
1099 1724 1334 1792 nominatur»

188 1828 292 1901 inarea
307 1832 441 1902 LVIII.
457 1858 486 1903 a.
505 1835 538 1902 2.
553 1859 588 1903 n.
604 1835 659 1902 12.
674 1836 721 1903 cf.
736 1834 810 1903 LV.
824 1858 853 1903 c.
866 1834 920 1902 10.
936 1857 971 1900 n.
986 1834 1020 1901 2.
1033 1834 1068 1901 4.

232 1942 400 2009 Scholion.
418 1941 475 2010 Ad
492 1942 544 2010 rei
559 1943 684 2032 ipsius,
701 1947 738 2011 et
759 1942 907 2009 maxime
923 1942 967 2013 ad
984 1940 1075 2009 modi
1090 1939 1255 2032 loquendi
1277 1940 1337 2009 de-

188 2046 387 2117 clarationem
405 2048 558 2140 aliquam
575 2073 759 2140 possumus
774 2073 865 2118 nunc
883 2055 962 2139 post
976 2070 1018 2117 ea
1033 2071 1121 2139 qnae
1133 2048 1228 2116 dicta
1241 2053 1335 2133 eunt,

188 2156 284 2243 puris
305 2156 500 2247 complecti,
520 2177 608 2246 quae
630 2156 726 2225 tradi
750 2156 862 2225 solent
885 2156 1113 2246 comparando
1141 2150 1346 2245 proprieta-⁸

188 2266 436 2347 testatorem,
454 2271 489 2335 et
510 2269 664 2333 notiones
687 2265 888 2335 divinarum
911 2286 1148 2355 personarum.

235 2372 414 2463 Propriam
437 2372 496 2442 hic
518 2396 586 2440 nou
610 2372 721 2441 solum
745 2373 932 2462 opponitur
955 2373 1069 2441 alieno
1093 2374 1150 2441 vel
1174 2372 1337 2462 superad-

188 2474 252 2563 llto,
274 2503 341 2571 quo
363 2502 468 2549 sensu
492 2486 574 2549 sunt
601 2480 707 2549 etiam
726 2483 958 2569 proprietates
985 2479 1163 2548 absolutae
1192 2500 1337 2548 commu·

188 2606 233 2655 ms
249 2588 360 2657 tribus
383 2590 540 2679 personis
564 2591 634 2677 (cf.
663 2588 781 2657 Traot.
815 2589 857 2656 de
880 2588 989 2673 Deo),
1016 2588 1075 2656 aed
1099 2587 1278 2676 proprium
1302 2587 1339 2652 in

189 2712 268 2764 uersu
288 2720 355 2788 quo
378 2720 471 2765 nuuc
487 2697 656 2788 loquitur,
683 2697 869 2786 opponitur
886 2699 1062 2764 commeat.
1090 2695 1201 2763 Sensn
1224 2695 1339 2784 igitur

192 2802 336 2873 strictiori
354 2808 586 2894 proprietates
609 2810 694 2873 suut
709 2805 792 2872 illae
810 2805 964 2873 rationes
980 2803 1155 2887 formales,
1173 2826 1260 2893 quae
1277 2803 1340 2872 uni

193 2912 301 2979 aarum
323 2934 488 3003 personae
512 2914 736 2997 conveniunt,
756 2918 792 2980 et
814 2936 883 2979 non
906 2919 990 2981 sunt
1013 2932 1207 2981 communes
1231 2910 1340 3001 pluri·

195 3014 247 3086 aa.
262 3020 318 3091 Sic
340 3025 492 3113 quatuor
515 3029 620 3090 erunt
642 3022 874 3110 proprietates
892 3024 1105 3110 paterniter,
1123 3019 1339 3086 innascibili·

197 3134 241 3207 loe,
249 3129 391 3217 filiatio,
408 3131 557 3217 spiratio
571 3131 712 3217 passiva
729 3150 789 3197 seu
806 3132 976 3217 spiratum
992 3150 1070 3196 esee.
1083 3127 1338 3219 S.Th.1.q.3a.

196 3232 252 3301 ad.
269 3236 306 3305 Si
327 3260 412 3305 vero
435 3237 541 3327 paulo
564 3236 682 3304 laxius
706 3236 839 3305 dieitur
859 3241 1064 3326 propriam,
1082 3236 1173 3329 qnod
1196 3260 1264 3304 non
1288 3242 1343 3305 est

197 3352 339 3411 annuae
351 3343 511 3411 omnibus
526 3343 641 3411 tribus
658 3345 828 3432 personis,
839 3344 944 3413 etiam
961 3348 1076 3411 actico
1091 3346 1241 3433 opio-ctio
1254 3364 1342 3411 com·

196 3448 280 3519 urnis
301 3450 401 3519 Patri
425 3472 466 3519 ac
487 3451 583 3519 Filio
606 3450 665 3518 sed
688 3472 756 3517 non
780 3450 932 3540 Spiritui
957 3451 1097 3536 Sancto,
1117 3450 1342 3541 proprietati·

196 3544 240 3621 lm
255 3557 426 3628 accenseri
450 3564 577 3647 potest.

208 3682 213 3691 ·
239 3664 429 3732 dotationes
451 3665 564 3733 reales
581 3671 664 3733 sunt
680 3672 831 3757 quatuor
845 3670 1053 3755 paternitas,
1068 3666 1341 3755 filictiaopira-

196 3768 228 3833 ‘lt
245 3777 365 3855 activo,
382 3775 554 3863 spiratum
578 3796 654 3839 ease.
673 3773 840 3842 Attamen
865 3777 1058 3864 inpartitum
1081 3772 1274 3857 reductive,
1300 3778 1343 3841 ut

194 3868 344 3965 lieisolet,
356 3882 408 3949 eie
422 3880 644 3949 adnumerari
657 3888 782 3971 potest,
794 3887 869 3949 tum
884 3883 967 3974 quia
983 3890 1037 3951 est
1048 3884 1189 3971 negatio
1203 3881 1343 3948 relatio-

193 3980 232 4051 ιιι
246 3992 315 4057 tum
338 3988 424 4080 quia
447 3988 818 4078 designat‘personam,
835 4011 923 4081 quac
939 3991 976 4057 in
993 3989 1127 4058 divinis
1143 4012 1212 4056 non
1228 3995 1343 4078 potest

192 4096 244 4163 tae
260 4098 329 4167 nisi
351 4098 543 4168 relativum
564 4098 604 4166 S.
620 4099 687 4168 Th.
708 4099 739 4166 1.
752 4126 785 4191 q.
802 4100 857 4168 33.
874 4122 905 4167 a.
921 4101 956 4168 4.
971 4099 1015 4167 ad
1032 4099 1064 4166 3.
1084 4098 1209 4189 Itaque
1233 4098 1344 4166 omnis

190 4206 360 4295 proprietas
383 4214 439 4276 eet
461 4206 587 4276 relatio
610 4206 668 4275 vel
691 4208 875 4277 reducitur
899 4208 942 4276 ad
960 4207 1175 4291 relationem,
1190 4214 1226 4275 et
1239 4206 1342 4275 vicis·

190 4298 236 4379 dn
254 4313 363 4383 omnis
385 4313 513 4383 relatio
536 4320 590 4383 est
612 4316 808 4405 proprietas
834 4337 937 4384 sensu
961 4315 1084 4383 saltem
1100 4315 1240 4397 laxiori,
1253 4314 1344 4405 quod

188 4428 238 4485 lon
255 4426 309 4489 eet
330 4420 468 4510 aliquid
492 4442 669 4489 commune
692 4422 850 4489 omnibus
873 4421 1043 4512 personia.
1061 4421 1174 4499 Ratio
1190 4427 1244 4488 eat
1272 4419 1343 4488 evi·
