3172 4950
560 343 598 357 -
619 312 659 372 63
680 344 717 376 -,-

71 414 258 484 foederatis:
299 443 317 479 a
339 437 469 485 comma
500 417 703 507 septimum,
733 439 801 486 non
832 417 996 506 legerunt
1030 419 1219 502 Irenaeus,

69 521 206 591 Clemens
236 522 341 593 Alex.
377 547 440 593 nec
473 523 510 592 in
545 524 868 594 adumbrationibus
892 524 1003 594 latine
1026 527 1139 596 versis
1166 550 1223 595 ne·

68 630 174 722 quein
199 632 325 701 ceteris
354 631 538 722 operibus,
563 633 781 724 Hippolytus
806 641 927 702 contra
949 634 1116 720 Nectum,
1141 635 1223 704 Dio·

66 740 173 829 nysius
200 740 305 809 Alex.
328 740 367 809 in
383 764 436 833 ep.
456 741 500 810 ad
523 741 671 811 Paulum
696 741 957 811 Samosatenum
975 770 1006 811 n.
1032 742 1140 812 Porro
1163 744 1222 812 ad-

66 846 156 917 dunt:
176 878 193 912 a
209 871 231 916 a
254 849 421 918 Patribus
444 849 568 920 latinis
602 874 671 919 nou
707 851 861 936 citatur,
888 852 948 920 ubi
983 851 1041 922 vel
1076 852 1223 921 maxime

65 956 98 1024 ad
117 980 187 1026 rem
223 958 417 1048 pertineret
450 963 555 1050 atque
586 959 723 1028 omnino
760 959 955 1050 exspectari
980 966 1120 1051 posset;
1154 959 1240 1044 huc

64 1064 226 1153 pertinent
252 1071 376 1137 auctor
403 1064 444 1135 de
472 1056 568 1158 bapt.
588 1066 720 1137 haeret.
742 1067 835 1157 apud
853 1068 1021 1160 Cypriau.
1049 1075 1085 1138 et
1107 1069 1222 1139 Nova·

65 1171 168 1241 taum
186 1200 219 1240 n.

116 1280 350 1372 Inspiciamus
373 1280 543 1371 singulos.
564 1282 693 1352 Locum
725 1283 785 1351 ubi
807 1282 974 1352 heuneus
1007 1306 1136 1353 comma
1168 1286 1221 1352 7⁰³¹

65 1388 157 1458 citare
180 1389 378 1475 debuisset,
404 1389 538 1459 indicat
559 1390 697 1459 Millins
720 1391 826 1460 LIII.
846 1416 875 1460 c.
891 1391 935 1459 18
958 1393 1064 1485 (quod
1080 1392 1117 1460 in
1133 1393 1218 1462 edit.

64 1490 285 1566 nannetem
301 1496 404 1584 lb'ffl).
418 1497 532 1591 Atqui
548 1521 586 1568 eo
602 1498 715 1591 capite
731 1500 810 1590 agit
824 1500 991 1570 Irenaeue
1003 1501 1045 1569 de
1057 1502 1221 1569 Incurua-

64 1605 154 1690 tione,
173 1605 266 1698 quod
286 1626 357 1673 una
373 1613 427 1675 est
441 1628 588 1696 persona
610 1605 712 1675 Iesus
730 1600 910 1693 Christus,
928 1632 997 1676 non
1013 1607 1106 1676 alius
1123 1609 1222 1677 Iesus
1300 1688 1305 1698 ,

65 1722 90 1781 et
104 1714 193 1783 alius
208 1712 373 1782 Christus
388 1715 575 1804 secundum
594 1714 837 1785 Gnosticorum
864 1716 1104 1802 deliramenta,
1131 1717 1221 1785 unde

66 1821 180 1893 ibi-nec
196 1822 260 1892 Mt.
281 1821 454 1893 XXVHI.
470 1823 530 1890 19:
560 1824 806 1914 «baptizantes
830 1848 887 1893 eos
910 1826 946 1892 in
970 1826 1106 1895 nomine
1121 1825 1222 1894 Patri

66 1929 185 1998 etlilii
208 1935 246 1999 et
268 1930 425 2021 Spiritus
448 1930 570 2001 Sancti
586 1959 617 2016 n,
636 1954 698 2001 nec
721 1932 772 2001 Io.
788 1932 833 2001 X.
854 1932 909 2000 3οε
939 1956 1035 2023 «ego
1058 1939 1094 2003 et
1116 1934 1221 2002 Pater

67 2059 153 2105 uuum
170 2060 292 2106 sumus
306 2065 339 2122 n,
360 2035 528 2125 citantur,
548 2060 611 2107 nec
627 2037 740 2127 magis
758 2038 790 2106 1.
805 2038 855 2107 Ιο.
875 2039 920 2108 V.
936 2041 967 2107 7.
985 2040 1053 2109 huc
1069 2040 1222 2130 pertine-

67 2144 122 2214 bat.
138 2147 211 2215 Imo
234 2146 401 2215 Irenaeus
422 2145 459 2213 in
484 2146 645 2236 operibns
667 2147 767 2215 nobis
789 2146 938 2238 reliquis
962 2170 1149 2238 numquam
1175 2149 1220 2217 ci·

67 2256 108 2320 tat
124 2253 173 2322 Io.
193 2255 240 2322 X.
257 2254 312 2323 30.
331 2254 481 2324 alterum
498 2278 581 2325 vero
597 2255 709 2325 locum
724 2255 787 2324 hIt.
807 2255 979 2324 XXVIII.
995 2257 1050 2326 19.
1069 2281 1138 2325 non
1149 2258 1220 2325 uisi

67 2360 150 2430 semel
167 2360 250 2448 (ΠΙ.
268 2360 323 2429 13.
343 2360 390 2431 al.
408 2361 738 2448 reputarentur,
759 2362 929 2453 Spiritum
947 2364 1114 2433 Sanctum
1138 2387 1219 2434 eun·

65 2464 123 2538 dem
144 2470 205 2562 qni
229 2468 392 2539 fidelibus
415 2470 544 2555 datur,
578 2469 795 2540 descendisse
825 2470 863 2538 in
894 2470 1008 2541 Iesum
1039 2471 1218 2541 Christum

66 2577 274 2670 baptizatum.
294 2577 444 2646 Ubinam
467 2601 550 2667 ergo
573 2577 683 2645 maior
710 2584 787 2646 erat
817 2579 1006 2648 necessitas
1036 2579 1217 2649 adserendi

64 2686 87 2754 l.
98 2687 145 2757 Io.
159 2687 206 2756 V.
224 2688 257 2756 7.
274 2710 376 2779 quam
388 2687 439 2755 Io.
454 2687 500 2756 X.
517 2687 589 2754 30?
606 2710 689 2756 num
706 2688 796 2757 forte
812 2688 979 2757 Irenaeus
995 2687 1101 2758 etiam
1116 2693 1217 2756 textu

62 2792 233 2886 Evangelii
257 2796 426 2865 carebat?
442 2796 598 2865 Clemens
610 2794 714 2864 Alex.
735 2796 772 2863 in
792 2795 865 2864 suis
888 2796 1058 2886 Operibus
1080 2795 1217 2863 indubi-

61 2905 130 2974 tatis
152 2928 215 2974 nec
231 2904 295 2974 Me.
313 2904 485 2974 XXVIII.
497 2904 551 2973 19.
568 2926 630 2973 nec
646 2904 696 2972 Io.
712 2904 758 2973 X.
778 2903 832 2973 30.
853 2905 989 2996 uspiam
1007 2905 1107 2989 citat,
1129 2925 1217 2996 quae

61 3032 125 3101 ergo
157 3011 270 3080 maior
304 3011 494 3081 necessitas
528 3011 707 3081 commatis
731 3011 784 3087 7¹?
816 3011 935 3081 Solum
969 3012 1006 3080 in
1031 3010 1218 3102 Excerptis

61 3115 216 3189 lheodoti
240 3120 284 3189 ad
301 3120 429 3189 calcem
445 3118 531 3210 Opp.
547 3118 735 3187 Clementis
752 3117 788 3185 in
805 3118 955 3188 editione
967 3118 1102 3188 Potteri
1119 3143 1153 3188 n.
1174 3118 1215 3186 61
1297 3151 1302 3158 ·

60 3227 204 3298 adfertur
227 3229 279 3298 Io.
299 3229 346 3296 X.
366 3228 422 3296 30.
448 3228 495 3296 ad
517 3227 820 3297 demonstrandam
845 3227 1070 3297 divinitatem
1101 3250 1216 3319 perso·

60 3357 107 3406 uae
129 3360 270 3408 carnem
294 3336 515 3424 assumentis,
543 3337 602 3405 sed
618 3337 660 3406 de
680 3336 856 3405 Trinitate
872 3337 922 3406 ibi
942 3337 1042 3405 nulla
1057 3344 1111 3408 est
1126 3360 1216 3406 meu·

60 3444 104 3514 tio.
120 3447 160 3517 Si
176 3445 343 3517 catholici
358 3444 515 3534 theologi
531 3450 633 3513 tanta
649 3444 841 3514 securitate
855 3446 1149 3515 Adumbrationes
1165 3444 1215 3512 la·

60 3551 135 3624 tinas
158 3555 296 3625 nomine
328 3553 516 3623 Clementis
531 3558 583 3621 et
613 3553 704 3621 forte
731 3553 838 3621 etiam
868 3553 996 3622 librum
1028 3551 1215 3644 Hippolyti

60 3671 163 3734 contra
185 3664 336 3734 Noetum
358 3668 463 3756 atque
485 3659 667 3753 epistolam
698 3660 864 3750 Dionysii
893 3663 1124 3751 producerent
1152 3684 1216 3751 pro

60 3788 105 3839 aaa
126 3793 258 3856 causa,
284 3793 353 3839 uon
376 3770 510 3856 dubito,
537 3771 620 3863 quin
652 3770 807 3838 homines
837 3769 899 3838 isti
923 3790 1127 3860 κριτικωτατοι
1159 3790 1215 3836 su·
1256 3834 1257 3837 ,

59 3889 239 3967 tpectarum
262 3880 427 3950 mercium
449 3880 680 3950 invectionem
705 3879 972 3949 conclamarent.
999 3878 1145 3948 Interim
1173 3900 1215 3946 ex

57 3983 378 4059 lucubrationibus
388 3988 463 4057 illis
481 3988 588 4076 (Bibl.
604 3987 698 4057 Max.
713 3988 781 4058 ΡΡ.
797 3987 866 4057 ΠΙ.
883 4011 919 4078 p.
934 3987 1015 4075 233)
1027 4009 1216 4078 numquam

56 4098 212 4185 sciemus,
239 4095 323 4190 quid
345 4104 468 4168 auctor
492 4097 548 4166 vel
572 4097 744 4188 interpres
759 4095 888 4189 legerit
903 4096 939 4163 in
956 4096 1103 4187 epistola
1115 4096 1215 4162 loan-

55 4203 115 4293 nis3
140 4212 306 4278 constant
327 4206 418 4276 enim
441 4204 563 4296 paucis
586 4204 791 4296 quibusdam
808 4204 993 4273 sententiis
1009 4226 1050 4270 ex
1067 4202 1215 4293 epistola

53 4309 225 4408 decerptis.
239 4301 462 4405 Hippolytus*
477 4336 586 4405 neque
610 4313 684 4402 ipsc
708 4309 786 4399 agit
815 4309 857 4377 de
888 4308 1065 4377 Trinitate
1096 4330 1211 4398 perso·

51 4442 189 4510 uarum,
215 4424 276 4495 sed
299 4424 341 4495 de
364 4422 588 4494 distinctione
611 4419 730 4489 Patris
752 4440 793 4487 ac
815 4417 903 4487 Filii
926 4423 962 4486 et
985 4416 1027 4525 de
1044 4416 1209 4486 Incarno-
