3172 4950
616 360 654 375 -
675 329 733 391 321
757 362 794 376 -

188 434 340 519 >Pater,
366 432 495 518 Filius,
522 432 680 525 Spiritus
711 434 861 504 Sanctus
885 435 968 530 quia
997 459 1102 505 unum
1127 443 1211 506 sunt
1234 438 1299 506 sub

190 564 256 610 one
278 541 425 610 deitatis
448 563 508 610 seu
532 542 705 632 quatenus
732 543 838 629 Deus,
864 566 933 611 non
957 552 1041 612 sunt
1063 551 1136 613 tres
1156 543 1214 612 Dii
1239 545 1298 614 ssd

189 650 342 737 sDenb3
369 672 430 718 seu
462 648 546 740 quia
576 655 660 718 sunt
683 649 773 719 idem
797 674 874 719 cum
898 651 1031 720 deitate
1062 659 1099 720 et
1121 658 1205 720 sunt
1228 676 1299 720 una

188 780 243 840 ss,
269 756 348 826 ideo
371 757 436 824 sub
450 757 586 824 ratione
603 756 748 825 deitatis
763 758 859 826 inter
874 782 910 827 se
926 782 993 827 non
1010 759 1294 849 distinguuntur.

188 867 238 935 At
259 887 365 956 quam
387 864 528 933 evidens
551 870 606 933 est
627 864 836 955 principium
859 868 1107 952 enuntiatum,
1134 875 1205 936 tarn
1229 892 1298 937 non

193 972 341 1042 evidens
364 972 428 1041 hoc
451 971 623 1040 alterum:
649 994 737 1065 quae
765 980 849 1043 sunt
864 973 969 1063 plura
992 974 1135 1044 realiter
1151 976 1244 1044 inter
1262 999 1297 1045 se

188 1078 292 1149 iacta
313 1079 378 1146 sub
402 1100 472 1147 una
494 1078 642 1163 ratione,
660 1102 729 1147 non
753 1087 900 1170 possunt
923 1104 997 1151 esse
1022 1106 1128 1150 unum
1146 1084 1210 1151 sub
1226 1083 1297 1151 alia

190 1208 274 1273 one;
300 1191 337 1254 ct
360 1184 465 1277 (quod
489 1186 632 1275 perinde
648 1189 716 1272 est)
741 1209 829 1279 quae
846 1189 905 1254 aab
923 1189 1047 1280 aliqua
1062 1192 1199 1256 ratione
1214 1195 1299 1258 sunt

188 1318 227 1365 rm
250 1318 314 1364 seu
335 1317 404 1362 non
427 1293 698 1384 distinguuntur
721 1298 797 1383 (seu
825 1296 940 1364 minus
957 1298 1097 1386 proprie
1113 1297 1294 1388 loquendo,

189 1425 208 1471 e
231 1403 297 1470 sub
319 1401 440 1493 aliqua
462 1401 598 1472 ratione
622 1409 706 1472 sunt
728 1403 819 1472 idem
843 1427 919 1472 cum
937 1427 1006 1472 nno
1022 1405 1154 1490 tertio),
1180 1427 1222 1475 ea
1237 1404 1297 1471 sab

188 1514 213 1577 ci
234 1512 373 1577 racione
387 1515 471 1578 sunt
485 1510 576 1579 idem
592 1510 685 1579 inter
701 1534 749 1596 se,
768 1534 828 1580 seu
853 1514 917 1580 snb
932 1512 1032 1581 nulla
1047 1514 1185 1583 ratione
1203 1514 1297 1587 inter

188 1619 445 1708 listinguuntur
461 1618 523 1706 (1).
546 1647 563 1682 u
577 1619 832 1709 Argumentum
849 1620 941 1690 illud
960 1628 1067 1707 tenet,
1088 1622 1178 1714 quod
1195 1648 1296 1717 quae·

188 1836 218 1913 i)
227 1842 411 1896 concedimus
429 1842 595 1907 Leibnltio,
618 1842 692 1908 quod
717 1844 759 1896 ait
781 1842 815 1896 de
841 1844 894 1897 illo
920 1845 1063 1911 principio
1089 1845 1295 1913 metaphysioo;

193 1948 248 1987 usn
261 1949 352 2000 seque
371 1934 555 1986 convenimus
568 1933 600 1985 in
619 1932 699 1986 modo
714 1934 851 2001 loquendi
866 1933 900 1985 de
914 1934 962 1987 SS.
973 1935 1128 1988 'trinitate
1142 1920 1297 1990 somnium

188 2040 226 2079 ror
244 2025 372 2092 partium
391 2026 534 2090 theologi,
561 2026 586 2078 si
609 2024 777 2078 discesseris
794 2042 812 2078 s
835 2026 906 2078 solis
930 2025 1086 2092 fanaticis,
1109 2028 1211 2081 saltem
1232 2043 1296 2081 con·

188 2114 254 2179 tunt,
277 2116 390 2167 nullum
409 2114 475 2167 ildei
495 2115 647 2168 articulum
658 2114 808 2168 involvere
820 2129 903 2180 posse
914 2114 1200 2170 contradictionem...
1217 2118 1297 2172 Unde

188 2206 273 2271 citur,
289 2206 407 2260 nimiam
423 2222 483 2260 esse
494 2206 665 2260 facilitatem
684 2206 868 2274 quorumdam
884 2209 1054 2274 scriptorum
1071 2210 1295 2277 concedentium,

188 2300 254 2350 ctam
273 2297 446 2350 Trinitatem
467 2313 627 2365 repugnare
647 2299 752 2362 grandi
772 2300 823 2351 isti
845 2299 1005 2365 principio,
1027 2300 1101 2365 quod
1120 2303 1210 2366 effert,
1224 2317 1297 2369 quae

188 2386 297 2441 taudem
312 2389 363 2441 uni
383 2390 479 2454 tertio,
495 2388 590 2442 eadem
603 2390 689 2442 etiam
700 2405 762 2442 csse
774 2391 853 2441 inter
870 2405 909 2455 se,
924 2389 953 2441 h.
965 2405 990 2441 e.
1003 2391 1028 2441 si
1038 2389 1062 2441 Δ
1072 2410 1107 2437 z:
1117 2391 1139 2442 Β
1150 2395 1179 2444 ct
1188 2392 1208 2444 c
1218 2411 1253 2439 =
1262 2392 1294 2458 B,

188 2492 238 2531 use
256 2493 319 2531 esse
340 2478 408 2530 utd
422 2483 452 2531 et
464 2479 484 2530 0
498 2466 560 2531 sint
573 2493 683 2546 quoque
698 2478 794 2531 eadem
813 2479 892 2531 inter
909 2494 950 2531 se.
971 2480 1029 2531 Hoc
1050 2495 1171 2547 namque
1191 2482 1295 2547 princi·

188 2583 205 2620 ι
224 2568 387 2621 immediate
404 2568 590 2634 consequitur
609 2582 643 2620 ex
665 2568 808 2633 principio
830 2567 1076 2633 contradictionis,
1092 2574 1191 2635 estque
1205 2569 1296 2623 totius

188 2672 233 2711 cas
253 2659 332 2711 basis
352 2674 383 2711 ac
403 2657 632 2723 fundamentum
652 2658 683 2709 id
708 2659 734 2709 si
754 2664 867 2729 cessat,
879 2658 1077 2711 ratiocinandi
1096 2674 1158 2711 cum
1181 2660 1296 2713 certitu·

188 2749 261 2800 avla
284 2750 366 2801 nulla
388 2752 521 2815 superest
542 2745 591 2820 (ci.
604 2747 629 2799 si
648 2751 732 2800 vacat
749 2747 989 2801 Scholasticorum
1005 2747 1189 2815 quorumdam
1209 2748 1297 2801 dubia

188 2854 203 2891 a
219 2840 269 2892 boc
288 2855 375 2906 penes
396 2840 470 2892 Ruia
484 2839 564 2891 Trin.
579 2837 653 2905 disp.
664 2839 726 2892 XV.
740 2844 808 2891 sect.
821 2840 848 2891 4.
860 2844 890 2893 et
912 2840 987 2906 apud
1002 2840 1075 2892 alios
1094 2836 1224 2909 passim).
1239 2841 1296 2894 Ita·

201 2944 257 2983 cnm
277 2928 394 2995 dicitur,
416 2927 491 2996 quod
509 2928 597 2981 Pater
610 2930 650 2980 sit
668 2929 762 2993 Deus,
786 2929 859 2995 quod
879 2930 973 2982 Filius
994 2931 1035 2981 sit
1059 2930 1146 2994 Deus,
1169 2934 1198 2982 et
1223 2929 1296 2996 quod

188 3021 250 3074 ritus
267 3022 389 3074 Sanctus
409 3019 449 3071 sit
460 3020 545 3084 Deus,
561 3024 590 3073 et
610 3019 684 3085 quod
705 3023 799 3072 tamen
824 3035 897 3072 unus
918 3025 1029 3073 tantum
1051 3020 1186 3086 sitDeus,
1203 3036 1296 3088 quam-

197 3109 246 3163 bse
266 3114 327 3164 tres
348 3125 486 3177 personae
514 3109 591 3162 inter
613 3124 642 3161 ss
672 3109 803 3162 diversae
830 3111 907 3176 sint,
934 3110 1116 3162 indicandum
1137 3114 1197 3177 est,
1225 3111 1298 3163 banc

188 3214 220 3253 rur
235 3202 309 3252 Deus
332 3214 387 3252 non
407 3198 524 3251 eandem
550 3198 703 3265 utrobique
724 3203 753 3251 et
773 3201 804 3252 in
826 3200 912 3252 initio
931 3204 960 3253 et
981 3201 1014 3252 in
1039 3200 1094 3251 fine
1113 3201 1297 3265 significatio·

188 3290 359 3351 robtinere;
380 3294 410 3340 et
431 3292 506 3341 certe
528 3287 584 3339 iam
604 3287 793 3340 substantiam
824 3287 952 3340 divinam
980 3289 1036 3341 iam
1063 3304 1147 3341 unam
1172 3290 1297 3343 Deitatis

188 3392 271 3430 ronam
285 3376 441 3442 significat.
455 3397 467 3423 s
482 3375 610 3428 Leibnit.
622 3376 745 3429 Dissert.
762 3375 795 3428 de
810 3376 979 3429 conformit.
993 3377 1059 3430 fidei
1074 3392 1135 3431 cum
1149 3383 1204 3431 rat.
1213 3395 1242 3431 n.
1252 3380 1296 3431 22.

188 3466 208 3520 1.
228 3484 255 3535 p.
272 3469 318 3520 81.
339 3472 369 3520 et
395 3466 568 3532 Remarques
600 3481 649 3518 sur
672 3466 699 3517 le
721 3465 796 3518 livre
825 3465 899 3518 d’nn
928 3466 1150 3520 Antitrinitalre
1177 3467 1298 3533 Anglais

188 3555 202 3608 Ι.
218 3575 246 3625 p.
258 3557 302 3611 24.
324 3556 369 3609 25.
393 3558 451 3609 ilos
474 3571 541 3608 vcro
558 3570 620 3607 cum
646 3555 674 3607 S.
696 3555 802 3607 Thomu
830 3556 1033 3621 distinguendo
1061 3557 1297 3623 sipnisteotioncm

188 3648 391 3715 appositionem
419 3647 544 3699 nominis
569 3646 708 3711 dicimus,
737 3661 832 3698 vocem
856 3648 931 3698 Deus
959 3647 1054 3699 utrobi
1084 3646 1197 3698 omnino
1223 3644 1297 3698 idem

188 3738 301 3803 nificare,
327 3737 457 3791 divinam
481 3737 593 3797 scilicet
621 3740 753 3789 naturam
780 3737 1001 3803 subsistentem
1023 3737 1073 3788 sed
1097 3736 1160 3789 dum
1188 3736 1221 3788 de
1241 3753 1300 3791 una

188 3830 316 3882 orminats
340 3842 463 3894 persona
484 3826 677 3893 praedicatur,
693 3826 893 3891 adsignificare
914 3827 1132 3880 determinatum
1149 3828 1226 3880 hunc
1242 3845 1296 3881 mo-

188 3930 195 3968 ι
214 3916 389 3970 subsistendi
399 3913 413 3981 ,'
430 3931 478 3967 sen
502 3930 661 3982 supponere
679 3930 730 3982 pro
750 3915 803 3967 bac
825 3930 961 3982 persons;
985 3914 1049 3967 dum
1069 3916 1197 3968 absolute
1211 3932 1300 3969 enun-

188 4020 231 4073 υ,
245 4021 404 4075 supponere
416 4007 464 4058 vel
487 4005 518 4057 in
538 4005 656 4057 confuso
676 4021 727 4072 pro
747 4018 869 4072 persona
882 4006 945 4057 sine
957 4005 1195 4058 determinatione
1212 4006 1299 4060 huius

194 4096 284 4162 illius,
306 4097 353 4149 vol
374 4110 426 4162 pro
446 4095 541 4148 tribus
561 4096 703 4163 personis.
724 4096 811 4148 Pater
832 4098 877 4147 cst
896 4094 997 4148 divina
1011 4100 1117 4148 natura
1138 4097 1299 4150 subsistens
1383 4119 1399 4139 ι·

194 4185 307 4239 turmali
326 4185 380 4239 bac
403 4185 514 4238 ratione
531 4185 649 4250 Patris,
670 4185 766 4238 Filius
788 4190 833 4237 cst
855 4183 951 4236 eadem
982 4184 1085 4239 divina
1110 4187 1298 4240 naturasub·

188 4292 228 4329 rna
246 4277 299 4329 sub
317 4276 371 4330 bac
391 4274 508 4328 formali
522 4275 635 4328 ratione
655 4275 726 4328 Filii
747 4280 813 4341 etc,
827 4279 856 4328 et
870 4275 932 4328 ideo
943 4289 1017 4328 unus
1028 4278 1162 4331 estDcus
1181 4289 1298 4330 senuna

188 4382 227 4420 us
239 4366 341 4420 divina
360 4366 534 4432 subsistens,
556 4365 688 4432 quamvis
708 4365 852 4418 subsistat
872 4370 905 4418 ut
922 4367 1008 4420 Pater
1028 4373 1057 4420 et
1079 4367 1174 4420 Filius
1195 4369 1224 4418 et
1237 4364 1299 4432 Spl-

188 4472 196 4512 ι
218 4454 351 4512 emerus.
362 4454 435 4512 Vide
455 4470 542 4523 supra
555 4456 599 4509 th.
619 4456 670 4509 IV.
684 4455 907 4510 declarationem
922 4457 1109 4511 textuslo.1.
1124 4458 1149 4510 1.
