3172 4950
879 337 916 353 ..
941 308 1037 368 10..

857 470 1001 530 'l'HESlS
1024 470 1064 529 ll.

479 604 672 681 (iompleoeus
692 603 861 664 electrinus
883 607 921 663 in
942 602 1122 680 Scripturis
1142 603 1221 661 (0001
1245 600 1445 662 Testamenti

712 702 750 762 cle
771 705 902 762 nouitate
924 711 954 763 et
977 703 1199 762 distinctione.

444 857 603 909 elienor-ali
629 856 750 925 quadam
777 856 1007 909 consideratione
1028 856 1189 909 constantis
1215 854 1360 908 doctrinae
1386 853 1498 907 Christi
1516 861 1544 907 et

375 972 386 991 -·
399 948 608 1015 Apostolorum,
630 950 663 1000 ut
681 947 712 999 in
732 947 817 999 libris
836 948 905 999 novi
924 948 1101 1000 Testamenti
1120 946 1290 1011 exhibetur,
1311 944 1543 998 demonstrantur

373 1058 383 1081 ι·
399 1038 492 1103 Pater,
509 1038 612 1103 Filius,
635 1042 664 1089 st
682 1036 809 1104 Spiritus
828 1036 949 1090 Sanctus
969 1041 1027 1089 tres
1041 1036 1185 1101 distincti,
1201 1037 1251 1103 qui
1265 1039 1332 1088 sunt
1345 1050 1419 1088 unus
1433 1037 1519 1089 Deus.
1529 1057 1541 1081 r

436 1177 477 1247 ln
501 1178 719 1269 Evangeliis,
745 1179 781 1247 in
805 1178 964 1269 epistolis
987 1177 1201 1268 Apostolicis
1228 1177 1419 1269 ceterisque
1442 1177 1543 1246 libris

369 1284 452 1355 novi
475 1285 691 1355 Testamenti
713 1286 914 1376 saepissime
937 1287 1066 1355 mentio
1090 1286 1133 1353 fit
1155 1291 1191 1354 et
1213 1285 1371 1354 doctrina
1385 1283 1544 1353 traditur

368 1391 503 1462 Christi
526 1393 639 1484 ipsius
666 1400 704 1463 et
730 1394 976 1484 Apostolorum
1001 1395 1042 1464 de
1066 1396 1137 1462 Deo
1161 1393 1265 1462 Patre
1288 1393 1347 1486 qni
1370 1398 1425 1461 est
1439 1392 1545 1460 Pater

369 1499 552 1590 Unigeniti
574 1500 662 1569 Filii
684 1501 763 1586 sui,
789 1502 831 1571 de
853 1501 947 1570 Filio
969 1504 1034 1570 Dei
1057 1503 1117 1593 qui
1133 1501 1311 1591 proprium
1327 1500 1467 1568 Patrem
1482 1497 1543 1565 ha·

369 1608 426 1677 bet
447 1608 578 1692 Deum,
604 1608 647 1678 de
671 1608 808 1698 Spiritu
832 1609 960 1678 Sancto
984 1611 1044 1701 qui
1068 1615 1122 1678 est
1138 1609 1293 1698 Spiritus
1308 1607 1438 1690 Patris,
1466 1606 1542 1696 Spi-

367 1716 460 1785 ritus
482 1716 582 1800 Filii,
600 1715 757 1806 Spiritus
772 1718 849 1786 Dei.
864 1718 932 1787 Hic
949 1719 1104 1787 contenti
1121 1741 1240 1785 sumus
1257 1715 1414 1805 generali
1427 1713 1543 1782 adhuc

366 1830 403 1893 et
426 1824 529 1891 obvia
552 1823 828 1894 consideratione
851 1849 980 1911 eornm,
1010 1849 1097 1918 quae
1121 1826 1163 1895 de
1186 1825 1338 1914 singulis
1360 1824 1540 1908 docentum

367 1930 409 1999 de
431 1929 525 1998 Filio
547 1931 689 2021 inquam
711 1936 747 1999 et
769 1933 811 2001 de
836 1932 978 2022 Spiritu
998 1932 1139 2019 Sancto,
1155 1956 1232 2002 cnm
1249 1955 1290 1999 ex
1306 1931 1362 1997 his
1386 1929 1475 2019 ipsis
1491 1929 1542 1996 in-

365 2036 578 2125 telliguntur
592 2059 644 2122 ea,
664 2059 751 2131 quae
766 2062 829 2130 pro
845 2041 1021 2130 praesenti
1037 2041 1239 2134 quaestione
1255 2040 1299 2109 ad
1311 2039 1451 2106 Patrem
1465 2060 1543 2127 per·

366 2144 494 2213 tinent.
511 2144 670 2213 Dicimus
693 2146 823 2239 itaque,
842 2149 980 2239 quoties
1003 2150 1079 2218 sive
1103 2149 1203 2218 velut
1219 2171 1280 2238 per
1295 2145 1451 2214 incidens
1466 2146 1542 2215 sire

366 2248 449 2319 duta
471 2272 575 2340 opera
596 2251 634 2318 in
650 2252 846 2343 Scriptnris
868 2257 952 2326 novi
976 2256 1191 2325 Testamenti
1209 2276 1319 2323 sermo
1342 2258 1397 2321 est
1419 2253 1461 2321 de
1484 2251 1542 2320 Fi·

365 2356 414 2426 lio
436 2358 503 2427 Dei
525 2360 713 2429 secundum
736 2362 970 2433 sublimiorem
993 2365 1068 2433 eius
1091 2371 1252 2434 naturam
1268 2364 1435 2449 (hnmana
1450 2361 1541 2429 enim

364 2472 494 2536 notura
515 2466 603 2537 Filii
623 2468 800 2540 incarnati
823 2470 880 2540 hic
903 2497 971 2541 non
993 2474 1092 2541 venit
1116 2473 1152 2541 in
1185 2470 1539 2553 considerationem),

364 2580 402 2644 et
423 2574 560 2669 quoties
582 2599 692 2646 sermo
715 2585 770 2648 est
791 2580 833 2649 de
857 2580 995 2671 Spiritu
1020 2581 1149 2650 Sancto
1172 2582 1209 2649 in
1233 2580 1401 2649 relatione
1417 2577 1462 2646 ad
1477 2576 1540 2644 Pu·

363 2688 453 2753 trem
477 2683 536 2752 vel
557 2683 689 2753 Filium
712 2686 770 2755 vel
792 2688 837 2756 ad
867 2694 1078 2782 utrumque,
1104 2689 1219 2757 omnia
1242 2710 1383 2780 prorsus
1404 2685 1538 2775 conspi-

363 2810 443 2859 rare
454 2790 492 2858 in
504 2788 593 2858 hanc
608 2794 830 2879 sententium,
842 2796 933 2886 quod
949 2796 1065 2880 Pater,
1075 2795 1203 2879 Filius,
1214 2795 1371 2884 Spiritus
1387 2793 1540 2861 Sanctus

362 2900 436 2965 tres
459 2904 543 2964 sunt·
565 2896 715 2967 invicem
739 2900 884 2969 realiter
907 2902 1094 2987 distincti,
1120 2902 1157 2970 h.
1172 2925 1203 2970 e.
1224 2925 1293 2969 non
1324 2900 1398 2967 sola
1420 2904 1542 2967 nostra

364 3003 639 3075 consideratione
662 3007 722 3076 sed
746 3008 783 3075 in
798 3030 834 3076 se
850 3008 943 3078 alius
959 3010 1075 3095 Pater,
1094 3010 1188 3078 alius
1204 3009 1332 3093 Filius,
1352 3007 1446 3075 alius
1463 3005 1539 3095 Spi-

363 3109 457 3179 ritus
480 3110 642 3197 Snnctus,
668 3114 896 3186 nihilominus
918 3124 1034 3186 temen
1057 3124 1131 3187 tum
1154 3125 1228 3187 tres
1251 3116 1357 3186 simul
1379 3121 1455 3185 tum
1470 3113 1540 3181 sin·

363 3216 441 3307 guli
464 3226 548 3288 sunt
570 3244 660 3289 nnus
684 3223 789 3293 Deus.
1119 3222 1125 3231 '

430 3325 461 3394 I.
474 3326 693 3400 Relationem
715 3331 803 3400 Filii
827 3332 893 3402 Dei
915 3333 960 3402 ad
984 3335 1094 3404 Deum
1125 3334 1264 3403 Patrem
1287 3331 1451 3399 Christus
1473 3327 1540 3397 Do

363 3435 479 3505 minus
501 3436 576 3527 ipse
599 3438 636 3507 in
661 3440 828 3509 universa
849 3464 914 3510 sun
937 3442 1014 3511 vita
1036 3449 1073 3510 et
1097 3442 1259 3511 doctrina
1289 3461 1423 3530 semper
1443 3438 1540 3506 exhi·

364 3542 440 3610 buit
463 3549 499 3612 et
520 3545 682 3635 Apostoli
706 3548 867 3640 deinceps
889 3550 1116 3619 tradiderunt
1135 3549 1173 3617 in
1195 3549 1289 3617 hunc
1317 3567 1474 3628 sensum,
1499 3552 1540 3610 ut

363 3648 408 3717 1·.
427 3649 544 3720 Filius
567 3654 632 3721 Dei
656 3656 704 3723 sit
727 3680 795 3725 non
819 3658 1004 3749 adoptione
1020 3658 1080 3727 sed
1096 3656 1214 3726 Filius
1229 3654 1403 3747 proprius:
1422 3652 1540 3720 Filius

361 3756 450 3839 Dei,
474 3760 592 3826 Filius
615 3762 759 3831 ditentur
781 3764 847 3833 Mt.
869 3766 1007 3851 111.17;
1026 3767 1142 3833 Filius
1165 3763 1362 3832 dilectionis
1372 3776 1540 3852 poter-noe

361 3862 435 3932 col.
450 3864 480 3933 I.
496 3866 551 3953 13;
564 3869 683 3937 fitius
694 3876 857 3961 proprius
870 3874 968 3941 Rom.
984 3873 1086 3940 VIII.
1102 3872 1158 3957 323
1176 3876 1272 3937 errius
1292 3872 1455 3961 proprius
1472 3868 1540 3935 Pa·

363 3986 415 4037 ter
437 3989 486 4039 est
510 3975 600 4041 Deus
615 3976 663 4045 lo.
681 3979 725 4045 V.
744 3980 798 4063 lep
817 3982 933 4048 Filius
959 4005 1053 4047 rerer
1070 3982 1089 4047 l
1105 3980 1155 4048 Io.
1176 3980 1219 4047 V.
1234 3980 1291 4063 2e;
1309 3980 1425 4047 Filius
1440 3999 1541 4065 super

362 4076 493 4145 (1000000
516 4096 549 4147 er
567 4083 752 4169 familiam
768 4086 856 4155 Heb.
876 4088 943 4155 111.
964 4090 1008 4161 6:
1034 4088 1096 4181 qni
1126 4110 1193 4155 non
1216 4100 1268 4155 est
1299 4085 1415 4154 Filius
1438 4083 1537 4163 ideo,

362 4187 446 4279 quia
468 4188 631 4259 obediens
646 4192 759 4279 Patri,
784 4195 842 4261 sed
864 4196 987 4283 feretur
1012 4212 1060 4262 est
1084 4194 1252 4261 obediens.
1278 4195 1432 4286 quamtis
1459 4203 1541 4256 esset

363 4296 478 4361 Pilius
499 4319 607 4389 nurmp
625 4300 661 4361 oie
678 4300 738 4371 uer
760 4298 848 4367 Heb.
869 4302 912 4369 V.
931 4303 965 4385 8;
984 4303 1101 4370 Filius
1128 4324 1163 4367 eo
1188 4325 1309 4377 sensu,
1335 4323 1400 4391 qno
1424 4296 1542 4361 nullus

360 4402 559 4491 “”idmffl
577 4420 692 4495 P⁰i8⁸i
707 4406 808 4495 filins
824 4408 1002 4499 appellari
1017 4406 1105 4477 fieb.
1121 4407 1152 4477 I.
1171 4409 1204 4491 53
1220 4408 1337 4477 Filius
1351 4426 1489 4469 monerer
1506 4405 1541 4466 iu
