3172 4950
717 298 923 360 -ueo-·

228 410 383 491 lumine,
409 404 638 475 confidentius
668 404 743 473 ait:
769 404 875 473 Pater
907 407 946 472 in
977 429 1031 475 me
1058 416 1094 477 et
1117 433 1183 501 ego
1205 414 1242 481 in
1266 414 1370 507 Putre;

226 522 308 612 quia
330 526 370 586 ut
393 514 540 606 spiritus
562 513 694 597 Pater,
721 512 773 581 ita
802 519 839 581 et
868 513 987 582 Filius
1018 518 1195 607 spiritus,
1231 528 1270 590 ut
1300 524 1371 595 Deus

226 628 340 711 Pater,
365 626 416 694 ita
438 632 474 692 et
496 622 612 691 Filius
636 624 771 691 Deus...
788 622 888 705 Quod
913 624 950 691 in
973 625 1080 694 Patre
1103 635 1181 713 est,
1209 630 1272 701 hoo
1297 636 1368 705 etin

225 738 317 807 Filio
338 744 432 803 cst...
460 732 550 797 alter
574 732 616 797 ab
641 732 749 797 altero
774 748 805 798 et
828 748 970 825 aterque
993 760 1110 817 euntem,
1128 764 1195 803 uon
1220 738 1283 806 duo
1305 768 1367 810 aaut

223 846 279 915 sed
301 845 393 911 olives
418 846 453 905 iu
477 841 563 919 olio,
586 839 669 931 quia
693 864 760 908 nou
777 841 874 910 aliud
889 843 925 910 in
943 852 1091 937 utroque
1106 874 1122 907 n
1142 854 1209 917 etc.
1226 850 1261 918 S.
1275 850 1364 921 Hilu.

225 956 322 1025 Tria.
341 950 446 1020 ].ΙΙΙ.
465 974 500 1017 n.
519 949 553 1016 4.
572 950 619 1017 cf.
638 949 662 1016 l.
684 948 746 1017 VI.
763 974 798 1019 n.
819 951 873 1018 19.
890 952 1012 1021 'lotam
1042 957 1213 1025 rationem
1231 960 1365 1050 complec-

222 1064 312 1133 titur
333 1060 587 1129 Damascenus:
617 1056 799 1141 «scimus,
827 1059 1036 1149 hypostases
1059 1087 1127 1130 non
1150 1074 1252 1133 extra
1273 1090 1306 1136 se
1329 1068 1364 1137 in·

225 1170 332 1241 uicem
355 1165 518 1236 excedere
534 1216 541 1247 ,
568 1170 604 1231 et-
627 1166 670 1231 ab
686 1164 835 1234 invicem
853 1168 1104 1259 inseparabiles
1120 1179 1157 1241 et
1172 1175 1288 1244 unitas
1301 1198 1363 1261 esse,

221 1290 256 1351 et
281 1282 374 1345 in⁰se
399 1278 536 1341 inuicem
562 1290 778 1341 commeantes
804 1278 997 1365 inconfusa·
1020 1283 1139 1347 sonitus
1161 1282 1292 1373 quidem
1312 1284 1364 1349 ole-

224 1412 287 1483 pue
309 1385 531 1473 confusione,
559 1397 626 1447 tres
650 1387 737 1448 enim
761 1401 840 1450 erant
856 1389 993 1453 etiamsi
1009 1392 1191 1469 veniuntur,
1211 1390 1363 1458 de'stiuctoe

224 1522 296 1566 uero
318 1494 446 1583 absque
471 1492 688 1579 separatione
701 1492 763 1577 (1).
779 1493 880 1563 Licet
903 1496 994 1564 enirn
1018 1519 1245 1591 unaquaeque
1267 1524 1317 1591 per
1336 1522 1361 1567 se

221 1603 401 1681 subsistat,
415 1598 477 1667 hoo
489 1606 542 1665 est
560 1601 714 1687 perfecta
739 1600 787 1668 sit
808 1602 1022 1691 hypostasis,
1040 1612 1076 1673 et
1093 1610 1360 1699 suamproprietu·

222 1722 301 1793 tem,
316 1709 350 1777 id
375 1715 429 1775 est
446 1706 580 1773 uodunr
606 1707 819 1776 subsistendi
844 1710 1047 1780 distinctum
1062 1712 1200 1801 habeat;
1216 1724 1253 1784 at
1264 1717 1360 1784 urinu-

220 1829 279 1890 tur
298 1814 451 1887 essentia
464 1824 499 1881 et
515 1813 761 1882 essentialibus
778 1817 973 1903 attributis,
992 1828 1029 1887 et
1043 1844 1082 1888 eo
1101 1822 1192 1913 quod
1209 1847 1273 1891 non
1290 1844 1359 1913 sepe·

220 1936 344 2001 rantur
364 1944 473 2013 neque
486 1927 588 1989 extra
600 1929 777 2010 paternam
792 1924 1009 2014 hypostasim
1032 1929 1261 2017 egrediuntur
1281 1942 1359 2022 atque

220 2059 309 2109 unus
320 2034 414 2103 Deus
425 2038 508 2096 sunt
520 2036 554 2095 et
568 2029 735 2098 dicuntur
749 2059 765 2091 n
781 2032 941 2102 Danrasc.
956 2034 1035 2104 Fid.
1049 2036 1186 2107 orthod.
1199 2038 1225 2107 1.
1240 2038 1357 2106 mea.

283 2137 502 2213 l‘raedioatio
526 2138 644 2229 itaque
668 2162 721 2209 tas
745 2162 983 2232 περιχωρπσεως,
1010 2152 1113 2211 ntea
1137 2145 1173 2212 in
1191 2142 1358 2236 Scripturis

218 2264 253 2327 ot
277 2254 313 2321 in
338 2246 499 2318 doctriua
523 2246 668 2313 Patrurn
693 2248 916 2333 continetur,
950 2254 1191 2341 compendiosa
1221 2255 1357 2345 quaedun

216 2368 268 2433 est
292 2354 487 2427 corifutatio
499 2360 535 2422 et
558 2354 699 2420 excluso
724 2356 875 2423 omnium
901 2360 973 2426 fere
997 2358 1182 2429 haereseon
1206 2363 1356 2449 circany·

217 2467 361 2539 steriuru
395 2460 459 2527 SS.
487 2460 687 2527 Trinitatis
713 2462 804 2528 Dum
837 2464 1055 2554 intelligitur·
1086 2469 1207 2537 unitas
1240 2476 1358 2537 natura

216 2590 388 2665 tauupuuu
419 2568 681 2636 l'undarnenturu
705 2570 950 2641 inexistentiae
975 2584 1115 2644 mutuae
1139 2600 1355 2667 personarum,

214 2682 449 2757 excluduntur
473 2678 600 2745 Ariani
624 2685 659 2746 et
683 2680 890 2771 quicumque
914 2692 1059 2751 naturas
1076 2685 1254 2754 triumve]
1269 2687 1356 2754 diuer-

214 2818 269 2863 sus
294 2788 348 2859 vel
367 2786 554 2855 distinctas
570 2786 787 2854 admittendo
804 2798 969 2877 separant
983 2815 1146 2880 personas
1161 2796 1205 2862 ab
1222 2794 1355 2863 invicem.

213 2908 301 2975 lluur
335 2896 552 2985 intelligitur
587 2894 743 2963 vicissim
775 2897 964 2967 inexistere
989 2925 1079 2969 uirus
1103 2903 1139 2969 in
1163 2903 1255 2987 alio,
1278 2896 1357 2971 refel-

215 3016 335 3081 luntur
350 3003 541 3073 Sulrelliaui
566 3010 600 3071 ct
624 3002 688 3070 alii
713 3002 894 3089 haeretici,
914 3006 973 3098 qui
998 3020 1166 3097 negantes
1190 3006 1355 3078 distinctio

214 3142 287 3189 uuuu
314 3112 438 3181 rualeni
459 3132 683 3199 personarum
709 3110 910 3181 divinarum
934 3138 973 3181 eo
997 3116 1072 3205 ipso
1095 3117 1198 3184 ctiam
1217 3114 1357 3185 auserunt

211 3218 569 3297 uirmuuincessionem
583 3241 748 3308 personae
765 3220 869 3288 unius
886 3220 922 3287 iu
940 3221 1051 3290 altera
1069 3226 1113 3291 cf.
1131 3224 1167 3291 S.
1184 3224 1249 3291 Th.
1268 3226 1353 3291 contr.

211 3340 305 3425 gout.
324 3328 382 3395 lV.
403 3352 432 3395 c.
447 3326 542 3393 9.Εο
567 3330 639 3393 sere
665 3327 762 3395 niodo
787 3352 853 3419 quo
878 3328 915 3396 in
940 3332 1108 3417 mysterio
1125 3324 1355 3399 Incaruationis

210 3442 329 3511 urdiuu
355 3436 437 3504 lieet
462 3436 602 3503 inverso
626 3436 839 3524 praedicatio
868 3438 1206 3508 oircurnincessionis
1237 3449 1355 3509 naturae

211 3550 314 3621 rrrriua
339 3546 373 3611 iu
399 3544 548 3611 ulterarn
572 3543 706 3611 ratione
731 3544 881 3613 unitatis
906 3568 1081 3634 personae,
1101 3548 1202 3615 cuius
1217 3556 1269 3616 est
1284 3556 1355 3614 utre

209 3684 274 3755 que
300 3666 429 3725 audura
454 3653 619 3745 propria,
645 3652 803 3720 excludit
826 3661 863 3721 et
885 3655 1171 3723 Nestorianoruur
1193 3654 1355 3747 separatio·

209 3794 282 3837 rums
309 3766 343 3833 iu
369 3766 457 3833 (luris
475 3764 683 3851 hypostases
700 3769 735 3829 et
751 3760 1074 3852 monophysitarum
1092 3766 1318 3833 confusionem
1331 3758 1356 3827 iu

210 3902 309 3947 urrmu
337 3884 501 3943 rudtruuu
526 3870 589 3957 (2).

273 4080 316 4153 (Ι)
338 4086 385 4135 ttsr
408 4084 434 4131 iu
454 4076 592 4135 ἁλληλαις
605 4072 768 4145 ἅσυγχυτως
784 4095 981 4147 περιχωρουσας
995 4073 1179 4145 iurataque-is.
1193 4098 1235 4131 και
1248 4076 1361 4145 desperet

213 4202 249 4227 m
270 4178 442 4239 joop-,uros
462 4190 530 4237 sperf
550 4188 602 4237 px?
623 4168 689 4219 iseo
708 4167 730 4218 ir
751 4188 793 4219 και
815 4168 933 4225 isaurus.
952 4172 1135 4237 διαιρουμινας
1158 4173 1184 4221 δε
1197 4170 1363 4227 desanaus

275 4266 318 4337 (a)
340 4268 376 4319 lu·
397 4266 448 4317 true
468 4264 560 4315 ultera
579 4257 845 4311 circumlucessions
865 4258 1067 4312 distinctarum
1087 4263 1254 4313 naturarum
1272 4261 1302 4313 in
1321 4270 1365 4312 uuo

204 4356 330 4417 dtu-luto,
352 4356 463 4421 uptruus
484 4354 622 4419 «querutum
643 4362 712 4415 opus
732 4354 785 4413 est,
808 4349 838 4399 in
858 4350 993 4401 'tractatu
1014 4348 1048 4401 de
1068 4349 1281 4403 Incarnetione.
1301 4350 1367 4403 tute

205 4456 256 4501 rtsu
279 4456 402 4505 suuntur.
425 4446 565 4499 rationum
585 4440 703 4493 illerum
722 4454 783 4493 esse
803 4438 1029 4493 diversissimum
1048 4446 1078 4491 et
1096 4448 1246 4507 utramque
1265 4441 1321 4495 tere
1333 4452 1369 4493 ec·
