3172 4950
541 380 579 397 ..
603 348 660 408 123
682 380 719 393 ..

58 452 161 520 Potest
185 453 256 520 iam
275 453 433 522 'essentia
455 453 645 543 dupliciter
677 451 854 543 spectari,
884 452 940 522 vel
975 450 1111 521 scilicet
1140 454 1217 521 abs·

59 566 166 642 hacta,
184 560 267 629 dum
291 560 531 630 consideratur
555 560 678 628 multis
701 558 896 629 individuis
920 559 1216 629 communicabilis

58 670 86 729 et
103 661 325 748 universalis,
353 662 544 732 cuiusmodi
560 669 615 732 est
629 665 764 752 speciae,
783 662 840 732 vel
856 668 898 731 ut
919 668 973 731 est
996 663 1081 732 haec
1103 663 1216 733 deter-

58 771 174 839 minata
185 770 383 859 singularis
397 771 540 841 realiter
551 776 694 840 exstans
706 771 868 849 essentia.
881 770 996 839 Priori
1008 770 1108 839 modo
1121 793 1216 861 spec-

58 862 153 944 tatam
174 877 387 948 Aristoteles
409 878 502 948 dixit
523 875 663 972 δευτεραν
687 874 790 942 coccam
815 876 1051 964 (Scholastiei
1075 879 1219 946 aiebant

58 983 206 1052 candae
230 988 467 1072 immolante),
494 987 578 1079 quia
601 986 821 1055 universalia
848 984 1045 1054 formaliter
1067 991 1109 1054 ut
1131 986 1218 1055 uni-

58 1092 198 1161 versalia
220 1114 285 1163 nec
306 1094 467 1163 existunt
488 1117 552 1164 neo
574 1101 723 1184 possunt
745 1095 894 1163 existere
918 1093 1081 1179 realiter,
1107 1094 1219 1164 altero

56 1203 140 1270 modo
167 1208 360 1293 spectatam
387 1203 587 1295 appellabat
609 1225 728 1293 πρωτην
753 1199 855 1267 cocras
881 1204 1029 1294 (prime
1055 1207 1217 1293 a'oteatio-⁸

55 1312 124 1398 ab),
147 1316 271 1400 utpote
293 1311 438 1382 realiter
462 1313 499 1380 in
521 1335 638 1381 rerum
662 1319 792 1381 natura
814 1318 1010 1382 exstantem
1046 1312 1103 1382 vel
1131 1335 1218 1405 quae

54 1418 165 1487 saltem
187 1425 328 1489 exstare
353 1421 487 1511 possit3
516 1421 607 1491 uude
632 1421 718 1490 haec
742 1423 889 1488 cesentio
906 1424 1025 1511 priora
1049 1421 1219 1489 commode

54 1529 213 1619 appellari
236 1534 409 1620 potestat
431 1543 596 1602 successu
620 1531 787 1621 temporis
819 1530 927 1600 etiam
956 1529 1135 1621 appellata
1165 1536 1219 1598 est

54 1645 205 1719 ὐποπασις
228 1664 290 1711 eeu
311 1641 525 1726 substantia,
542 1663 609 1732 quo
634 1639 803 1710 vocabulo
819 1639 1006 1710 secundum
1023 1663 1123 1709 suurn
1142 1645 1218 1729 ety-

55 1775 118 1820 uon
140 1751 251 1821 realis
273 1748 453 1819 exstantia
476 1746 526 1834 (1)
543 1745 768 1836 exprimitur.

107 1861 183 1929 Iam
208 1880 291 1931 vero
314 1857 352 1925 in
374 1854 605 1925 translatione
627 1854 752 1923 horum
776 1854 1006 1924 terminorum
1036 1854 1082 1924 ad
1104 1855 1218 1944 expri-

57 1968 200 2037 mendam
232 1986 338 2034 unam
373 1963 538 2032 deitatem
569 1984 779 2030 communem
810 1961 925 2031 tribus
956 1961 1159 2048 distinctis,
1184 1967 1221 2032 ct

58 2075 91 2143 ed
124 2072 359 2164 designandos
393 2077 465 2138 tres
500 2069 705 2154 distinctos,
731 2092 877 2162 quorum
900 2091 971 2138 une
1003 2075 1058 2139 est
1081 2069 1216 2156 deitas,

58 2183 234 2252 orientales
257 2179 383 2249 Patres
406 2185 442 2249 et
464 2201 541 2247 cum
564 2177 642 2245 illis
662 2177 827 2249 Meletius
851 2177 1092 2248 Antiochenus
1108 2202 1219 2250 move·

58 2293 171 2361 bantur
194 2291 262 2360 hac
285 2287 575 2372 consideratione,
602 2287 695 2377 quod
720 2287 912 2376 hypostasis
937 2310 998 2356 seu
1021 2288 1221 2357 substantia

58 2400 237 2491 singularis
267 2397 522 2480 determinata,
561 2394 593 2462 si
623 2400 677 2463 est
706 2394 848 2484 integra
881 2401 917 2465 et
946 2396 1220 2463 connaturaliter

58 2509 188 2592 existit,
215 2507 252 2575 in
276 2504 405 2574 creatis
418 2509 482 2573 cst
504 2503 541 2571 in
566 2524 602 2571 ee
626 2501 821 2571 subsistens
846 2525 915 2571 non
931 2503 1119 2572 communis
1142 2503 1219 2594 plu-

60 2618 165 2701 ribus,
191 2615 257 2684 sed
276 2618 318 2683 ut
340 2611 399 2681 hic
422 2634 514 2680 uuus
537 2609 728 2680 distinctus
751 2610 795 2678 ab
817 2610 901 2679 aliis
916 2611 1125 2680 habentibus
1140 2633 1219 2679 ean·

59 2723 120 2792 dem
141 2743 353 2793 communem
375 2726 550 2807 naturam3
568 2725 752 2809 propterea
767 2719 923 2804 Patrem,
943 2718 1086 2805 Filium,
1106 2718 1220 2809 Spiri-

59 2836 119 2900 tum
141 2832 312 2902 Sanctum
334 2828 478 2899 realiter
502 2827 712 2912 distinctos,
743 2850 891 2919 quorum
916 2834 990 2896 'una
1017 2834 1070 2897 est
1092 2827 1217 2913 deitas,

59 2939 268 3030 appellabant
290 2944 365 3007 tres
390 2938 608 3026 hypostases,
635 2934 802 3004 deitatem
827 2958 910 3005 vero
933 2935 1050 3005 tribus
1074 2959 1220 3006 commu·

60 3069 120 3116 uem
141 3048 307 3119 dicebant
328 3040 444 3124 ὸυσιαν,
470 3043 632 3136 quamvis
658 3042 697 3111 in
720 3042 854 3113 divinis
882 3045 973 3114 hano
996 3044 1220 3114 communita·

59 3160 113 3223 tem
133 3155 240 3246 longe
261 3152 368 3222 aliam
390 3174 465 3221 esse
487 3150 656 3221 videbant
682 3173 785 3242 quarn
815 3152 851 3220 iu
876 3151 1018 3221 creatis.
1043 3152 1221 3222 Docebant

58 3282 125 3350 crgo
145 3284 252 3332 unam
275 3261 387 3346 ὁυσιαν,
406 3265 479 3329 tres
494 3258 716 3349 hypostases.
733 3260 820 3328 Tres
843 3283 927 3330 vero
959 3260 1104 3330 realiter
1127 3261 1221 3328 inter

58 3390 83 3438 ee
105 3371 293 3440 distinctos
323 3367 488 3436 nolebant
517 3367 593 3435 siue
624 3367 747 3437 addita
776 3367 1014 3438 declaratione
1044 3368 1222 3461 appellare

57 3498 190 3568 προσωπα
212 3499 275 3547 seu
297 3497 475 3567 personas,
494 3498 537 3544 nc
560 3475 717 3566 suspicio
735 3476 891 3545 oriretur
914 3477 1044 3547 erroris
1060 3476 1219 3561 Sabellii,

54 3589 161 3679 quiin
185 3608 258 3657 una
280 3585 465 3678 hypostasi
490 3583 614 3654 divina
636 3585 790 3676 ponebat
812 3592 886 3656 tres
910 3608 1077 3677 personas
1101 3600 1219 3655 secun-

110 3845 153 3922 (l)
171 3847 247 3913 Quia
265 3845 426 3902 accidentia
445 3849 550 3901 natura
573 3862 625 3900 sua
642 3860 698 3898 non
718 3848 843 3912 possunt
854 3858 906 3912 per
927 3858 957 3896 se
980 3847 1093 3897 exstare
1108 3841 1157 3897 sed
1177 3857 1220 3896 eo·

50 3952 103 3990 rum
120 3953 176 3991 me
192 3941 240 3991 est
257 3939 354 3991 inesse
372 3937 468 4003 alteri,
485 3942 572 4005 atque
595 3936 665 3991 adeo
686 3935 780 3988 minus
800 3935 954 4002 perlectam
975 3934 1084 3987 habent
1106 3936 1220 3987 exetan-

49 4027 129 4095 tiam
155 4043 230 4095 quae
247 4042 317 4081 vero
338 4029 459 4095 possunt
476 4031 595 4081 exstere
607 4041 658 4094 per
671 4041 700 4079 se
721 4027 752 4078 et
772 4039 829 4078 non
850 4022 1026 4079 inhaerendo
1047 4024 1143 4089 alteri,
1158 4037 1221 4089 per-

47 4116 143 4172 lectius
163 4121 302 4185 sumt,
321 4116 385 4170 ideo
407 4118 485 4171 solae
505 4117 649 4171 essentiae
671 4115 726 4170 hee
745 4115 931 4184 perfectiores
954 4114 1047 4167 dictae
1068 4117 1137 4167 suut
1156 4112 1221 4166 sub·

44 4208 267 4272 cantianorum
284 4222 353 4261 vero
369 4206 449 4275 ipsae
463 4206 599 4261 substant
616 4205 824 4272 accidentibus,
840 4220 857 4257 a
874 4203 975 4258 multis
988 4218 1023 4256 ex
1033 4202 1086 4257 hac
1108 4201 1221 4256 ratione

45 4294 192 4351 subatandi
207 4295 359 4350 deducitur
379 4296 554 4362 etymologia
576 4281 702 4349 nominis
724 4295 926 4360 substantiae3
950 4290 1023 4345 unde
1044 4291 1072 4345 S.
1085 4290 1221 4355 Augusti·

43 4402 94 4440 uue
111 4386 205 4461 (Trin.
221 4388 272 4441 Vl.
284 4381 327 4457 b.)
345 4386 407 4454 ait,
428 4386 460 4438 in
479 4385 555 4461 Deo,
572 4385 622 4439 ubl
649 4384 761 4438 nullum
780 4387 877 4452 potest
896 4397 959 4436 ease
981 4380 1128 4445 accidens,
1154 4378 1221 4430 aab·

42 4479 179 4530 stantiam
195 4474 365 4549 (secundum
383 4458 599 4547 etymolooelam)
617 4474 772 4543 improprie
792 4472 849 4527 dloi
870 4470 919 4545 (ol.
931 4472 1033 4527 Peter.
1047 4472 1069 4525 l.
1080 4470 1131 4526 lv.
1142 4482 1167 4523 e.
1179 4465 1219 4537 Β).
