3172 4950
705 343 744 359 -
766 314 826 373 444
848 346 887 363 -

208 419 261 487 tia
281 415 443 487 absoluta
466 416 613 483 identice
627 442 668 483 ac
684 418 829 485 realiter
844 426 900 490 est
916 419 1065 510 ipsamet
1078 419 1232 489 essentia
1245 419 1351 489 didm

208 526 298 595 Vide
322 525 484 593 loannem
508 524 710 615 theologum
744 526 780 593 iu
809 526 913 596 Cone.
942 527 1111 597 Floreat.
1129 526 1285 597 Harduin
1302 526 1350 597 n

207 656 242 723 p.
257 634 335 701 255.
350 634 429 701 258.
454 634 546 701 Hinc
569 633 702 723 pariter
733 633 912 720 vidimus,
945 658 968 702 a
989 635 1086 703 Filio
1120 656 1219 703 suum
1247 656 1350 725 procer

209 741 338 810 sionem
362 740 534 809 declarari
558 764 620 830 per
644 741 931 811 communicatam
964 742 1032 811 sibi
1055 743 1240 811 scientiam
1265 750 1297 811 et
1312 762 1350 809 ιι·

210 848 377 938 pientiam
400 871 421 915 a
437 848 554 917 Patre:
583 880 600 912 u
612 848 678 917 hoc
693 855 758 934 est,
773 849 892 918 docuit
909 874 960 919 me
978 851 1085 918 Pater
1097 849 1164 936 (Io.
1178 848 1275 919 VIII.
1285 848 1348 932 ii),

210 956 300 1046 quod
323 963 394 1040 est,
421 956 585 1025 scientem
609 979 661 1026 me
684 957 810 1045 genuit
831 958 981 1026 Pater...
1016 956 1293 1049 quemadmodum
1309 954 1348 1025 illi

209 1063 384 1153 gignendo
416 1065 513 1133 dedit
542 1072 584 1132 ut
606 1073 720 1149 esset,
746 1065 796 1133 sic
821 1064 999 1155 gignendo
1027 1064 1128 1134 dedit
1158 1072 1201 1133 ut
1228 1070 1346 1133 nossa·

210 1172 305 1261 Au'g.
323 1172 359 1238 in
383 1172 434 1239 Io.
450 1172 624 1239 tract.40.
643 1196 679 1239 n.
696 1175 728 1239 ὅ.
748 1172 806 1241 Sic
830 1194 913 1263 ergo
936 1172 1042 1240 etiam
1071 1170 1226 1261 Spiritui
1253 1170 1348 1239 sina

210 1277 275 1347 hoc
299 1284 352 1348 est
374 1301 496 1361 nosse,
522 1278 694 1347 audiendo
717 1301 739 1346 a
761 1279 855 1347 Filio
878 1286 914 1349 et
943 1278 1145 1371 accipiendo
1168 1280 1210 1348 de
1231 1301 1267 1347 eo
1285 1272 1349 1368 qual

211 1385 321 1472 Filii,
348 1387 438 1479 qnod
462 1394 516 1455 est
535 1388 749 1478 procedendo
773 1410 795 1456 a
817 1388 911 1456 Filio
932 1410 1019 1457 esse.

279 1496 329 1563 3¹¹.
355 1495 410 1563 Ex
434 1495 540 1564 dictis
564 1501 675 1586 patet,
692 1496 858 1588 quomodo
882 1496 931 1564 sit
955 1494 1192 1585 intelligenda
1207 1492 1348 1563 formate

210 1606 287 1674 turi
309 1604 476 1695 temporis
499 1603 630 1685 audiet,
657 1609 815 1694 accipiet.
842 1604 992 1673 Auditio
1023 1611 1060 1673 et
1084 1584 1239 1696 acceptio
1262 1606 1372 1673 imur-

211 1734 296 1780 uens
320 1733 484 1801 personae
508 1711 650 1779 divinae
673 1719 727 1779 est
752 1720 896 1781 aeterna
919 1734 997 1781 cum
1021 1719 1183 1801 respectu
1210 1712 1254 1781 ad
1278 1710 1372 1779 ιίῖιινΙ

211 1826 287 1887 tum
298 1820 549 1909 temporarium
563 1821 607 1888 ad
623 1829 736 1887 extra.
755 1818 794 1887 Si
811 1818 926 1907 igitur
942 1823 1124 1908 spectatur
1140 1826 1183 1887 ut
1197 1818 1350 1886 immmcn

212 1935 248 1995 et
270 1935 434 2010 aeterna,
469 1925 543 1994 sine
574 1926 790 1995 successione
822 1947 956 2015 semper
985 1930 1088 2009 erat,
1121 1929 1200 2009 est,
1227 1930 1262 1995 et
1284 1922 1348 2005 erit;
1379 1968 1384 1997 ι

213 2035 331 2127 sicque
354 2058 451 2103 omne
474 2035 722 2123 temporarium
746 2040 822 2101 tum
839 2032 977 2124 quando
999 2030 1139 2117 existit,
1154 2032 1189 2101 ei
1210 2026 1348 2101 coexistit·
1375 2014 1384 2049 ³

213 2141 290 2224 Quo
312 2165 415 2211 sensu
438 2141 591 2210 diximus
613 2140 700 2209 alibi
715 2190 724 2224 ,
738 2140 883 2209 ¹Filium
906 2138 1137 2208 aeternaliter
1170 2134 1349 2229 genemh
1380 2166 1383 2173 ·

213 2250 317 2320 Patre
340 2251 446 2320 etiam
470 2256 545 2318 tum
565 2230 736 2342 ,'quando
753 2249 941 2318 secuudum
958 2247 1214 2317 humanitatem
1228 2242 1350 2315 nimiu
1372 2212 1384 2363 pl

213 2381 255 2427 ex
278 2357 440 2448 Virgine,
459 2365 496 2427 et
518 2359 655 2450 quaudo
676 2357 836 2446 resurgit
858 2379 880 2423 a
902 2354 1062 2424 mortuis.
1088 2352 1190 2423 Unde
1211 2352 1253 2423 de
1272 2356 1350 2421 usin
1381 2374 1384 2413 ι

213 2466 328 2534 nitate
351 2465 487 2533 nullum
511 2472 645 2554 tempus
668 2465 833 2554 proprie,
867 2468 903 2531 et
933 2462 1052 2553 aliquo
1083 2484 1190 2530 seusu
1218 2454 1351 2551 praeteri·
1378 2424 1384 2583 l

212 2580 315 2657 tum,
341 2595 515 2664 praesens,
541 2579 577 2641 et
600 2574 761 2640 futurum
785 2577 899 2662 potest
922 2569 1128 2653 enuntiari,
1159 2574 1265 2658 prout
1288 2561 1352 2635 stili·
1381 2586 1384 2635 ι

215 2686 270 2750 cet
292 2689 446 2772 tempora
476 2681 513 2747 in
545 2701 609 2747 sua
640 2679 858 2749 successione
882 2678 1082 2746 coexistunt
1112 2666 1353 2745 incommutabili

214 2789 417 2858 aeternitati
442 2789 504 2874 (1).
531 2786 644 2872 (Vide
669 2787 789 2855 Tract.
817 2787 858 2854 de
882 2786 989 2871 Deo).
1029 2783 1088 2852 Sic
1112 2806 1197 2874 ergo
1219 2774 1354 2853 etiamlr

214 2905 356 2965 aeterna
379 2898 586 2965 immaneute
609 2896 807 2985 acceptioue
830 2892 1025 2983 sapientiae
1057 2898 1093 2961 et
1116 2892 1285 2961 esseutiae
1304 2904 1357 2957 cru

214 3012 373 3094 respectu
398 3004 441 3073 ad
465 3006 627 3072 effectum
651 3004 689 3069 iu
713 3009 865 3091 tempore
890 3002 1053 3069 loturum
1078 3000 1124 3067 ad
1148 3011 1253 3068 extra
1274 2994 1358 3088 prad

213 3112 373 3180 adhiberi
397 3118 533 3201 tempus
557 3113 742 3179 futurum:
767 3109 910 3193 audiet,
929 3109 1079 3198 accipiet
1094 3116 1132 3177 et
1147 3102 1359 3185 annuntiabit

216 3240 282 3309 quo
305 3241 372 3285 non
397 3218 621 3307 significatur
644 3216 781 3285 auditio
803 3221 839 3284 et
861 3215 1016 3304 acceptio
1039 3221 1114 3282 tum
1132 3202 1361 3304 incipiensct

216 3324 306 3416 quod
330 3326 434 3393 etiam
458 3331 532 3392 tum
557 3325 658 3392 audit
681 3330 716 3391 ct
739 3322 894 3412 accipit,
915 3322 1052 3413 quando
1067 3321 1217 3390 effeetus
1231 3320 1363 3389 adextrt

214 3431 364 3521 primum
388 3431 534 3500 realiter
558 3430 693 3500 existit.
721 3430 798 3498 Uno
821 3430 938 3498 verbo:
966 3428 1124 3518 Spiritus
1156 3425 1303 3495 Sanctus
1325 3440 1362 3489 ae

273 3594 315 3667 (1)
337 3598 417 3650 «Nec
437 3601 558 3661 moveat,
580 3595 653 3663 quod
674 3596 791 3647 verbum
810 3594 904 3647 futuri
922 3595 1059 3660 temporis
1073 3595 1200 3663 positum
1212 3600 1365 3659 estmorae

215 3704 332 3755 cumque
352 3688 470 3752 audiret,
495 3688 638 3754 loquetur.
673 3687 729 3738 llla
748 3685 854 3751 quippe
874 3682 1024 3736 audientia
1043 3684 1220 3751 sempiterna
1237 3690 1296 3745 est,
1317 3676 1365 3746 qrb

216 3781 390 3846 sempiterna
412 3778 542 3831 scientia.
565 3779 597 3829 Iu
618 3792 649 3829 eo
666 3780 769 3839 autem,
791 3773 865 3841 quod
886 3775 1090 3840 sempiternum
1111 3778 1158 3825 est
1176 3774 1239 3827 aine
1252 3768 1365 3825 initiati

219 3869 282 3920 siue
300 3869 365 3933 flue,
387 3868 542 3920 cuiuslibet
562 3866 698 3932 temporis
712 3864 828 3917 verbum
846 3870 979 3930 ponatur,
996 3862 1059 3916 sire
1070 3864 1226 3930 praeteriti
1238 3862 1297 3915 aive
1307 3868 1364 3926 prat

217 3958 308 4009 acutis
328 3960 390 4010 aive
410 3957 511 4021 futuri,
534 3972 588 4009 nou
610 3956 783 4008 mendaciter
802 3955 964 4021 punitum...
979 3953 1095 4020 Semper
1113 3954 1213 4019 itaque
1232 3950 1308 4004 audit
1321 3942 1365 4013 spi

222 4047 298 4098 ritus
318 4048 449 4110 Sanctus,
471 4047 539 4113 quia
558 4060 667 4111 semper
687 4046 752 4099 soit:
774 4058 840 4108 ergo
860 4048 889 4094 et
909 4042 997 4095 sciriI
1016 4048 1044 4093 et
1064 4042 1366 4103 arrectariorum

218 4135 270 4189 hoe
289 4141 318 4188 et
336 4135 451 4188 audivit
470 4140 499 4186 et
517 4133 601 4187 audit
619 4138 647 4186 et
667 4132 773 4195 audiet;
796 4132 874 4198 quin,
890 4130 966 4183 sicut
985 4131 1041 4182 iam
1061 4129 1199 4195 diximus,
1218 4130 1270 4182 hoc
1285 4116 1364 4179 catilli

218 4228 316 4280 audire
332 4226 405 4293 quod
426 4227 508 4289 scire,
525 4228 553 4276 et
567 4223 640 4293 scire
653 4223 702 4274 illi
718 4222 770 4274 hoc
788 4224 834 4273 est
852 4219 925 4287 qnod
946 4235 1018 4272 esse.
1038 4219 1082 4272 Ab
1096 4220 1150 4273 illo
1162 4219 1255 4283 igitur
1266 4210 1363 4271 arunt

220 4317 302 4371 audit
320 4321 350 4370 et
368 4315 475 4379 audiet,
498 4332 514 4368 a
534 4330 589 4381 qno
609 4319 663 4377 est,
685 4311 721 4364 ab
740 4312 792 4363 illo
810 4319 863 4371 est,
885 4327 902 4364 a
920 4324 975 4376 quo
995 4308 1124 4375 procedit
1138 4329 1152 4355 s·
1172 4307 1202 4363 S.
1216 4307 1286 4371 Aut.
1298 4298 1363 4357 nte

218 4411 303 4461 tract.
316 4406 418 4460 xc1x.
432 4421 461 4457 u.
472 4404 500 4457 5.
