3180 4944
723 382 761 396 -
782 351 842 411 ³74
864 381 901 397 -

223 455 375 524 Verbum
393 476 435 521 ex
453 453 646 525 intrinseca
660 456 712 526 rei
727 463 857 523 natura
879 454 1110 524 communicat
1138 453 1253 522 Verbo
1277 476 1365 527 essen

218 560 304 629 tiam
330 562 394 629 sub
418 562 577 631 omnibus
607 562 813 631 formalibus
843 562 1040 629 rationibus
1063 566 1230 652 (excepta
1252 562 1364 629 forna

219 670 354 737 ratione
377 670 608 759 expressionis
631 670 751 754 Verbi,
778 671 879 739 cuius
903 670 1054 738 Verbum
1077 669 1193 759 ipsum
1207 673 1365 736 esttern»

219 800 286 844 nus
309 777 454 845 realiter
478 778 704 866 distinctus),
730 779 809 847 ideo
831 776 1041 868 exprimitur
1066 776 1222 845 Verbum
1245 794 1365 844 comm!

218 885 366 953 nicando
390 886 575 954 essentiam
592 889 657 955 sub
673 888 813 955 formali
829 887 936 955 etiam
953 885 1089 953 ratione
1105 882 1300 954 dilectionis
1312 906 1362 973 sp

218 992 343 1059 rantis.
371 992 469 1061 Unde
493 993 684 1062 intellectio
709 999 855 1083 paterna
885 993 991 1060 babet
1017 990 1198 1059 formalem
1222 990 1365 1057 rationed

217 1098 417 1167 dilectionis
440 1098 611 1189 spirantis
626 1124 694 1169 non
710 1100 780 1168 nisi
803 1100 985 1189 supposita
1001 1099 1137 1184 (ordine
1153 1096 1310 1187 originis)
1322 1114 1365 1163 e:

217 1208 391 1296 pressione
415 1208 535 1293 Verbi,
561 1216 596 1276 et
618 1208 772 1278 Verbum
788 1208 998 1299 exprimitur
1015 1208 1145 1275 babens
1161 1205 1298 1275 eandem
1312 1206 1364 1271 fer

217 1314 340 1381 malem
364 1315 533 1384 rationem
557 1315 756 1385 dilectionis
787 1317 979 1405 spirantis,
1006 1339 1066 1384 seu
1089 1315 1197 1384 Pater
1221 1312 1364 1383 fecundi:

217 1421 374 1512 Spiritus
410 1424 531 1492 Sancti
566 1425 731 1513 exprimit
761 1425 985 1513 generatione
1016 1423 1169 1492 Verbum
1202 1420 1364 1491 secundun

215 1528 372 1619 Spiritus
396 1529 530 1599 Sancti.
556 1530 654 1599 Unde
679 1532 771 1600 sicut
786 1532 938 1600 essentia
953 1538 989 1599 et
1003 1530 1200 1622 paternitas
1216 1528 1364 1615 (format

214 1637 307 1705 ratio
329 1637 531 1707 intellectus
547 1638 776 1728 exprimentis
792 1640 960 1723 Verbum)
977 1663 1045 1706 non
1060 1648 1144 1707 sunt
1160 1638 1228 1706 duo
1243 1634 1364 1705 realite

214 1744 402 1829 distincta,
429 1746 488 1814 sed
513 1768 583 1813 une
607 1770 739 1813 summa
762 1771 819 1815 res
843 1750 907 1815 sub
930 1747 1064 1835 duplici
1088 1743 1230 1814 formali
1252 1742 1364 1813 ration

214 1852 366 1920 absoluti
389 1861 425 1921 et
448 1854 605 1923 relativi:
624 1855 676 1923 ita
693 1856 889 1945 paternitas
912 1862 949 1924 et
972 1854 1119 1946 spiratio
1134 1875 1203 1922 nou
1220 1860 1302 1921 sunt
1315 1850 1364 1919 dt

201 1959 375 2045 relativa,
402 1962 460 2028 sed
485 1964 548 2030 sub
572 1963 705 2051 duplici
729 1962 869 2030 formali
893 1964 1028 2031 ratione
1045 1985 1137 2030 unus
1152 1960 1323 2030 relativus
1338 1978 1364 2023 ε

213 2066 385 2157 duplicem
419 2068 562 2137 realiter
597 2071 804 2139 distinctum
827 2073 1026 2141 terminum.
1054 2070 1148 2152 Quia
1179 2090 1297 2157 nempe
1320 2064 1357 2133 d

212 2174 292 2263 plex
316 2174 381 2242 illo
405 2177 564 2244 formalis
587 2179 679 2247 ratio
703 2203 770 2247 non
796 2179 900 2248 habet
927 2170 1259 2270 oppositionem'una
1276 2172 1317 2242 ad
1333 2194 1363 2241 ε

212 2288 336 2366 teram,
362 2283 438 2352 ideo
462 2285 636 2354 intereas
659 2310 727 2354 non
751 2294 805 2355 est
828 2287 1010 2355 distinctio
1032 2286 1141 2355 realis
1163 2292 1200 2354 et
1221 2291 1276 2353 est
1293 2304 1363 2349 um·

212 2389 406 2477 relativus3
432 2399 586 2462 attamen
610 2394 692 2486 quia
716 2394 777 2463 illc
801 2417 891 2463 unus
915 2395 1020 2463 babet
1049 2393 1206 2463 ordinem
1228 2390 1292 2459 sub
1312 2390 1363 2457 fn

211 2498 295 2565 mali
327 2500 463 2568 ratione
495 2502 676 2589 gignentis
699 2511 735 2571 et
762 2503 931 2591 spirantis
961 2502 1006 2571 ad
1036 2502 1211 2592 duplicem
1240 2496 1363 2567 reali‘t

209 2604 413 2674 distinctum
438 2610 624 2676 terminum
647 2610 705 2695 (ad
721 2610 853 2678 Filium
871 2622 908 2680 et
923 2611 1095 2701 Spiritum
1113 2609 1305 2689 Sanctum),
1327 2626 1363 2693 p

208 2714 358 2781 tennitas
382 2721 416 2783 et
441 2716 589 2804 spiratio
613 2723 697 2786 sunt
720 2718 808 2786 duae
831 2719 1018 2787 relationes
1035 2717 1224 2786 distinctae
1247 2712 1363 2781 ratior

209 2843 286 2887 cum
311 2824 536 2891 fundamento
560 2824 596 2891 in
621 2850 668 2893 re.
698 2826 910 2911 Relationes,
936 2828 1089 2917 inquam,
1108 2832 1193 2893 sunt
1212 2823 1362 2891 duaent

208 2930 343 2997 ratione
360 2932 586 3021 oppositionis
604 2948 756 3017 mutuae,
776 2934 834 3003 sed
852 2935 986 3002 ratione
1000 2932 1226 3001 terminorum
1240 2928 1283 2997 ad
1295 2946 1362 3019 qu*

207 3045 260 3103 est
288 3037 426 3105 relatio.
454 3037 492 3105 Si
510 3040 725 3130 oppositione
745 3051 867 3110 mutua
896 3043 989 3110 inter·
1020 3065 1056 3110 se
1086 3039 1230 3108 realiter
1256 3026 1362 3104 disti1

207 3150 411 3231 guerentur,
432 3156 547 3215 essent
563 3148 650 3217 duae
667 3171 848 3239 personae;
869 3149 928 3217 sed
945 3150 1029 3240 quia
1045 3148 1119 3215 sola
1136 3146 1271 3215 ratione
1288 3140 1362 3208 intr

207 3272 242 3316 se
266 3250 548 3340 distinguuntur,
567 3261 648 3323 sunt
673 3277 741 3323 una
764 3278 923 3345 persona.
953 3254 1187 3323 «Relationes
1205 3244 1362 3341 oppositi

207 3364 290 3426 sunt
313 3382 489 3447 personae,
505 3368 540 3429 et
559 3371 643 3431 sunt
665 3363 753 3431 dnae
777 3384 942 3452 personae
966 3363 1059 3431 sicut
1075 3361 1164 3428 duae
1180 3356 1359 3427 relatione

207 3464 266 3534 sed
291 3466 477 3535 relationes
501 3492 587 3559 quae
615 3470 759 3537 suntin
782 3470 900 3539 eadem
924 3492 1070 3559 persona
1094 3491 1163 3536 non
1191 3462 1362 3556 oppositfl‘

208 3582 291 3643 sunt
307 3576 443 3668 quidem
461 3577 549 3647 duae
574 3578 761 3648 relationes
785 3578 843 3647 vel
864 3579 1092 3669 proprietates
1116 3579 1176 3646 sed
1200 3598 1266 3644 non
1289 3570 1362 3639 due

207 3706 383 3771 personae,
402 3685 469 3752 imo
486 3706 555 3751 una
570 3708 746 3773 persona»
767 3686 803 3755 S.
820 3687 886 3755 Tb.
903 3687 935 3753 1.
952 3686 1035 3754 dist.
1052 3685 1106 3753 33.
1121 3708 1153 3751 a.
1170 3684 1203 3751 2.
1219 3684 1262 3750 ad
1276 3682 1309 3749 1.

272 3790 445 3859 Similiter
469 3791 653 3861 dicendum
677 3818 750 3861 esse
774 3801 871 3883 patet
901 3794 942 3862 de
970 3794 1122 3862 eiusdem
1152 3776 1361 3883 spirationi*

207 3903 247 3964 ut
268 3895 362 3963 Filio
386 3900 670 3983 communicatur,
697 3900 923 3969 distinctione
949 3900 1099 3969 rationis
1130 3905 1166 3967 et
1191 3896 1361 3991 identiteff

204 4003 292 4070 reali
326 4028 403 4072 cunr
433 4006 602 4075 relatione
634 4006 829 4075 filiationis.
859 4007 976 4075 Filius
999 4007 1091 4077 enim
1114 4029 1157 4074 ex
1174 4006 1257 4096 'ipso
1280 4006 1361 4071 111⁰t

203 4112 433 4201 processionis
456 4136 477 4179 a
501 4115 604 4183 Patre
629 4140 689 4204 per
711 4116 985 4185 intellectionem
1006 4123 1199 4205 generatur
1215 4121 1255 4183 ut
1271 4118 1361 4182 un¹²

203 4240 280 4285 cnm
304 4218 407 4288 Patre
432 4220 643 4312 principium
661 4224 844 4292 fecundum
870 4224 1027 4313 Spiritus
1051 4223 1187 4291 Sancti.
1209 4223 1334 4292 «Nam

203 4324 316 4394 Verbo
333 4326 470 4395 infinito
486 4332 781 4419 repraesentativo
800 4331 931 4398 infiniti
954 4331 1031 4397 boni
1050 4330 1285 4422 quidditative
1301 4330 1361 4389 ⁰⁰

202 4434 336 4503 tinetur
363 4435 477 4505 virtus
500 4443 642 4521 (etcum
660 4438 795 4509 virtute
811 4438 1051 4507 identificatus
1066 4444 1197 4525 actus),
1216 4448 1257 4508 ut
1273 4436 1361 4507 si¹1³
