3172 4950
663 350 702 371 -
723 318 784 383 353
804 350 843 371 .-

191 427 365 515 stelliger-e
387 424 632 518 productivum
656 424 776 509 Verbi,
800 429 857 495 est
879 425 1027 515 ipsamet
1048 430 1192 494 aeterna
1215 426 1342 496 incom-

190 534 385 605 nutebiliter
407 555 610 626 permaneus
634 533 760 602 relatio
792 533 1017 624 paternitatis
1049 534 1093 603 ed
1126 535 1277 603 Verbum
1301 541 1343 605 ut

190 666 266 712 num
287 640 475 710 terminum
499 639 738 709 intrinsecum.
759 639 936 722 Vicissim,
956 646 998 710 ut
1020 640 1089 708 iam
1107 664 1149 710 ex
1165 640 1344 732 descripta
1460 688 1463 693 -

190 747 305 819 brmnli
327 749 463 816 ratione
486 745 739 815 intellectionis
762 746 986 836 producentis
1014 753 1134 836 patet,
1161 755 1342 818 aeternum

190 854 308 944 milwe·
328 878 391 924 seu
413 858 575 945 generari
588 854 696 924 Verbi
713 854 934 922 immanentis
950 876 1017 922 neu
1035 862 1089 924 est
1109 855 1193 947 quid
1208 855 1339 941 labeus,

190 963 231 1035 red
243 969 297 1034 est
318 985 361 1033 ex
377 985 443 1032 sua
458 961 649 1032 intrinseca
664 963 843 1054 exigentia
859 963 1052 1033 necessario
1068 970 1104 1033 et
1115 965 1342 1035 aeternaliter

190 1095 368 1168 permaneus
380 1071 528 1162 produci
544 1068 724 1140 intrinseci
741 1077 880 1140 termini
894 1073 1145 1144 intellectionis
1161 1083 1339 1164 paternae.

189 1180 269 1253 lbet
297 1179 466 1275 videlieet
497 1179 732 1250 substantiale
763 1181 960 1269 intelligere
990 1180 1151 1250 divinum
1182 1183 1340 1253 absolute

189 1295 359 1382 epulatum
372 1295 425 1356 est
439 1308 509 1356 una
522 1286 730 1357 indistincta
744 1287 896 1357 essentia
912 1288 1048 1374 divina,
1067 1296 1242 1379 sumptum
1259 1308 1343 1358 vero

189 1395 309 1465 relative
323 1404 362 1466 et
378 1395 479 1465 velut
502 1397 614 1463 active
636 1402 810 1486 quatenus
827 1397 1026 1487 intelligere
1041 1406 1096 1466 est
1113 1395 1340 1485 intellipendo

189 1505 353 1593 reprimere
369 1523 471 1571 suum
487 1501 653 1584 Verbum,
678 1508 734 1572 est
757 1501 951 1573 subsistens
975 1503 1079 1572 Pater
1102 1502 1293 1572 distinctus
1318 1524 1341 1571 a

189 1609 280 1683 Verbo
301 1633 464 1703 expresso
487 1634 549 1681 seu
572 1612 752 1702 product03
779 1611 857 1702 pari
881 1613 1017 1682 ratione
1034 1613 1243 1680 intellectum
1269 1614 1341 1682 Deo

189 1716 396 1789 irtduseeum
418 1717 577 1787 absolute
601 1725 796 1809 spectatum
818 1726 873 1789 est
896 1721 1048 1788 essentia
1075 1719 1211 1804 divina,
1237 1741 1341 1789 sensu

189 1834 282 1897 mum
304 1825 404 1896 velut
419 1826 572 1917 passivo,
592 1834 634 1897 ut
653 1828 861 1895 intellectum
877 1827 1010 1896 dicitur
1026 1827 1261 1897 intellectione
1279 1848 1336 1916 pa-

190 1938 269 2005 terne
288 1957 504 2026 expressum,
530 1940 586 2003 est
609 1933 762 2004 Verbum
785 1956 808 2001 a
830 1934 935 2003 Patre
959 1935 1170 2024 producente
1194 1935 1339 2006 distinc-

190 2046 246 2111 tem
266 2044 327 2132 (1),
353 2044 445 2137 quod
468 2043 656 2114 intrinsece
678 2044 908 2113 constituitur
932 2044 1102 2111 relatione
1131 2046 1174 2114 ad
1201 2045 1341 2116 Patrem

190 2150 423 2240 producentem,
449 2155 622 2244 quatenns
643 2149 849 2242 preelectum
877 2164 937 2232 eet,
962 2158 997 2219 et
1020 2152 1249 2221 constituitur
1272 2155 1341 2218 ori·

191 2260 252 2346 pire
266 2262 420 2351 persico,
446 2268 618 2351 qnatenus
642 2260 837 2351 concipitur
860 2262 1001 2328 aeterno
1016 2266 1098 2328 actu
1115 2259 1269 2348 produci.
1284 2262 1341 2333 Aul

193 2384 333 2435 numam
357 2368 441 2460 quia
463 2366 572 2437 Verbi
594 2375 775 2438 aeternum
794 2367 998 2458 productum
1015 2393 1081 2437 esee
1104 2378 1140 2439 et
1162 2375 1340 2438 aeternum

189 2472 308 2561 produci
329 2482 385 2544 est
408 2498 516 2545 unum
539 2476 709 2571 idemque,
734 2476 825 2546 illud
849 2484 966 2546 antem
983 2477 1184 2543 relationem
1200 2477 1338 2561 fundet,

192 2578 238 2651 bc
251 2582 398 2652 alterum
411 2584 580 2674 oripinem
592 2583 690 2668 dicit,
706 2583 782 2652 ideo
799 2582 891 2653 sicut
903 2583 1007 2652 Pater
1020 2584 1072 2651 ita
1088 2593 1122 2652 et
1137 2583 1255 2653 Filius
1272 2607 1341 2651 non

193 2690 281 2761 uinus
302 2698 445 2762 aeterna
468 2689 605 2782 origine
629 2712 730 2783 quam
754 2692 924 2761 relatione
944 2693 1158 2762 constitutus
1182 2691 1339 2783 intelligi

193 2804 292 2887 pest.
309 2799 441 2870 Eadem
464 2798 651 2890 repetenda
674 2805 768 2884 sunt,
795 2799 827 2867 ei
850 2806 1027 2891 spectetur
1058 2809 1237 2869 aeternum
1259 2824 1342 2888 pre·
1405 2890 1408 2895 .

195 2900 252 2973 bec·
269 2914 304 2976 et
320 2904 527 2997 productum
542 2929 609 2973 esee
624 2928 685 2975 eeu
708 2913 851 2976 aeterna
867 2910 964 2996 oripo
982 2912 1018 2976 et
1040 2907 1165 2974 relatio
1182 2907 1341 2997 Spiritus

196 3006 299 3100 breti,
326 3012 387 3108 qui
410 3021 452 3083 ut
472 3013 644 3082 terminus
668 3012 858 3082 immanens
881 3014 1107 3085 aeternaliter
1131 3013 1289 3106 spiretur
1304 3020 1342 3084 et

197 3117 323 3207 ciratus
345 3128 400 3191 est
421 3142 483 3210 per
499 3119 718 3189 dilectionem
742 3142 953 3190 communem
980 3121 1018 3189 in
1048 3121 1152 3191 Patre
1175 3126 1210 3191 et
1231 3120 1340 3190 Filio·

198 3216 261 3297 lile
273 3228 336 3298 SS.
350 3228 419 3297 PP.
438 3229 531 3318 apud
554 3227 645 3296 Rniz
669 3227 761 3319 disp.
775 3228 831 3297 84.
847 3235 930 3298 sect.
946 3229 979 3297 2.

241 3335 470 3406 Nihilominus
493 3342 642 3421 constat,
661 3337 752 3428 quod
776 3335 888 3405 altero
903 3335 980 3405 loeo
995 3335 1161 3422 diximus,
1176 3359 1342 3427 personas

200 3434 307 3514 tideus
329 3445 447 3536 aptius
469 3444 699 3515 relationibus
723 3466 826 3537 qnam
850 3443 1045 3536 originibus
1060 3447 1272 3516 constitutas
1289 3448 1340 3515 in·

200 3544 296 3643 tetigi,
321 3552 353 3623 si
376 3559 554 3644 spectetur
578 3552 711 3641 medus,
738 3576 805 3646 quo
831 3576 895 3622 nos
915 3553 1095 3624 distinctis
1118 3555 1340 3644 conceptibus

200 3652 368 3732 dationem
383 3668 421 3731 et
435 3661 606 3751 originem
618 3660 920 3752 apprehendimus.
934 3662 1086 3747 Etenim,
1102 3671 1143 3731 ut
1157 3666 1342 3752 argumenss

200 3762 310 3838 utetur
331 3768 518 3839 &eserico
541 3769 579 3836 in
602 3768 705 3839 Cone.
722 3769 927 3839 Florentino
951 3771 1076 3855 (Hard.
1096 3770 1161 3839 IX.
1186 3794 1221 3860 p.
1243 3770 1338 3856 347),

203 3869 315 3945 meno
325 3884 362 3947 et
374 3876 474 3966 origo
485 3875 553 3947 etsi
566 3878 755 3946 secundnm
768 3878 905 3946 modum
918 3877 1142 3967 intelligendi
1155 3877 1337 3962 differunt,

235 4071 267 4146 (1)
283 4081 477 4147 «Intelligere
500 4082 531 4134 iu
555 4082 612 4134 Deo
632 4084 661 4135 et
682 4081 756 4132 velle
773 4095 829 4133 non
850 4084 894 4134 est
910 4079 990 4133 eliud
1002 4095 1085 4148 quem
1105 4081 1167 4133 eius
1186 4095 1249 4133 esee.
1265 4079 1344 4142 Quia

198 4160 246 4212 ’ἣν
259 4166 326 4223 llere
349 4184 379 4223 ee
391 4169 484 4237 ipsum
506 4171 671 4236 intelligit,
691 4183 770 4221 omne
791 4174 885 4221 eutem
908 4169 1090 4222 intellectum
1104 4169 1135 4222 in
1154 4169 1341 4235 intelligente

197 4248 243 4314 “ir
258 4261 362 4325 opertet
383 4260 471 4312 Deum
484 4259 515 4312 iu
537 4275 568 4314 ee
586 4260 649 4325 ipso
670 4274 732 4312 esee
749 4258 824 4310 sient
841 4259 872 4310 iu
887 4257 1083 4323 intelligente.
1099 4259 1282 4311 Intellectum
1292 4270 1341 4311 ιω

198 4326 322 4411 “triaue
340 4352 385 4402 eet
400 4349 430 4401 in
452 4349 646 4415 intelligente,
659 4352 704 4402 ert
722 4349 838 4402 verbum
854 4346 993 4415 quoddam
1008 4349 1207 4401 intellectus...
1221 4349 1340 4415 Oportet

196 4424 248 4490 ‘itt
260 4434 288 4489 iu
306 4438 365 4493 Deo
379 4451 485 4507 ponere
506 4438 629 4493 Verbum
641 4438 745 4509 ipsius.
762 4459 773 4484 n
788 4437 817 4491 S.
831 4438 929 4493 Thon.
941 4436 1094 4506 Compend.
1111 4436 1199 4489 theol.
1211 4452 1234 4491 e.
1246 4435 1291 4488 87.

1179 4544 1197 4577 θ
