3172 4950
584 355 623 372 ..
644 324 704 388 473
724 357 762 374 ..
885 365 886 368 ,

188 449 305 522 enque
328 426 533 499 divinitatis
563 431 776 521 significatio
798 437 869 520 est,
896 459 969 504 cum
992 433 1031 503 id
1056 432 1147 528 quod
1169 436 1258 505 ccci·

189 561 211 601 a
231 537 340 604 Patre
363 537 518 624 Spiritus
539 539 712 621 enitatis,
736 537 775 606 id
797 542 915 609 Filius
941 541 1090 609 dandum
1105 567 1126 609 c
1141 567 1176 610 se
1191 566 1257 610 esse

188 656 251 708 itur
272 641 337 730 (l).
361 642 440 712 Non
461 642 694 734 permittenda
708 643 829 739 itaque
845 647 889 718 ad
913 647 1040 739 impiae
1054 647 1256 738 intelligen·
1393 710 1396 717 .

188 751 383 820 libertatem
404 749 581 820 haeretica
607 753 820 842 perversitas
843 760 926 824 estn
952 759 1018 825 etc.
1042 755 1159 825 Hilar.
1180 754 1206 824 1.
1225 778 1256 826 o.

188 858 276 927 imili
297 860 434 929 ratione
448 881 491 928 ex
506 860 623 929 verbis
638 858 774 930 Christi
800 861 872 930 cde
893 883 967 932 meo
989 861 1168 954 accipiet»
1188 866 1255 932 etc.

188 992 217 1039 ss
237 968 302 1037 alii
324 967 449 1038 docent
469 972 505 1037 et
530 968 710 1038 inculcant
739 969 1089 1040 communicationem.
1110 974 1259 1040 naturas

188 1077 344 1144 ‚aPatre
360 1077 412 1143 ite
427 1095 449 1142 a
462 1074 557 1142 Filio
578 1075 617 1144 in
640 1075 811 1167 Spiritum
831 1076 1009 1161 Sanctum,
1027 1076 1161 1145 Marius
1177 1076 1259 1146 Vio-

188 1207 233 1254 ms
251 1183 486 1273 (synchronus
500 1183 654 1269 Hilario)
677 1188 787 1253 contr.
808 1183 934 1253 Arian.
948 1184 975 1254 1.
996 1185 1026 1254 Ι.
1048 1184 1142 1253 Bibl.
1162 1183 1258 1258 Max.

188 1290 217 1359 i.
230 1313 265 1380 p.
280 1289 367 1377 2573
390 1290 550 1357 Ambros.
573 1288 615 1359 de
631 1289 725 1381 Spir.
746 1289 874 1359 Sancto
888 1290 914 1358 1.
929 1291 979 1360 Π.
999 1314 1029 1360 c.
1045 1291 1100 1359 12.
1119 1316 1153 1359 n.
1169 1291 1257 1379 134,

188 1395 227 1464 ii.
245 1396 284 1465 in
299 1397 495 1465 Pentecost.
514 1394 624 1466 Serm.
644 1397 673 1464 Ι.
689 1419 719 1465 c.
735 1396 832 1482 3;11.
849 1420 879 1466 c.
894 1399 927 1467 5.
942 1426 958 1462 u
973 1397 1092 1467 Sinon
1108 1398 1257 1483 discedo,

188 1504 301 1574 ‚cletus
331 1526 401 1572 non
431 1503 550 1573 ueniet
578 1503 622 1573 ad
646 1527 720 1575 vos.
752 1507 828 1574 Duo
851 1528 934 1595 ergo
958 1511 994 1575 et
1016 1505 1100 1590 isti,
1127 1529 1168 1575 ex
1190 1506 1261 1575 alio

188 1633 205 1695 ι,
227 1634 269 1678 ca·
292 1611 388 1678 Filio
411 1611 564 1698 Spiritus
586 1611 743 1693 Sanctum
760 1611 853 1680 sicut
875 1634 916 1681 ex
943 1613 1015 1681 Deo
1037 1612 1164 1698 Filius,
1183 1635 1260 1682 con·

188 1717 320 1785 »naliter
336 1721 372 1785 et
393 1716 548 1806 Spiritus
571 1716 721 1786 Sanctus
743 1739 784 1785 ex
809 1718 924 1787 Patre.
944 1719 1043 1800 Quod
1062 1719 1175 1787 omnia
1189 1719 1263 1788 tria

188 1846 219 1908 n,
235 1823 341 1891 Pater
354 1844 423 1906 non
445 1821 554 1911 silens
578 1821 756 1892 silentium
780 1823 839 1892 sed
863 1846 930 1892 vox
946 1823 982 1891 in
1001 1824 1145 1895 silentio
1161 1825 1210 1912 (h.
1228 1848 1259 1895 e.

188 1951 207 1998 r
225 1952 294 1998 non
324 1927 458 1998 sterilis
488 1929 548 1998 sed
580 1929 748 1998 fecundus
770 1930 916 2017 Verbi),
941 1930 1058 2000 Filius
1087 1931 1157 2001 iam
1179 1955 1259 2018 vox,

188 2037 300 2104 celcius
311 2060 377 2104 oon
388 2037 489 2104 cocis:
507 2058 584 2104 cum
600 2036 737 2106 venerit
752 2036 907 2127 Spiritus
922 2037 1097 2124 veritatis,
1113 2039 1265 2130 praeibit
1330 2024 1334 2034 ⁵

188 2146 257 2214 sin
280 2144 372 2213 omni
395 2144 565 2232 veritate3
589 2151 797 2213 nouantem
827 2168 947 2215 verum
977 2145 1065 2216 dicit
1086 2168 1108 2214 a
1130 2152 1261 2234 semet,

188 2257 260 2322 stus
282 2251 375 2320 enim
397 2251 542 2338 veritas3
568 2252 628 2321 sed
651 2272 883 2344 quaecumque
898 2253 1029 2338 audiet,
1043 2252 1261 2346 loquetur....

188 2359 271 2427 niam
301 2380 344 2427 ex
374 2380 447 2443 meo
477 2357 667 2449 accipiet...
681 2359 779 2427 Dicit
801 2382 904 2449 ergo:
929 2381 972 2429 ex
1001 2381 1074 2429 meo
1102 2360 1262 2453 accipiet,

188 2461 287 2535 iuna
309 2466 414 2535 motio
437 2467 501 2534 hoc
520 2470 576 2535 est
589 2465 683 2535 actio
704 2487 814 2556 agens
837 2466 928 2554 (vita
944 2466 1080 2554 divina)
1103 2466 1265 2537 Christus

188 2578 216 2643 st
237 2571 395 2664 Spiritus
418 2572 587 2660 Sanctus;
613 2578 649 2642 et
671 2573 821 2664 primum
845 2579 898 2643 est
919 2577 1042 2656 oium,
1066 2578 1102 2643 et
1124 2574 1167 2642 ab
1189 2573 1266 2665 ipso

188 2677 196 2748 i
215 2684 271 2749 est
293 2681 415 2761 oium,
441 2680 651 2770 intelliqerc:
674 2683 786 2748 vivere
812 2680 950 2774 quidem
972 2680 1146 2766 Christus,
1166 2682 1266 2749 intet-

187 2809 210 2853 ·e
230 2786 390 2878 Spiritus
412 2786 475 2874 (2):
510 2807 594 2876 ergo
623 2787 780 2878 Spiritus
803 2810 825 2856 a
847 2787 990 2858 Christo
1012 2788 1166 2881 accipit,
1191 2787 1266 2878 ipse

188 2898 263 2962 stus
285 2914 307 2960 a
329 2893 457 2980 Patre,
483 2898 519 2963 et
542 2894 671 2964 idcirco
705 2900 741 2965 et
775 2895 931 2987 Spiritus
954 2918 976 2964 a
997 2896 1114 2966 Patre.
1139 2896 1264 2987 Omnia

188 3022 215 3070 u·
236 3023 345 3085 uuum
367 3001 426 3070 sed
449 3023 472 3069 a
492 3002 598 3071 Patre
623 3029 639 3064 n
664 3001 799 3072 Marius
822 3003 998 3073 Victorin.
1014 3003 1040 3072 1.
1056 3028 1086 3073 c.

188 3108 341 3199 iuoniam
363 3107 401 3178 S.
414 3108 618 3198 Augustino
640 3109 856 3201 propositum
879 3111 951 3180 fuit
973 3111 1173 3181 universam
1188 3112 1266 3182 do'c·

188 3234 232 3282 un
247 3214 290 3283 de
306 3211 371 3283 SS.
385 3213 562 3283 Trinitate
577 3215 764 3284 secundum
783 3215 886 3286 fidem
902 3216 1109 3286 catholicam
1123 3217 1268 3288 distinc-

198 3320 385 3411 explicsre,
402 3342 441 3388 eo
456 3320 567 3390 solum
590 3321 711 3391 differt
725 3323 769 3391 ab
784 3324 1061 3403 antecessoribus
1077 3325 1163 3410 suis,
1178 3325 1268 3419 quod

199 3426 393 3496 instantius
408 3432 444 3496 et
457 3426 654 3498 industrius
677 3429 840 3500 adductis
855 3423 1071 3522 argumentis
1086 3454 1129 3501 ex
1152 3432 1270 3502 uerbis

188 3540 308 3624 pturae
330 3538 366 3604 et
387 3533 584 3604 rationibus
607 3558 649 3604 ex
673 3535 865 3607 intrinseca
887 3537 1082 3607 oeconomia
1104 3536 1270 3629 mysterii

188 3639 375 3712 Trinitatis
398 3643 560 3712 enuntiat
575 3644 743 3714 traditam
759 3645 860 3714 fidem
883 3649 919 3714 et
941 3643 1151 3715 catholicum
1167 3643 1270 3712 intel·

188 3771 231 3818 rm
264 3751 307 3820 de
341 3750 558 3841 processione
585 3749 743 3842 Spiritus
765 3750 888 3821 Sancti
911 3773 933 3819 a
954 3753 1060 3820 Patre
1093 3754 1130 3819 et
1159 3748 1266 3818 Filio.

188 3963 199 4040 )
216 3967 277 4021 Hoc
298 3965 373 4035 quod
392 3964 486 4021 liilius
499 3966 572 4021 dicit
593 3966 715 4022 «omnis
727 3982 813 4021 mesu
833 3968 863 4021 et
884 3967 1139 4022 «omnicPstrisn
1161 3969 1192 4020 et
1212 3965 1270 4020 ade

188 4057 323 4125 accipiet,
339 4077 353 4106 n
373 4070 435 4110 esse
447 4056 539 4125 ipsum
553 4056 681 4111 divinam
699 4056 854 4111 essentiam
873 4057 1002 4111 ostendit
1016 4055 1148 4110 Hilarius
1166 4055 1271 4118 iterum

188 4146 308 4308 :iiiii
329 4235 377 4290 hio
398 4233 537 4304 Spiritum
561 4234 694 4291 Sanctum
716 4235 849 4291 exhiberi
871 4239 905 4291 ut
929 4237 1050 4321 Verbum
1072 4233 1168 4301 Filii,
1196 4229 1272 4301 quod

188 4326 231 4381 rit
250 4326 341 4380 etism
358 4323 434 4395 apud
451 4327 551 4381 Patres
573 4328 665 4395 alios,
687 4329 718 4380 et
742 4326 919 4382 declaratum
942 4326 1031 4383 habes
1054 4339 1141 4394 supra
1162 4339 1191 4393 p.
1206 4322 1271 4376 aaa.

188 4415 250 4470 itt.
263 4415 328 4469 ssi.
404 4432 407 4438 ·
