3172 4950
553 309 734 393 -sro-
828 413 833 419 ,

510 493 654 554 THESIS
674 493 787 554 XLVI.

131 614 178 676 Dc
195 618 329 693 proprio
351 615 537 676 charactere
556 615 703 692 Spiritus
722 615 839 676 Sancti
861 619 897 676 ire
919 619 1048 677 ratione
1070 619 1158 677 dorii.

113 777 127 807 ι
142 756 298 811 Secundum
318 756 476 811 doctrinam
486 759 602 811 Petrum
612 773 647 810 ex
658 758 815 827 Scripturia
829 757 979 812 deductam
992 755 1120 828 Spliitus
1134 761 1232 814 Sancti

56 869 70 896 n
86 847 224 914 proprius
242 847 389 901 character
407 847 568 915 personalis
591 848 701 901 conseri
716 847 817 914 debat,
840 847 913 914 qnod
934 849 1068 916 procedat
1087 855 1230 918 tamquam

56 958 70 985 s
87 936 235 989 donabitis
253 938 338 1004 atque
356 936 420 989 ideo
439 937 580 1005 peculiari
606 937 705 1004 aliqua
724 937 836 990 ratione
860 937 900 1001 sit
923 938 1043 990 dorum:
1064 954 1136 1006 quas
1155 940 1232 1009 ratio

57 1047 70 1074 a
86 1025 205 1080 tandem
222 1028 372 1080 revocatur
390 1026 425 1079 ad
444 1027 652 1105 processionem
671 1041 722 1093 per
740 1025 851 1079 modum
871 1027 973 1078 amoris
990 1029 1201 1081 subsistentias
1250 1022 1251 1026 ’

127 1184 220 1254 Sunt
243 1186 331 1255 <luae
355 1186 576 1277 quaestiones
600 1185 783 1272 diversae,
810 1192 930 1255 utrum
945 1210 1094 1277 persona
1119 1189 1232 1279 Spiri-

55 1299 119 1361 tus
144 1293 267 1362 Sancti
290 1293 524 1381 coniungatur
548 1315 625 1360 oum
650 1293 783 1361 sanctis
806 1292 905 1360 modo
929 1293 1048 1384 aliquo
1072 1295 1142 1384 ipsi
1166 1296 1232 1363 soli

56 1401 201 1490 proprio
222 1407 261 1488 *ct
276 1423 344 1467 non
368 1401 541 1468 communi
564 1401 849 1469 omnibuetribus
872 1402 1040 1489 personis,
1060 1407 1096 1470 et
1112 1409 1232 1471 utrum

56 1508 97 1574 in
120 1529 268 1597 persona
291 1506 447 1596 Spiritus
471 1506 593 1574 Sancti
616 1507 804 1575 secundum
832 1507 1013 1597 proprium
1044 1509 1120 1576 eius
1143 1508 1233 1577 cha-

55 1620 230 1682 racterem
253 1612 468 1703 personalem
492 1613 542 1681 sit
564 1613 755 1702 peculiaris
778 1615 870 1682 ratio
894 1620 929 1682 et
945 1614 1045 1686 velut
1061 1615 1232 1699 habitudo

57 1720 113 1808 (in
136 1720 268 1807 radies)
292 1721 337 1789 ad
362 1721 452 1790 hanc
479 1722 639 1790 unionem
671 1722 958 1791 sanctificantem.
978 1723 1051 1790 Hoo
1081 1716 1231 1791 alterum

57 1833 269 1918 potestesse
292 1834 329 1897 et
353 1828 610 1898 demonstratur
633 1851 707 1897 esse
730 1851 874 1914 verum,
900 1829 985 1920 quin
1009 1830 1089 1898 inde
1112 1821 1231 1920 sequa-

56 1941 121 2002 tur
144 1934 250 2024 etiam
273 1935 407 2003 veritas
430 1934 530 2004 illius
553 1935 689 2024 proprii
713 1935 805 2002 modi
829 1935 982 2021 unionis,
1001 1959 1100 2028 quern
1125 1937 1162 2004 in
1175 1959 1233 2005 su-

55 2040 252 2131 perioribus
275 2042 473 2130 negandum
496 2062 570 2110 esse
594 2041 758 2109 diximus.
776 2042 836 2111 Sic
859 2043 897 2109 in
922 2032 1229 2133 mysterioincarss

56 2148 222 2232 nationis,
243 2171 389 2239 quocum
412 2148 498 2217 haee
520 2148 735 2217 inhabitatio
759 2149 882 2220 divina
898 2142 1096 2239 analogiam
1112 2152 1229 2236 habet,

55 2255 161 2343 longe
173 2255 271 2323 aliud
280 2261 519 2346 estquaerere,
530 2263 649 2325 utrum
662 2257 699 2324 in
711 2257 887 2346 personali
899 2258 1114 2349 proprietate
1123 2242 1232 2333 Verbi

57 2362 108 2430 sit
140 2356 232 2430 ratio
254 2362 401 2453 aliqua,
426 2386 489 2431 our
511 2363 626 2453 ipsum
649 2364 767 2453 potius
791 2385 892 2454 quam
920 2363 1025 2441 aliam
1048 2374 1231 2453 personam

58 2467 327 2538 serenitatis
350 2469 476 2552 unione
499 2469 726 2560 hypostatica
749 2493 825 2538 curn
848 2476 978 2539 natura
1000 2470 1153 2538 humana
1172 2471 1231 2537 ho-

59 2577 188 2644 minem
211 2574 289 2643 fieri
304 2576 484 2663 decuerit,
503 2578 593 2669 quod
610 2576 673 2646 SS.
688 2578 812 2646 Patres
828 2584 864 2647 et
879 2577 1035 2667 theologi
1050 2568 1234 2646 affirmant

58 2685 198 2772 (Petav.
214 2683 255 2751 de
267 2683 446 2753 incarnat.
464 2684 554 2752 1.Π.
569 2708 599 2753 o.
616 2685 670 2771 155
686 2685 794 2754 Sfl'h.
810 2684 843 2752 ὃ.
859 2710 892 2776 q.
908 2684 941 2752 8.
958 2706 991 2752 a.
1006 2685 1070 2770 8.);
1085 2691 1121 2755 et
1133 2684 1232 2752 eliud

59 2798 303 2883 estquaerore‚
322 2798 442 2860 utrum
456 2797 599 2882 propter
622 2792 720 2860 illam
744 2792 994 2882 proprietatem
1016 2790 1231 2891 personalem
1273 2823 1279 2836 ¹

57 2898 142 2966 unio
154 2897 262 2967 Verbi
275 2921 352 2968 oum
364 2897 517 2966 humana
532 2904 661 2966 natura
674 2898 802 2966 habeat
812 2899 865 2966 ita
877 2897 1014 2965 modum
1037 2896 1229 2986 proprium,

57 3010 99 3072 ut
123 3003 156 3071 si
177 3002 249 3070 alia
271 3025 417 3092 persona
440 3003 562 3072 divina
587 3004 685 3072 homo
701 3004 813 3088 fieret,
831 3002 953 3084 modus
978 3002 1117 3069 unionis
1140 2989 1233 3068 forst

58 3110 154 3178 alius
167 3131 270 3201 quam
282 3115 336 3178 est
348 3109 430 3177 unio
446 3109 672 3198 hypostatica
686 3109 806 3194 Verbi,
824 3109 868 3176 ad
881 3109 972 3200 quod
995 3107 1161 3197 negativo
1179 3129 1232 3176 re·

58 3216 295 3307 spondendum
312 3222 378 3285 est.
400 3216 509 3283 Immo
525 3216 562 3284 in
579 3216 760 3286 distinctis
779 3216 1056 3306 proprietatibus
1072 3235 1233 3304 persona·

57 3325 153 3392 libus
176 3330 230 3393 est
251 3323 442 3414 peculiaris
465 3323 628 3414 analogia
651 3330 687 3393 et
710 3325 810 3393 velut
833 3324 1004 3393 habitudo
1030 3323 1134 3393 unius
1157 3344 1232 3415 per

58 3453 162 3500 sonae
177 3451 261 3521 prae
284 3430 366 3498 aliis
382 3431 426 3498 ad
443 3431 610 3520 quasdam
633 3432 850 3520 operationes
866 3431 1092 3516 extrinsecas,
1111 3451 1181 3521 qua
1195 3431 1234 3500 in

60 3562 98 3609 re
122 3539 295 3608 fundatur
319 3541 561 3628 appropriatio
597 3561 736 3630 operum
771 3541 834 3608 uni
857 3559 1023 3629 personae
1046 3559 1129 3627 prae
1151 3537 1233 3607 aliis

59 3648 127 3735 (th.
142 3646 397 3737 XHI.);neque
420 3652 536 3715 tamen
549 3646 625 3716 ideo
638 3648 694 3715 fas
717 3653 770 3715 est
793 3645 949 3714 tribuere
972 3646 1036 3714 uni
1066 3665 1233 3738 personae

58 3775 143 3843 prae
173 3751 256 3820 aliis
289 3751 501 3842 peculiarem
536 3773 577 3820 ao
608 3753 787 3842 proprium
817 3751 955 3819 modum
992 3749 1204 3841 operationis
1219 3756 1230 3836 ⁹,

58 3881 147 3952 quae
171 3858 307 3926 omnino
330 3879 401 3926 una
423 3864 478 3926 est
499 3858 608 3927 trium
625 3863 662 3927 et
677 3858 885 3928 indistincta
900 3858 994 3926 sicut
1009 3857 1086 3948 ipsa
1100 3862 1233 3952 natura

59 3966 183 4036 divina
207 3966 273 4054 (th.
288 3965 403 4051 XH.).

126 4073 313 4163 Postquam
328 4071 442 4161 igitur
464 4071 761 4142 consideravimus
785 4072 1073 4138 inhabitationem
1086 4094 1233 4141 eommu-

57 4201 136 4247 nem
159 4180 276 4247 tribus
297 4177 478 4269 personis,
504 4200 595 4247 nunc
619 4179 838 4270 quaerimus,
865 4183 983 4247 utrum
1006 4185 1043 4249 et
1066 4179 1234 4271 quomodo

59 4285 110 4354 sit
131 4284 320 4375 peculiaris
343 4283 464 4376 aliqua
486 4283 578 4352 ratio
601 4282 708 4354 huius
732 4283 988 4355 coniunctionis
1004 4307 1080 4382 cum
1104 4284 1233 4353 sancti·

61 4393 176 4464 ficatis
199 4392 393 4485 inproprie
417 4389 619 4461 charactere
641 4393 818 4484 personali
841 4393 1000 4486 Spiritus
1017 4377 1153 4463 Sancti.
1167 4391 1232 4462 Ai-

1073 4520 1090 4555 a
