3172 4950
648 361 687 379 -
707 330 768 392 457
787 361 826 379 -

188 434 487 507 microcosmus
502 440 567 521 cst,
582 434 640 506 vel
658 459 719 525 per
735 433 1052 525 appropriationem
1064 439 1106 503 ut
1117 438 1171 503 est
1181 433 1247 503 Dei
1262 435 1327 503 Pa·

188 544 250 626 trie,
272 543 372 612 nulla
394 552 509 634 potest
530 543 665 635 concipi
689 543 808 612 missio
838 564 1027 632 personae;
1060 542 1120 611 sed
1144 549 1185 614 ut
1208 541 1326 610 missio

188 650 397 742 intelligatur,
415 674 552 721 necesse
567 660 623 721 est
638 653 799 720 effectum
823 648 1121 741 supernaturalem
1138 651 1264 719 referri
1283 649 1327 718 ad

188 780 337 851 personam
357 759 596 850 procedentem
612 759 756 843 abelis,
776 780 798 825 a
821 781 893 850 qua,
913 757 1046 827 dicitur
1069 757 1176 826 mitti.
1202 756 1327 849 Itaque

188 865 277 935 alseio
298 887 464 957 personae
487 865 629 934 divinae
652 864 846 934 necessario
869 864 1122 933 determinatur
1145 864 1190 933 ad
1214 885 1327 955 perso·

188 994 243 1042 nen
262 996 337 1044 cum
360 973 664 1064 adsignificatione
687 971 839 1063 duplicis
862 978 1051 1062 respectus,
1078 970 1214 1041 scilicet
1239 969 1327 1040 rele-

188 1080 268 1149 tionis
289 1081 399 1172 primo
416 1082 523 1150 realis
539 1087 575 1150 et
589 1088 751 1151 aeternae
766 1081 811 1150 ad
827 1102 1007 1171 personam
1030 1080 1226 1149 mittentem
1241 1088 1328 1148 tam·

188 1188 326 1279 quemad
350 1188 562 1280 principium
586 1210 751 1280 personae
774 1189 917 1273 missae,
942 1194 980 1257 et
1002 1187 1126 1257 deinde
1148 1193 1328 1277 respectus
1391 1175 1394 1179 ’

188 1293 397 1368 manualem
420 1296 641 1366 existentiam
663 1296 810 1366 effectus
826 1294 1107 1387 supernaturalis
1122 1294 1160 1362 in
1175 1302 1328 1384 tempore

188 1401 355 1486 (ersus.
374 1425 481 1495 supra
506 1428 541 1495 p.
555 1403 649 1488 202).
675 1403 749 1473 Hoc
774 1403 924 1472 alterum
943 1426 1004 1493 per
1027 1425 1063 1472 se
1091 1400 1224 1472 clarum
1250 1406 1324 1486 est3

188 1506 441 1598 rdpraeseutem
466 1534 548 1581 vero
571 1530 710 1580 caumm
734 1509 846 1579 solum
869 1509 1144 1580 consideratione
1167 1509 1324 1600 indiget,

188 1617 254 1707 quod
267 1618 416 1689 diximus
431 1619 473 1689 de
488 1619 658 1689 relatione
672 1618 762 1688 reali
777 1617 874 1686 missi
890 1619 935 1687 ad
951 1618 1157 1687 mittentem.

234 1724 401 1818 Inprimis
424 1727 506 1797 dum
530 1749 677 1818 persone
692 1749 714 1794 a
729 1748 875 1818 persona
902 1726 999 1796 mitti
1021 1725 1166 1809 dicitur,
1191 1725 1328 1794 demon·
1393 1728 1397 1737 “

188 1836 294 1903 untur
315 1834 423 1904 realis
446 1834 632 1905 distinctio
656 1836 750 1904 inter
773 1835 967 1904 mittentem
991 1840 1027 1903 et
1050 1834 1205 1920 missum;
1231 1855 1328 1903 nemo

188 1936 255 2007 enim
280 1940 417 2032 proprie
439 1962 462 2009 a
485 1964 521 2010 se
552 1941 628 2033 ipso
659 1940 828 2010 mittitur.
853 1939 953 2010 Unde
987 1942 1093 2010 etiam
1116 1941 1241 2010 Patres
1263 1938 1329 2008 hac

188 2041 318 2116 doctrinm
347 2049 389 2119 de
420 2049 584 2119 missione
614 2071 837 2140 personarum
873 2050 1074 2142 frequenter
1104 2056 1254 2119 utuntur
1284 2047 1329 2117 ed

188 2144 376 2224 Sabellianos
399 2155 628 2224 confutandos
652 2156 797 2240 (Petav.
814 2155 841 2223 l.
859 2154 962 2225 vm.
981 2179 1010 2225 c.
1031 2157 1064 2223 1.
1083 2179 1118 2224 n.
1137 2158 1200 2240 1.).
1221 2155 1329 2223 Ροιιο

188 2256 477 2347 pistrinorum,
492 2285 534 2331 ex
547 2264 674 2356 quibus
686 2263 780 2333 sicut
795 2263 868 2332 alia
884 2262 937 2331 ite
952 2270 988 2331 et
1004 2263 1067 2332 hoc
1084 2285 1205 2332 nomen
1219 2261 1329 2352 primo

188 2360 379 2463 desumptum
403 2378 468 2456 est,
495 2371 649 2441 includit
670 2371 915 2441 anctoritatem
931 2369 1105 2440 mittentis
1120 2370 1157 2438 in
1172 2369 1327 2454 missum;

188 2474 468 2550 pernecessario
490 2480 597 2549 etiam
620 2480 657 2548 in
680 2479 914 2549 translatione
936 2479 981 2548 ad
1003 2499 1167 2569 personas
1189 2476 1331 2545 divinas

188 2600 281 2657 nonen
302 2589 434 2659 retinet
454 2607 522 2657 non
547 2587 685 2681 quidem
708 2587 850 2656 eandem
873 2586 933 2657 sed
956 2586 1173 2676 analogicum
1196 2585 1329 2674 signiti-

188 2694 340 2766 ationem.
358 2698 566 2766 Auctoritas
588 2703 716 2781 autem,
743 2694 984 2786 superioritas‚
1009 2694 1167 2784 dignitas
1187 2687 1327 2781 (ἀξιωμα)

188 2802 266 2873 rnius
287 2825 453 2896 personae
476 2825 559 2895 prae
581 2804 695 2873 altera
717 2803 755 2871 in
778 2801 912 2872 divinis
936 2801 1038 2872 unice
1060 2810 1115 2871 est
1137 2808 1174 2871 et
1196 2800 1329 2892 concipi

188 2920 273 2984 otest
305 2912 492 2984 secundum
522 2912 691 3003 originem
714 2920 757 2981 ιιι
778 2910 946 3002 principii
976 2932 1059 3001 prae
1082 2910 1332 3002 procedentea

188 3018 342 3112 decipio,
367 3019 437 3090 nisi
460 3021 552 3090 torte
575 3025 751 3110 spectetur
775 3041 921 3110 persone
936 3017 1120 3088 incarnata
1143 3017 1330 3088 secundnm

188 3134 320 3197 staram
344 3150 441 3196 suam
458 3135 670 3219 assumptam
688 3126 885 3198 formaliter
900 3134 942 3195 ut
955 3124 1055 3194 homo
1071 3133 1135 3196 est.
1153 3125 1246 3195 Hinc
1261 3132 1328 3209 est,

188 3234 249 3305 uod
266 3237 374 3305 Pater
388 3236 449 3328 qui
466 3258 487 3303 a
502 3236 602 3306 nulle
617 3257 765 3327 persona
788 3234 945 3325 procedit
962 3228 1118 3324 (ἀναρχις,
1140 3231 1328 3322 ciperente),

188 3364 345 3435 umquam
361 3342 493 3413 dicitur
508 3365 571 3413 uec
587 3350 703 3434 potest
724 3342 795 3412 dici
811 3343 938 3411 missus
954 3343 998 3410 ab
1012 3342 1085 3411 alia
1103 3365 1250 3433 persone
1265 3341 1329 3430 (1),

188 3449 276 3521 ilius
303 3451 492 3520 secundum
514 3450 742 3522 divinitatem
767 3456 947 3540 spectatus
970 3468 1037 3518 non
1061 3448 1131 3518 nisi
1155 3471 1177 3516 a
1199 3449 1329 3534 Patre,

188 3560 340 3652 rpposita
362 3583 445 3629 vero
467 3560 707 3631 incarnatione
740 3559 935 3628 formaliter
958 3566 1001 3627 ut
1022 3557 1122 3627 homo
1145 3558 1189 3627 ad
1213 3558 1332 3627 munia

188 3667 401 3759 ademptoris
414 3667 519 3739 etiam
535 3690 557 3736 a
572 3668 711 3760 Spiritu
734 3667 864 3736 Sancto
879 3666 975 3735 mitti
997 3665 1149 3734 dicitur:
1175 3663 1332 3755 Spiritus

189 3774 300 3845 omini
330 3797 434 3866 super
464 3798 528 3845 me.
545 3827 551 3844 .
566 3826 596 3844 ..
630 3774 874 3863 evangelizare
905 3772 1117 3864 pauperibus
1150 3770 1248 3841 misit
1278 3792 1331 3839 me

209 3970 255 4049 (1)
273 3974 355 4040 Quod
373 3975 494 4030 Plotius
512 3976 556 4030 eit
572 3974 632 4028 eod.
644 3975 696 4028 277
709 3991 737 4042 p.
753 3973 832 4040 1542,
847 3972 1078 4038 ncnrysostomo
1097 3972 1197 4026 homil.
1220 3971 1255 4025 de
1268 3971 1331 4040 Spi-

188 4073 216 4122 ιιι
237 4067 343 4121 Sancto
362 4066 419 4121 dlol
439 4067 554 4120 Patrem
576 4066 692 4119 missum
712 4082 729 4118 a
747 4064 823 4118 Filio
846 4068 876 4118 et
895 4063 1006 4131 Spiritu
1027 4064 1140 4127 Sancto,
1162 4060 1267 4129 oppido
1280 4060 1332 4113 lul·

188 4174 219 4212 m
239 4161 297 4211 est.
317 4157 442 4211 Homllia
462 4158 515 4210 ills
535 4171 586 4210 nec
605 4155 801 4224 chrysostomi
815 4160 929 4220 estnec
942 4154 978 4208 ab
998 4158 1122 4218 anctore,
1134 4150 1267 4220 quisquis
1280 4150 1329 4216 stt,

188 4258 244 4305 ster
262 4264 281 4302 a
300 4248 377 4302 Filio
395 4253 425 4302 et
444 4247 565 4315 spiritu,
591 4247 639 4302 sed
657 4246 753 4300 Filius
771 4246 906 4300 christus
927 4244 1006 4298 mlttt
1026 4243 1133 4296 dicitnr
1155 4257 1171 4295 e
1194 4241 1280 4294 Patre
1303 4244 1332 4292 et

188 4338 272 4392 siritu
294 4336 399 4391 Sancto
418 4337 501 4390 inste
531 4337 570 4389 ls.
591 4336 723 4390 XLVIII.
747 4334 790 4387 16.
814 4335 915 4387 Totum
935 4334 1025 4388 locum
1047 4330 1084 4385 ad
1106 4345 1187 4398 quem
1211 4326 1331 4382 Pirotlus

188 4430 320 4497 »pellant¹
340 4429 405 4493 less
422 4428 500 4481 inter
518 4429 590 4496 opp.
604 4426 755 4494 Chrysost.
768 4425 800 4479 Τ.
815 4426 870 4479 111.
886 4441 914 4493 p.
928 4424 991 4477 809.
1002 4423 1066 4476 810.
