3172 4950
729 337 767 350 -
789 303 831 364 32
851 334 890 350 -

224 429 325 477 suum
348 428 473 498 corpus
491 408 590 496 facit
614 433 654 476 oc
678 408 778 476 tabet
803 408 988 490 Otr-istus,
1012 413 1049 477 at
1070 405 1136 474 has
1165 426 1282 475 omnes
1305 405 1383 475 divi

223 517 337 586 aiones
349 515 558 605 gratiarum,
572 516 884 601 ministrationum,
902 515 1140 607 operationum
1151 517 1294 604 «possit
1306 514 1383 582 Dec

224 624 262 692 in
283 622 472 693 Ecclesia»
491 621 524 690 1.
539 622 616 691 Cor.
635 624 719 693 XII.
735 624 836 694 3-12.
847 625 903 693 28.
928 621 1139 692 Brevissima
1154 620 1270 691 locum
1284 620 1384 690 decla

223 736 283 799 rat
306 730 344 799 S.
361 729 582 798 Athanasius
605 732 649 800 ad
673 731 793 822 Serap
809 754 863 822 ep.
878 731 948 799 ΙΠ.
961 753 998 798 n.
1013 732 1047 800 5.
1066 759 1080 794 a
1096 730 1174 800 Non
1191 734 1295 800 extra
1310 729 1383 799 Ver

225 839 305 908 bum
328 844 383 907 est
405 838 571 929 Spiritus,
597 839 657 940 sed
677 863 755 910 cum
779 841 828 909 sit
851 841 888 909 in
904 839 1030 924 Verbo,
1048 860 1112 928 per
1132 838 1247 928 ipsum
1263 838 1303 905 in
1324 837 1383 907 Dc

224 951 290 1030 est,
315 946 367 1015 ita
390 950 431 1015 ut
445 946 535 1015 dona
549 947 587 1015 in
604 946 779 1017 Trinitate
802 946 1018 1016 tribuantur.
1043 945 1133 1017 Nam
1149 946 1187 1015 in
1203 945 1329 1014 horum
1346 944 1384 1014 di

225 1051 382 1136 visione,
412 1056 453 1121 ut
474 1052 520 1121 sd
542 1051 743 1122 Corinthios
773 1053 899 1123 scribit
920 1052 1100 1140 (Paulus),
1126 1052 1216 1121 idem
1242 1053 1383 1142 Spiritu

225 1165 290 1245 est,
315 1166 353 1228 et
373 1159 464 1229 idem
486 1160 665 1244 Dominus,
689 1161 848 1254 idemque
871 1162 973 1243 Decs,
998 1161 1059 1254 qui
1089 1166 1254 1251 operatur
1283 1159 1383 1229 omnic

225 1270 263 1337 in
293 1268 462 1337 omnibus.
493 1268 574 1359 Ipse
607 1290 754 1361 namque
783 1271 889 1339 Pater
925 1292 987 1360 per
1019 1267 1152 1338 Filium
1185 1268 1223 1335 in
1258 1267 1383 1358 Spiris

226 1384 390 1467 operatur
417 1383 453 1446 et
475 1376 537 1446 dat
560 1377 723 1445 omnia.»
749 1378 804 1447 ef.
829 1370 912 1448 Ast:
937 1379 988 1446 Π.
1014 1376 1146 1463 32-3ὔς
1172 1376 1217 1447 V.
1241 1376 1298 1445 31.
1329 1376 1375 1444 32

225 1485 328 1555 VIII.
352 1484 408 1554 37.
424 1484 483 1572 39;
508 1485 608 1554 Rom.
623 1484 703 1554 XV.
723 1485 778 1555 15.
795 1486 849 1553 16.
871 1486 933 1572 30;
956 1486 989 1554 2.
1012 1485 1090 1554 Cor.
1108 1483 1212 1552 XIII.
1231 1482 1295 1570 133
1314 1483 1383 1552 Gal

225 1593 290 1663 IV.
316 1593 356 1680 ὃς
382 1594 404 1661 2
428 1592 550 1663 Thess.
576 1592 626 1661 H.
647 1592 700 1661 13.
725 1593 785 1681 14;
814 1593 887 1661 Tit.
909 1592 979 1661 III.
1003 1592 1090 1680 4-63
1112 1591 1200 1660 Hsb.
1219 1589 1271 1659 11.
1298 1590 1332 1658 3.
1353 1589 1379 1657 4

228 1701 248 1769 1
271 1702 347 1770 Pet.
357 1700 388 1770 I.
406 1701 440 1770 2.
458 1706 525 1769 etc.

296 1808 527 1877 Corollaricm
551 1815 583 1876 1.
601 1808 711 1876 Probe
733 1806 907 1898 distingui
930 1807 1031 1877 debet
1053 1806 1315 1878 connumeratio
1338 1827 1383 1875 set

227 1915 441 1986 coordinatis
473 1914 628 2006 plurium
651 1936 673 1982 a
695 1915 1000 1985 subnumerations
1029 1920 1094 1984 aut
1115 1913 1383 1985 subordination

227 2025 333 2094 unius
355 2023 419 2093 sub
442 2024 524 2093 alio.
553 2024 815 2093 connumeratio
842 2030 908 2110 est,
934 2024 1072 2116 quando
1094 2024 1133 2094 vi
1156 2024 1342 2093 verborum
1364 2045 1383 2091 e

227 2137 410 2201 contextus
433 2131 501 2200 duo
525 2131 582 2200 vel
604 2131 709 2221 plura
724 2131 1061 2223 comprehenduntur
1083 2132 1121 2199 in
1143 2131 1259 2199 eodem
1278 2130 1382 2198 ordin

227 2241 292 2308 sub
313 2240 433 2331 aliqua
447 2240 583 2309 ratione
606 2239 710 2326 entis,
729 2239 881 2331 adeoque
897 2239 1122 2328 significatur
1144 2238 1316 2307 identitas
1339 2260 1383 2306 ser

226 2348 362 2440 paritas
385 2347 422 2416 in
445 2369 486 2416 ea
507 2347 662 2432 ratione,
688 2349 752 2417 sub
776 2369 845 2439 qua
868 2351 1172 2416 connumerantur.
1198 2345 1299 2415 Unde
1322 2368 1383 2415 cun

226 2463 407 2527 creaturae
430 2457 553 2525 saltam
576 2457 613 2524 in
637 2481 704 2524 esse
725 2473 837 2524 orsam
861 2479 976 2526 omnes
999 2456 1093 2525 inter
1115 2479 1152 2525 se
1174 2455 1383 2524 conveniant

226 2569 373 2655 possunt
394 2565 459 2634 sub
481 2563 602 2656 aliqua
624 2565 760 2634 ratione
776 2587 892 2633 omnes
916 2563 1170 2649 connumerari,
1189 2586 1258 2632 non
1281 2569 1383 2633 tame]

227 2673 291 2741 sub
313 2671 359 2739 iis
389 2671 605 2756 rationibus,
630 2673 694 2740 sub
719 2671 845 2763 quibus
877 2671 1089 2762 discrepant.
1113 2670 1165 2738 At
1189 2691 1271 2739 vero
1304 2670 1382 2740 Deu

228 2800 310 2871 pras
334 2778 490 2847 omnibus
514 2777 642 2847 creatis
665 2784 741 2847 tota
764 2779 857 2848 entis
880 2779 1017 2848 ratio'ne
1040 2777 1168 2846 eminet
1191 2799 1232 2846 ac
1256 2778 1381 2848 differt

228 2892 265 2957 et
286 2887 362 2955 ideo
385 2887 479 2956 sicut
494 2893 655 2955 creatura
670 2886 864 2976 ontologice
880 2886 1014 2956 diversi
1026 2886 1163 2954 omnino
1179 2891 1234 2955 est
1248 2885 1383 2955 ordinis

228 2995 280 3063 ita
302 2994 409 3063 etiam
430 2995 502 3063 Deo
526 2996 766 3077 connumerari
786 2996 861 3064 sine
877 2994 1022 3064 fallacia
1038 3017 1106 3064 non
1121 2998 1247 3085 potest.
1267 2995 1383 3063 Sabou

228 3103 446 3168 massionem
468 3100 635 3186 dicimus,
661 3101 799 3193 quando
821 3101 925 3191 plura
947 3102 1085 3193 quidem
1114 3102 1340 3170 nominantur
1364 3101 1383 3170 b

226 3209 347 3301 aliqua
369 3209 596 3295 connexione,
623 3230 692 3301 qua
713 3232 782 3278 non
803 3231 921 3279 rerum
944 3209 1187 3279 convenientia
1207 3230 1249 3278 sc
1272 3208 1383 3279 identi

226 3325 294 3402 tas,
313 3316 373 3386 sed
389 3316 500 3388 solum
523 3316 752 3407 dependentia
766 3317 871 3386 unius
893 3319 937 3385 ab
952 3317 1064 3388 altero
1079 3323 1144 3388 sut
1158 3316 1383 3387 subordinati

226 3424 417 3494 indicatur.
442 3424 536 3493 Haec
559 3445 642 3513 ergo
666 3426 917 3492 subcamerasio
935 3431 1116 3495 creaturae
1139 3425 1204 3495 sub
1217 3426 1290 3496 Dec
1307 3432 1383 3495 rect

228 3531 305 3602 fieri
328 3536 465 3623 potest.-
479 3531 522 3599 In
546 3532 778 3618 contextibus,
797 3533 858 3601 ubi
872 3533 994 3625 utiquc
1009 3532 1208 3625 proprietas
1230 3534 1383 3603 sermoni

227 3645 368 3710 servata
384 3639 532 3730 supponi
546 3639 658 3724 debet,
684 3662 726 3707 ex
748 3639 884 3729 regulis
906 3639 1110 3711 intrinsecis
1131 3645 1169 3709 ct
1190 3640 1383 3711 extrinseci

228 3746 530 3836 interpretationis
551 3746 811 3817 connumeratio
833 3767 855 3812 a
878 3746 1182 3817 subnumarations
1205 3748 1311 3819 facile
1332 3750 1383 3819 dis

229 3852 397 3923 cernitur.
422 3851 524 3923 Certe
547 3853 806 3923 connumeratio
836 3859 903 3940 est,
935 3854 1073 3947 quando
1095 3854 1214 3945 plures
1235 3877 1383 3944 persona

229 3961 490 4051 coniunguntur
513 3963 578 4030 sub
601 3983 671 4031 una
687 3963 871 4054 cademque
886 3962 1055 4054 explicita
1070 3963 1207 4032 ratione
1224 3963 1383 4033 adtribui

229 4068 356 4154 divini,
382 4076 424 4139 ut
445 4069 484 4139 in
505 4070 658 4140 formula
680 4071 857 4162 baptismi:
875 4072 1122 4163 «baptizantes
1140 4075 1197 4143 eos
1213 4076 1250 4138 in
1267 4076 1383 4140 nomin

230 4178 351 4244 Patris
374 4192 406 4243 et
428 4178 522 4246 Filii
545 4192 577 4244 et
600 4179 753 4268 Spiritus
767 4179 898 4247 Sancti.
912 4207 929 4241 n
948 4178 1041 4249 Hinc
1058 4180 1216 4249 videmus
1230 4180 1334 4269 longe
1351 4182 1383 4250 di

229 4307 366 4356 versam
389 4287 573 4355 verborum
600 4285 915 4371 constructionem,
941 4286 1001 4355 ubi
1023 4309 1080 4356 res
1102 4287 1250 4355 nominis
1272 4294 1328 4356 est
1350 4288 1383 4358 di

229 4415 345 4464 verso:
367 4393 547 4463 ascribam
570 4415 675 4485 super
697 4416 775 4463 eum
798 4417 920 4465 nomen
941 4395 1008 4465 Dei
1022 4395 1101 4481 mci,
1119 4398 1155 4465 et
1168 4417 1290 4464 nomen
1313 4395 1383 4467 civi
