3172 4950
665 381 703 396 ..
724 350 785 412 549
806 384 843 397 -

170 457 203 522 et
226 451 399 522 conscribi
421 452 660 542 prohiberent,
687 453 887 524 Certissima
911 456 1024 547 igitur
1057 459 1149 529 sicut
1172 460 1340 530 Concilio·

170 581 246 626 rum
278 559 559 650 subsequentium
582 559 635 627 ita
665 567 702 628 et
727 561 897 650 Ephesini
927 564 1084 633 definitio
1115 565 1151 633 in
1183 567 1342 636 omnibus

170 665 343 749 identica,
372 694 389 728 ιι
402 671 445 733 ut
466 687 564 734 nemo
588 667 696 733 aliam
712 667 815 754 fldem
838 670 966 738 audeat
989 670 1202 741 conscribere
1221 701 1237 735 n
1256 679 1338 759 ete,

170 771 260 841 nihil
285 771 423 840 omnino
445 773 599 862 pertinet
622 774 666 842 ad
682 774 930 863 prohibendam
961 777 1227 868 explicationem
1257 780 1340 849 fidei
1479 841 1481 847 .

170 881 243 951 sive
267 880 305 949 in
328 880 484 970 symbolo
507 881 583 971 ipso
607 881 683 952 sive
705 889 808 951 extra
837 883 1052 973 symbolum,
1087 908 1174 977 quae
1202 887 1266 956 fiat
1296 889 1339 956 ab

170 988 242 1077 ipso
264 987 468 1057 authentico
491 988 695 1077 magisterio
717 989 907 1078 Ecclesiae;
924 992 1073 1061 sedtum
1090 1015 1132 1060 ex
1148 994 1226 1083 ipsa
1241 1002 1342 1065 natu·

170 1116 207 1162 ra
222 1095 401 1163 Ecclesiae
417 1100 453 1163 et
469 1095 704 1184 symbolorum
722 1120 823 1187 scopo
839 1103 914 1165 tum
930 1121 972 1166 ax
990 1099 1188 1169 manifestis
1205 1107 1343 1170 contex-

170 1203 261 1272 tibus
285 1202 516 1272 conciliorum
540 1203 577 1271 in
601 1203 666 1271 illa
688 1202 890 1273 delinitione
914 1207 1063 1295 primum
1087 1227 1128 1275 ac
1143 1205 1275 1277 directe
1289 1215 1343 1281 est

170 1310 372 1400 proscriptio
388 1310 566 1379 doctrinae
590 1310 797 1396 haereticae,
816 1311 929 1380 altero
953 1313 1075 1382 deinde
1091 1312 1166 1383 loco
1182 1321 1235 1383 est
1251 1337 1342 1384 coer·

170 1417 250 1486 citio
273 1418 402 1486 abusus
425 1416 636 1507 proponendi
666 1418 825 1506 symbola
847 1419 929 1487 fidei
953 1419 1100 1489 arbitrio
1123 1421 1342 1509 singulorum

170 1527 241 1594 sive
267 1525 517 1615 Episcoporum
540 1525 615 1594 sive
638 1526 788 1595 aliorum
818 1527 989 1615 neglectis
1019 1551 1059 1597 ac
1086 1530 1343 1618 praetermissis

170 1632 327 1702 formulis
357 1632 557 1701 solemniter
591 1634 634 1700 ab
668 1632 827 1703 Ecclesia
858 1635 1005 1703 sancitis
1035 1641 1141 1727 atque
1173 1637 1209 1705 in
1241 1660 1342 1705 usum

170 1740 399 1811 universalem
414 1739 602 1831 adoptatis.
618 1741 707 1809 Vide
723 1740 866 1809 Paulini
880 1742 1259 1833 Aquileiensisfflard.
1276 1745 1340 1813 IV.

170 1875 199 1939 p.
220 1847 313 1933 849),
332 1852 368 1915 et
383 1845 420 1914 in
434 1845 535 1915 Cone.
547 1846 750 1915 Florentino
760 1847 863 1916 Card.
875 1847 1006 1916 Iuliani
1017 1849 1342 1919 demonstrationem

170 1956 291 2043 [Hard.
305 1955 371 2022 IX.
397 1978 432 2043 p.
447 1953 524 2021 138.
540 1957 621 2044 sq.).

233 2062 303 2131 Hic
326 2067 498 2153 postremo
521 2084 685 2150 magnum
709 2068 763 2130 est
786 2062 973 2132 discrimen
1001 2063 1098 2132 inter
1114 2064 1346 2154 particulares

170 2169 338 2239 formulas
360 2169 465 2253 fidei,
493 2189 579 2260 quae
602 2192 665 2259 pro
689 2168 899 2260 specialibus
916 2169 1095 2239 adiunctis
1112 2173 1339 2262 quarumdam

170 2278 349 2368 regionum
372 2283 409 2346 et
424 2275 659 2345 Ecclesiarum
683 2276 872 2368 aliquando
895 2278 939 2345 ab
964 2277 1018 2367 Ep
1029 2279 1157 2367 iscopis
1188 2280 1245 2348 vel
1277 2280 1346 2348 sin-

170 2385 264 2476 gulis
288 2384 346 2455 vel
369 2384 475 2452 unius
498 2389 561 2452 aut
583 2383 736 2474 plurium
768 2384 1038 2474 provinciarum
1067 2385 1345 2474 praescribeban·

170 2501 251 2578 tur,
277 2499 313 2561 et
335 2493 429 2561 inter
452 2491 618 2560 solemnia
641 2492 800 2581 symbola
826 2513 914 2584 quae
939 2493 982 2559 ab
1007 2491 1172 2561 universa
1186 2493 1345 2561 Ecclesia

170 2602 304 2671 sancita
319 2601 357 2669 in
369 2622 469 2668 usum
485 2622 695 2669 communem
714 2598 812 2668 velut
826 2605 977 2668 tesserae
991 2597 1071 2667 fidei
1089 2605 1230 2690 recepta
1246 2606 1342 2669 sunt.

170 2711 208 2777 [n
233 2707 319 2776 haec
342 2707 536 2799 posteriora
558 2713 632 2775 tum
650 2708 690 2775 ob
704 2707 887 2797 specialem
901 2706 1164 2776 venerationem
1182 2730 1270 2799 quae
1285 2729 1344 2775 an-

170 2814 330 2907 tiquitati
353 2815 565 2884 christianae
589 2815 734 2884 debetur
758 2820 794 2883 et
816 2838 947 2904 semper
977 2814 1098 2884 habita
1121 2820 1192 2898 est,
1212 2822 1287 2884 tum
1303 2816 1344 2883 ob

170 2924 471 2995 universalitatem
495 2924 585 3015 quod
610 2930 693 2992 sunt
714 2930 867 2993 tesserae
898 2923 1014 2991 totius
1043 2922 1243 3005 Ecclesiae,
1268 2927 1344 2990 tum

170 3033 208 3100 ab
233 3030 481 3100 auctoritatem
505 3053 698 3121 supremam
722 3053 790 3122 qua
813 3030 949 3098 sancita
973 3036 1079 3114 sunt,
1106 3029 1342 3098 commutatio·

170 3160 226 3207 nes
248 3161 310 3230 per
333 3138 557 3207 insertionem
588 3139 779 3206 veritatum
804 3136 885 3205 fidei
908 3158 996 3228 quae
1018 3136 1118 3226 prius
1143 3135 1179 3203 in
1205 3136 1255 3203 eis
1282 3156 1340 3203 ex·

170 3246 288 3336 plicite
310 3268 379 3314 non
403 3246 683 3330 continebantur,
711 3244 832 3313 induci
850 3243 1007 3334 legitime
1024 3268 1092 3312 non
1107 3249 1253 3334 possunt
1269 3243 1339 3311 nisi

170 3354 283 3423 eadem
306 3360 466 3444 suprema
489 3352 716 3437 auctoritate,
744 3352 801 3420 cui
826 3353 940 3421 subsit
966 3351 1126 3422 Ecclesia
1152 3351 1338 3435 universa,

170 3471 376 3540 auctoritate
388 3470 524 3540 scilieet
538 3470 686 3538 Romani
697 3468 879 3538 Pontificis
896 3470 952 3538 val
969 3467 1179 3538 oecumenici
1195 3466 1343 3535 Concilii

170 3579 289 3646 saltem
311 3583 487 3646 annuente
503 3583 539 3646 et
553 3600 655 3646 usum
671 3577 940 3646 invalescentem
961 3575 1030 3643 iam
1047 3582 1162 3644 ratum
1179 3573 1339 3642 habente.

170 3686 220 3754 Cf.
241 3685 358 3755 suh.
377 3685 410 3753 1.
431 3711 464 3777 q.
480 3685 535 3754 36.
549 3706 582 3753 a.
598 3685 630 3753 2.
646 3686 690 3754 ad
703 3685 736 3752 2.

234 3794 376 3876 Quanta
400 3816 482 3864 vero
505 3792 666 3862 cantione
689 3792 726 3861 in
750 3792 854 3883 ipsa,
881 3792 922 3860 de
954 3813 1023 3882 qua
1052 3788 1200 3879 agitur,
1234 3787 1342 3857 inser·

170 3903 261 3971 tione
285 3902 481 3993 particulae
505 3903 667 3993 Filioque
691 3903 727 3969 in
751 3900 907 3991 symbolo
929 3895 1342 3970 Nicaeae-Constantino·

170 4008 324 4098 politano
347 4034 545 4101 processum
569 4009 639 4093 sit,
665 4008 816 4078 historia
839 4007 1065 4100 demonstrat.
1090 4003 1245 4072 Primum
1268 4025 1342 4070 sae-

170 4117 246 4187 culo
270 4117 335 4186 VI.
361 4117 532 4207 explicita
555 4116 621 4184 illa
639 4114 808 4206 professio
832 4113 966 4182 inserta
988 4117 1043 4181 est
1066 4112 1103 4179 in
1118 4109 1293 4200 Hispania
1307 4114 1344 4177 et

170 4224 203 4292 in
232 4223 353 4293 Gallia
375 4224 594 4295 Narbonensi
618 4228 739 4313 (supra
762 4247 796 4312 p.
807 4222 902 4308 476);
928 4220 1011 4288 inde
1025 4223 1220 4310 propagata
1238 4216 1274 4284 in
1290 4239 1343 4284 re·

170 4353 276 4420 gnum
300 4331 538 4415 Francorum,
564 4330 603 4399 in
626 4328 871 4413 Germaniam,
897 4325 1084 4417 Illyricum
1100 4331 1166 4393 etc.
1182 4323 1233 4390 At
1254 4322 1342 4390 Pon-

170 4437 277 4507 tifices
299 4438 447 4508 Romani
476 4437 578 4508 fidem
602 4435 740 4527 quidem
759 4434 850 4504 hanc
866 4438 1066 4504 constanter
1081 4430 1261 4516 docebant
1275 4427 1336 4496 ad-
