<?xml version="1.0" encoding="UTF-8"?>
<!DOCTYPE html PUBLIC "-//W3C//DTD XHTML 1.0 Transitional//EN"
    "http://www.w3.org/TR/xhtml1/DTD/xhtml1-transitional.dtd">
<html xmlns="http://www.w3.org/1999/xhtml" xml:lang="en" lang="en">
 <head>
  <title>
</title>
<meta http-equiv="Content-Type" content="text/html;charset=utf-8" />
  <meta name='ocr-system' content='tesseract 3.04.00' />
  <meta name='ocr-capabilities' content='ocr_page ocr_carea ocr_par ocr_line ocrx_word'/>
</head>
<body>
  <div class='ocr_page' id='page_1' title='image "./tractatusdedeot00frangoog/tractatusdedeot00frangoog_0475.png"; bbox 0 0 3180 4944; ppageno 0'>
   <div class='ocr_carea' id='block_1_1' title="bbox 207 282 1373 3065">
    <p class='ocr_par' dir='ltr' id='par_1_1' title="bbox 711 282 890 345">
     <span class='ocr_line' id='line_1_1' title="bbox 711 282 890 345; baseline 0.006 -14"><span class='ocrx_word' id='word_1_1' title='bbox 711 312 750 331; x_wconf 95' lang='grc'>..</span> <span class='ocrx_word' id='word_1_2' title='bbox 771 282 831 345; x_wconf 71' lang='grc'>464</span> <span class='ocrx_word' id='word_1_3' title='bbox 851 313 890 332; x_wconf 89' lang='grc'>-</span> 
     </span>
    </p>

    <p class='ocr_par' dir='ltr' id='par_1_2' title="bbox 209 386 1373 1225">
     <span class='ocr_line' id='line_1_2' title="bbox 209 386 1373 481; baseline 0.003 -26"><span class='ocrx_word' id='word_1_4' title='bbox 209 386 379 475; x_wconf 78' lang='lat' dir='ltr'>Spiritum</span> <span class='ocrx_word' id='word_1_5' title='bbox 394 408 500 453; x_wconf 75' lang='lat' dir='ltr'>neam.</span> <span class='ocrx_word' id='word_1_6' title='bbox 519 386 577 455; x_wconf 86' lang='lat' dir='ltr'>Ita</span> <span class='ocrx_word' id='word_1_7' title='bbox 591 408 676 479; x_wconf 75' lang='lat' dir='ltr'>crgo</span> <span class='ocrx_word' id='word_1_8' title='bbox 690 386 796 458; x_wconf 85' lang='lat' dir='ltr'>etiam</span> <span class='ocrx_word' id='word_1_9' title='bbox 818 388 856 457; x_wconf 91' lang='lat' dir='ltr'>in</span> <span class='ocrx_word' id='word_1_10' title='bbox 879 386 998 458; x_wconf 84' lang='lat' dir='ltr'>verbis</span> <span class='ocrx_word' id='word_1_11' title='bbox 1012 388 1152 459; x_wconf 79' lang='lat' dir='ltr'>Christi</span> <span class='ocrx_word' id='word_1_12' title='bbox 1168 410 1273 481; x_wconf 77' lang='lat' dir='ltr'>panes</span> <span class='ocrx_word' id='word_1_13' title='bbox 1284 386 1373 459; x_wconf 81' lang='lat' dir='ltr'>Ioau·</span> 
     </span>
     <span class='ocr_line' id='line_1_3' title="bbox 209 492 1372 589; baseline 0.003 -27"><span class='ocrx_word' id='word_1_14' title='bbox 209 516 285 563; x_wconf 85' lang='lat' dir='ltr'>nem</span> <span class='ocrx_word' id='word_1_15' title='bbox 309 492 418 584; x_wconf 85' lang='lat' dir='ltr'><strong>priori</strong></span> <span class='ocrx_word' id='word_1_16' title='bbox 442 494 579 586; x_wconf 87' lang='lat' dir='ltr'>quidem</span> <span class='ocrx_word' id='word_1_17' title='bbox 603 493 714 566; x_wconf 84' lang='lat' dir='ltr'>inciso</span> <span class='ocrx_word' id='word_1_18' title='bbox 742 496 873 566; x_wconf 84' lang='lat' dir='ltr'>diserte</span> <span class='ocrx_word' id='word_1_19' title='bbox 908 497 1121 589; x_wconf 81' lang='lat' dir='ltr'><strong>exprimitur</strong></span> <span class='ocrx_word' id='word_1_20' title='bbox 1154 496 1274 567; x_wconf 85' lang='lat' dir='ltr'>Filius</span> <span class='ocrx_word' id='word_1_21' title='bbox 1305 519 1372 565; x_wconf 85' lang='lat' dir='ltr'>cun</span> 
     </span>
     <span class='ocr_line' id='line_1_4' title="bbox 210 600 1371 695; baseline 0.004 -28"><span class='ocrx_word' id='word_1_22' title='bbox 210 600 315 669; x_wconf 90' lang='lat' dir='ltr'>Patre</span> <span class='ocrx_word' id='word_1_23' title='bbox 340 623 445 669; x_wconf 89' lang='lat' dir='ltr'>nuum</span> <span class='ocrx_word' id='word_1_24' title='bbox 469 601 645 672; x_wconf 79' lang='lat' dir='ltr'>missionis</span> <span class='ocrx_word' id='word_1_25' title='bbox 674 601 908 695; x_wconf 87' lang='lat' dir='ltr'>principiam,</span> <span class='ocrx_word' id='word_1_26' title='bbox 933 626 995 672; x_wconf 86' lang='lat' dir='ltr'>seu</span> <span class='ocrx_word' id='word_1_27' title='bbox 1024 603 1239 695; x_wconf 78' lang='lat' dir='ltr'>exprimitur</span> <span class='ocrx_word' id='word_1_28' title='bbox 1269 602 1371 672; x_wconf 76' lang='lat' dir='ltr'>missio</span> 
     </span>
     <span class='ocr_line' id='line_1_5' title="bbox 209 706 1368 803; baseline 0.003 -28"><span class='ocrx_word' id='word_1_29' title='bbox 209 731 270 799; x_wconf 86' lang='lat' dir='ltr'>per</span> <span class='ocrx_word' id='word_1_30' title='bbox 292 706 424 776; x_wconf 87' lang='lat' dir='ltr'>Filium</span> <span class='ocrx_word' id='word_1_31' title='bbox 447 730 469 775; x_wconf 88' lang='lat' dir='ltr'>a</span> <span class='ocrx_word' id='word_1_32' title='bbox 491 710 613 797; x_wconf 81' lang='lat' dir='ltr'>Patre3</span> <span class='ocrx_word' id='word_1_33' title='bbox 639 710 677 779; x_wconf 89' lang='lat' dir='ltr'>in</span> <span class='ocrx_word' id='word_1_34' title='bbox 695 710 809 780; x_wconf 84' lang='lat' dir='ltr'>altero</span> <span class='ocrx_word' id='word_1_35' title='bbox 825 720 942 781; x_wconf 82' lang='lat' dir='ltr'>autem</span> <span class='ocrx_word' id='word_1_36' title='bbox 958 712 1070 781; x_wconf 83' lang='lat' dir='ltr'>inciso</span> <span class='ocrx_word' id='word_1_37' title='bbox 1088 711 1257 803; x_wconf 70' lang='lat' dir='ltr'>explicite</span> <span class='ocrx_word' id='word_1_38' title='bbox 1278 734 1368 781; x_wconf 87' lang='lat' dir='ltr'>enon·</span> 
     </span>
     <span class='ocr_line' id='line_1_6' title="bbox 210 814 1363 906; baseline 0.001 -22"><span class='ocrx_word' id='word_1_39' title='bbox 210 816 323 884; x_wconf 87' lang='lat' dir='ltr'>tiatur</span> <span class='ocrx_word' id='word_1_40' title='bbox 344 814 471 885; x_wconf 82' lang='lat' dir='ltr'>relatio</span> <span class='ocrx_word' id='word_1_41' title='bbox 494 815 651 906; x_wconf 81' lang='lat' dir='ltr'>Spiritus</span> <span class='ocrx_word' id='word_1_42' title='bbox 673 817 717 886; x_wconf 91' lang='lat' dir='ltr'>ad</span> <span class='ocrx_word' id='word_1_43' title='bbox 739 818 880 887; x_wconf 85' lang='lat' dir='ltr'>Patrem</span> <span class='ocrx_word' id='word_1_44' title='bbox 902 818 991 886; x_wconf 88' lang='lat' dir='ltr'>Filii</span> <span class='ocrx_word' id='word_1_45' title='bbox 1013 830 1050 887; x_wconf 88' lang='lat' dir='ltr'>et</span> <span class='ocrx_word' id='word_1_46' title='bbox 1073 817 1272 887; x_wconf 80' lang='lat' dir='ltr'>includitur</span> <span class='ocrx_word' id='word_1_47' title='bbox 1293 817 1363 886; x_wconf 78' lang='lat' dir='ltr'>rela-</span> 
     </span>
     <span class='ocr_line' id='line_1_7' title="bbox 209 922 1360 1015; baseline -0.001 -23"><span class='ocrx_word' id='word_1_48' title='bbox 209 923 261 992; x_wconf 79' lang='lat' dir='ltr'>iio</span> <span class='ocrx_word' id='word_1_49' title='bbox 283 922 328 991; x_wconf 86' lang='lat' dir='ltr'>ad</span> <span class='ocrx_word' id='word_1_50' title='bbox 350 922 495 1006; x_wconf 87' lang='lat' dir='ltr'>Filium,</span> <span class='ocrx_word' id='word_1_51' title='bbox 521 924 615 992; x_wconf 87' lang='lat' dir='ltr'>sicut</span> <span class='ocrx_word' id='word_1_52' title='bbox 640 924 735 1013; x_wconf 89' lang='lat' dir='ltr'>apud</span> <span class='ocrx_word' id='word_1_53' title='bbox 758 924 906 993; x_wconf 87' lang='lat' dir='ltr'>Paulum</span> <span class='ocrx_word' id='word_1_54' title='bbox 923 924 1079 994; x_wconf 88' lang='lat' dir='ltr'>vicissim</span> <span class='ocrx_word' id='word_1_55' title='bbox 1094 924 1360 1015; x_wconf 78' lang='lat' dir='ltr'>expliciturum·</span> 
     </span>
     <span class='ocr_line' id='line_1_8' title="bbox 209 1029 1356 1102; baseline -0.001 -2"><span class='ocrx_word' id='word_1_56' title='bbox 209 1031 322 1100; x_wconf 87' lang='lat' dir='ltr'>tiatur</span> <span class='ocrx_word' id='word_1_57' title='bbox 345 1029 472 1099; x_wconf 89' lang='lat' dir='ltr'>relatio</span> <span class='ocrx_word' id='word_1_58' title='bbox 494 1029 539 1098; x_wconf 93' lang='lat' dir='ltr'>ad</span> <span class='ocrx_word' id='word_1_59' title='bbox 569 1030 702 1100; x_wconf 88' lang='lat' dir='ltr'>Filium</span> <span class='ocrx_word' id='word_1_60' title='bbox 737 1038 774 1100; x_wconf 88' lang='lat' dir='ltr'>et</span> <span class='ocrx_word' id='word_1_61' title='bbox 808 1031 1004 1102; x_wconf 83' lang='lat' dir='ltr'>includitur</span> <span class='ocrx_word' id='word_1_62' title='bbox 1026 1032 1154 1102; x_wconf 88' lang='lat' dir='ltr'>relatio</span> <span class='ocrx_word' id='word_1_63' title='bbox 1176 1032 1223 1101; x_wconf 91' lang='lat' dir='ltr'>ad</span> <span class='ocrx_word' id='word_1_64' title='bbox 1244 1031 1356 1101; x_wconf 80' lang='lat' dir='ltr'>Patren</span> 
     </span>
     <span class='ocr_line' id='line_1_9' title="bbox 209 1137 383 1225; baseline 0 -19"><span class='ocrx_word' id='word_1_65' title='bbox 209 1137 296 1206; x_wconf 88' lang='lat' dir='ltr'>Filii</span> <span class='ocrx_word' id='word_1_66' title='bbox 320 1138 383 1225; x_wconf 84' lang='lat'>(1).</span> 
     </span>
    </p>

    <p class='ocr_par' dir='ltr' id='par_1_3' title="bbox 207 1245 1352 2525">
     <span class='ocr_line' id='line_1_10' title="bbox 276 1245 1352 1341; baseline 0.002 -27"><span class='ocrx_word' id='word_1_67' title='bbox 276 1245 398 1330; x_wconf 78' lang='lat' dir='ltr'>Quoad</span> <span class='ocrx_word' id='word_1_68' title='bbox 414 1245 784 1337; x_wconf 78' lang='lat' dir='ltr'>consignificationem,</span> <span class='ocrx_word' id='word_1_69' title='bbox 803 1255 843 1318; x_wconf 90' lang='lat' dir='ltr'>ut</span> <span class='ocrx_word' id='word_1_70' title='bbox 858 1250 910 1318; x_wconf 85' lang='lat' dir='ltr'>ita</span> <span class='ocrx_word' id='word_1_71' title='bbox 925 1250 1063 1341; x_wconf 82' lang='lat' dir='ltr'>loquar,</span> <span class='ocrx_word' id='word_1_72' title='bbox 1080 1248 1170 1318; x_wconf 86' lang='lat' dir='ltr'>Filii</span> <span class='ocrx_word' id='word_1_73' title='bbox 1185 1270 1262 1319; x_wconf 86' lang='lat' dir='ltr'>cum</span> <span class='ocrx_word' id='word_1_74' title='bbox 1274 1248 1352 1317; x_wconf 81' lang='lat' dir='ltr'>Patre</span> 
     </span>
     <span class='ocr_line' id='line_1_11' title="bbox 209 1352 1349 1443; baseline 0.002 -20"><span class='ocrx_word' id='word_1_75' title='bbox 209 1352 361 1423; x_wconf 83' lang='lat' dir='ltr'>conferri</span> <span class='ocrx_word' id='word_1_76' title='bbox 376 1358 492 1443; x_wconf 83' lang='lat' dir='ltr'>potest</span> <span class='ocrx_word' id='word_1_77' title='bbox 507 1377 584 1423; x_wconf 88' lang='lat' dir='ltr'>cum</span> <span class='ocrx_word' id='word_1_78' title='bbox 599 1362 719 1424; x_wconf 88' lang='lat' dir='ltr'>nostro</span> <span class='ocrx_word' id='word_1_79' title='bbox 740 1357 815 1424; x_wconf 93' lang='lat' dir='ltr'>loco</span> <span class='ocrx_word' id='word_1_80' title='bbox 831 1356 929 1426; x_wconf 88' lang='lat' dir='ltr'>aliud</span> <span class='ocrx_word' id='word_1_81' title='bbox 945 1356 1081 1425; x_wconf 87' lang='lat' dir='ltr'>dictum</span> <span class='ocrx_word' id='word_1_82' title='bbox 1095 1356 1231 1426; x_wconf 88' lang='lat' dir='ltr'>Christi</span> <span class='ocrx_word' id='word_1_83' title='bbox 1244 1356 1349 1427; x_wconf 83' lang='lat' dir='ltr'>licetio</span> 
     </span>
     <span class='ocr_line' id='line_1_12' title="bbox 208 1461 1348 1557; baseline 0.001 -26"><span class='ocrx_word' id='word_1_84' title='bbox 208 1486 246 1532; x_wconf 85' lang='lat' dir='ltr'>re</span> <span class='ocrx_word' id='word_1_85' title='bbox 261 1462 413 1532; x_wconf 85' lang='lat' dir='ltr'>diversa.</span> <span class='ocrx_word' id='word_1_86' title='bbox 443 1461 520 1531; x_wconf 81' lang='lat' dir='ltr'>uUt</span> <span class='ocrx_word' id='word_1_87' title='bbox 542 1470 753 1553; x_wconf 74' lang='lat' dir='ltr'>cognoscant</span> <span class='ocrx_word' id='word_1_88' title='bbox 771 1473 806 1533; x_wconf 87' lang='lat' dir='ltr'>ta</span> <span class='ocrx_word' id='word_1_89' title='bbox 823 1464 934 1533; x_wconf 88' lang='lat' dir='ltr'>solum</span> <span class='ocrx_word' id='word_1_90' title='bbox 957 1465 1067 1534; x_wconf 86' lang='lat' dir='ltr'>Deum</span> <span class='ocrx_word' id='word_1_91' title='bbox 1085 1488 1220 1551; x_wconf 84' lang='lat' dir='ltr'>verum,</span> <span class='ocrx_word' id='word_1_92' title='bbox 1233 1475 1267 1534; x_wconf 90' lang='lat' dir='ltr'>et</span> <span class='ocrx_word' id='word_1_93' title='bbox 1275 1486 1348 1557; x_wconf 84' lang='lat' dir='ltr'>quen</span> 
     </span>
     <span class='ocr_line' id='line_1_13' title="bbox 209 1570 1347 1663; baseline -0.002 -22"><span class='ocrx_word' id='word_1_94' title='bbox 209 1571 338 1641; x_wconf 90' lang='lat' dir='ltr'>misisti</span> <span class='ocrx_word' id='word_1_95' title='bbox 353 1571 467 1640; x_wconf 87' lang='lat' dir='ltr'>Iesum</span> <span class='ocrx_word' id='word_1_96' title='bbox 483 1570 703 1639; x_wconf 63' lang='lat' dir='ltr'>Christum.»</span> <span class='ocrx_word' id='word_1_97' title='bbox 718 1570 785 1640; x_wconf 91' lang='lat' dir='ltr'>Hic</span> <span class='ocrx_word' id='word_1_98' title='bbox 801 1572 838 1639; x_wconf 91' lang='lat' dir='ltr'>in</span> <span class='ocrx_word' id='word_1_99' title='bbox 862 1572 1097 1663; x_wconf 82' lang='lat' dir='ltr'>appellatione</span> <span class='ocrx_word' id='word_1_100' title='bbox 1118 1574 1211 1641; x_wconf 82' lang='lat' dir='ltr'>rotas</span> <span class='ocrx_word' id='word_1_101' title='bbox 1224 1573 1347 1640; x_wconf 79' lang='lat' dir='ltr'>Deasrc</span> 
     </span>
     <span class='ocr_line' id='line_1_14' title="bbox 210 1677 1347 1751; baseline 0.002 -5"><span class='ocrx_word' id='word_1_102' title='bbox 210 1704 269 1747; x_wconf 81' lang='lat' dir='ltr'>rur</span> <span class='ocrx_word' id='word_1_103' title='bbox 291 1702 359 1750; x_wconf 86' lang='lat' dir='ltr'>non</span> <span class='ocrx_word' id='word_1_104' title='bbox 374 1677 575 1748; x_wconf 80' lang='lat' dir='ltr'>excluditur</span> <span class='ocrx_word' id='word_1_105' title='bbox 587 1678 645 1748; x_wconf 90' lang='lat' dir='ltr'>sed</span> <span class='ocrx_word' id='word_1_106' title='bbox 659 1677 856 1749; x_wconf 87' lang='lat' dir='ltr'>includitur</span> <span class='ocrx_word' id='word_1_107' title='bbox 866 1680 984 1750; x_wconf 90' lang='lat' dir='ltr'>Filius</span> <span class='ocrx_word' id='word_1_108' title='bbox 1000 1687 1042 1750; x_wconf 91' lang='lat' dir='ltr'>ut</span> <span class='ocrx_word' id='word_1_109' title='bbox 1053 1681 1150 1750; x_wconf 90' lang='lat' dir='ltr'>solas</span> <span class='ocrx_word' id='word_1_110' title='bbox 1166 1682 1256 1751; x_wconf 89' lang='lat' dir='ltr'>Deus</span> <span class='ocrx_word' id='word_1_111' title='bbox 1270 1702 1347 1749; x_wconf 82' lang='lat' dir='ltr'>verm</span> 
     </span>
     <span class='ocr_line' id='line_1_15' title="bbox 209 1784 1346 1878; baseline -0.004 -20"><span class='ocrx_word' id='word_1_112' title='bbox 209 1789 270 1878; x_wconf 84' lang='lat' dir='ltr'>(cf.</span> <span class='ocrx_word' id='word_1_113' title='bbox 285 1808 393 1878; x_wconf 88' lang='lat' dir='ltr'>snpra</span> <span class='ocrx_word' id='word_1_114' title='bbox 414 1812 449 1878; x_wconf 88' lang='lat' dir='ltr'>p.</span> <span class='ocrx_word' id='word_1_115' title='bbox 465 1784 522 1854; x_wconf 78' lang='lat'>34.</span> <span class='ocrx_word' id='word_1_116' title='bbox 536 1785 608 1873; x_wconf 74' lang='lat'>35),</span> <span class='ocrx_word' id='word_1_117' title='bbox 633 1786 863 1856; x_wconf 89' lang='lat' dir='ltr'>nihilominus</span> <span class='ocrx_word' id='word_1_118' title='bbox 885 1795 1000 1858; x_wconf 83' lang='lat' dir='ltr'>temen</span> <span class='ocrx_word' id='word_1_119' title='bbox 1024 1788 1069 1857; x_wconf 90' lang='lat' dir='ltr'>ad</span> <span class='ocrx_word' id='word_1_120' title='bbox 1098 1787 1256 1858; x_wconf 89' lang='lat' dir='ltr'>maiorem</span> <span class='ocrx_word' id='word_1_121' title='bbox 1269 1785 1346 1857; x_wconf 80' lang='lat' dir='ltr'>clari·</span> 
     </span>
     <span class='ocr_line' id='line_1_16' title="bbox 208 1892 1344 1983; baseline -0.004 -18"><span class='ocrx_word' id='word_1_122' title='bbox 208 1902 317 1965; x_wconf 83' lang='lat' dir='ltr'>tatem</span> <span class='ocrx_word' id='word_1_123' title='bbox 339 1893 455 1963; x_wconf 88' lang='lat' dir='ltr'>adhuc</span> <span class='ocrx_word' id='word_1_124' title='bbox 479 1892 705 1983; x_wconf 83' lang='lat' dir='ltr'>coniungitur</span> <span class='ocrx_word' id='word_1_125' title='bbox 728 1893 766 1963; x_wconf 91' lang='lat' dir='ltr'>iu</span> <span class='ocrx_word' id='word_1_126' title='bbox 789 1894 905 1963; x_wconf 89' lang='lat' dir='ltr'>eodem</span> <span class='ocrx_word' id='word_1_127' title='bbox 933 1894 1055 1967; x_wconf 87' lang='lat' dir='ltr'>ordine</span> <span class='ocrx_word' id='word_1_128' title='bbox 1077 1895 1195 1964; x_wconf 85' lang='lat' dir='ltr'>Filius</span> <span class='ocrx_word' id='word_1_129' title='bbox 1217 1918 1285 1964; x_wconf 86' lang='lat' dir='ltr'>cnm</span> <span class='ocrx_word' id='word_1_130' title='bbox 1302 1894 1344 1961; x_wconf 74' lang='lat' dir='ltr'>m</span> 
     </span>
     <span class='ocr_line' id='line_1_17' title="bbox 208 2001 1343 2096; baseline -0.005 -25"><span class='ocrx_word' id='word_1_131' title='bbox 208 2012 264 2073; x_wconf 86' lang='lat' dir='ltr'>tre</span> <span class='ocrx_word' id='word_1_132' title='bbox 281 2003 343 2088; x_wconf 82' lang='lat'>(2).</span> <span class='ocrx_word' id='word_1_133' title='bbox 369 2001 497 2071; x_wconf 89' lang='lat' dir='ltr'>Eodem</span> <span class='ocrx_word' id='word_1_134' title='bbox 521 2002 619 2071; x_wconf 88' lang='lat' dir='ltr'>modo</span> <span class='ocrx_word' id='word_1_135' title='bbox 642 2001 748 2070; x_wconf 88' lang='lat' dir='ltr'>etiam</span> <span class='ocrx_word' id='word_1_136' title='bbox 770 2003 808 2070; x_wconf 90' lang='lat' dir='ltr'>iu</span> <span class='ocrx_word' id='word_1_137' title='bbox 832 2003 971 2088; x_wconf 78' lang='lat' dir='ltr'>verbis,</span> <span class='ocrx_word' id='word_1_138' title='bbox 998 2003 1040 2071; x_wconf 91' lang='lat' dir='ltr'>de</span> <span class='ocrx_word' id='word_1_139' title='bbox 1066 2004 1194 2096; x_wconf 87' lang='lat' dir='ltr'>quibus</span> <span class='ocrx_word' id='word_1_140' title='bbox 1215 2002 1343 2093; x_wconf 77' lang='lat' dir='ltr'>egimus:</span> 
     </span>
     <span class='ocr_line' id='line_1_18' title="bbox 212 2109 1344 2202; baseline 0.002 -27"><span class='ocrx_word' id='word_1_141' title='bbox 212 2110 399 2202; x_wconf 72' lang='lat' dir='ltr'>«Spiritus</span> <span class='ocrx_word' id='word_1_142' title='bbox 426 2131 448 2177; x_wconf 89' lang='lat' dir='ltr'>a</span> <span class='ocrx_word' id='word_1_143' title='bbox 471 2111 577 2179; x_wconf 89' lang='lat' dir='ltr'>Patre</span> <span class='ocrx_word' id='word_1_144' title='bbox 600 2110 813 2200; x_wconf 73' lang='lat' dir='ltr'>procedito,</span> <span class='ocrx_word' id='word_1_145' title='bbox 838 2110 909 2178; x_wconf 89' lang='lat' dir='ltr'>iam</span> <span class='ocrx_word' id='word_1_146' title='bbox 935 2109 1133 2179; x_wconf 84' lang='lat' dir='ltr'>includitur</span> <span class='ocrx_word' id='word_1_147' title='bbox 1163 2109 1273 2179; x_wconf 90' lang='lat' dir='ltr'>Filios</span> <span class='ocrx_word' id='word_1_148' title='bbox 1290 2130 1344 2178; x_wconf 86' lang='lat' dir='ltr'>cau</span> 
     </span>
     <span class='ocr_line' id='line_1_19' title="bbox 208 2214 1344 2311; baseline -0.003 -25"><span class='ocrx_word' id='word_1_149' title='bbox 208 2221 313 2288; x_wconf 87' lang='lat' dir='ltr'>Patre</span> <span class='ocrx_word' id='word_1_150' title='bbox 337 2227 378 2287; x_wconf 93' lang='lat' dir='ltr'>ut</span> <span class='ocrx_word' id='word_1_151' title='bbox 400 2218 612 2309; x_wconf 91' lang='lat' dir='ltr'>principium</span> <span class='ocrx_word' id='word_1_152' title='bbox 636 2216 815 2308; x_wconf 85' lang='lat' dir='ltr'>Spiritus,</span> <span class='ocrx_word' id='word_1_153' title='bbox 841 2218 946 2311; x_wconf 89' lang='lat' dir='ltr'>idque</span> <span class='ocrx_word' id='word_1_154' title='bbox 967 2218 1082 2287; x_wconf 90' lang='lat' dir='ltr'>adhuc</span> <span class='ocrx_word' id='word_1_155' title='bbox 1106 2218 1292 2310; x_wconf 82' lang='lat' dir='ltr'>expressius</span> <span class='ocrx_word' id='word_1_156' title='bbox 1307 2214 1344 2283; x_wconf 89' lang='lat' dir='ltr'>si·</span> 
     </span>
     <span class='ocr_line' id='line_1_20' title="bbox 207 2323 1345 2418; baseline -0.004 -23"><span class='ocrx_word' id='word_1_157' title='bbox 207 2327 399 2418; x_wconf 81' lang='lat' dir='ltr'>gnificatur</span> <span class='ocrx_word' id='word_1_158' title='bbox 423 2327 600 2417; x_wconf 82' lang='lat' dir='ltr'>iungendo</span> <span class='ocrx_word' id='word_1_159' title='bbox 622 2324 754 2393; x_wconf 88' lang='lat' dir='ltr'>Filiam</span> <span class='ocrx_word' id='word_1_160' title='bbox 777 2348 854 2394; x_wconf 88' lang='lat' dir='ltr'>cnm</span> <span class='ocrx_word' id='word_1_161' title='bbox 877 2327 984 2395; x_wconf 87' lang='lat' dir='ltr'>Patre</span> <span class='ocrx_word' id='word_1_162' title='bbox 1007 2326 1044 2395; x_wconf 90' lang='lat' dir='ltr'>in</span> <span class='ocrx_word' id='word_1_163' title='bbox 1067 2326 1185 2397; x_wconf 86' lang='lat' dir='ltr'>eadem</span> <span class='ocrx_word' id='word_1_164' title='bbox 1211 2323 1345 2396; x_wconf 83' lang='lat' dir='ltr'>relatione</span> 
     </span>
     <span class='ocr_line' id='line_1_21' title="bbox 207 2433 1268 2525; baseline -0.002 -22"><span class='ocrx_word' id='word_1_165' title='bbox 207 2434 252 2503; x_wconf 89' lang='lat' dir='ltr'>ad</span> <span class='ocrx_word' id='word_1_166' title='bbox 268 2434 438 2525; x_wconf 89' lang='lat' dir='ltr'>Spiritum</span> <span class='ocrx_word' id='word_1_167' title='bbox 462 2433 653 2503; x_wconf 87' lang='lat' dir='ltr'>Sanctum:</span> <span class='ocrx_word' id='word_1_168' title='bbox 681 2456 776 2523; x_wconf 77' lang='lat' dir='ltr'>sego</span> <span class='ocrx_word' id='word_1_169' title='bbox 798 2434 934 2503; x_wconf 88' lang='lat' dir='ltr'>mittam</span> <span class='ocrx_word' id='word_1_170' title='bbox 957 2435 1058 2503; x_wconf 84' lang='lat' dir='ltr'>vobis</span> <span class='ocrx_word' id='word_1_171' title='bbox 1080 2456 1102 2502; x_wconf 91' lang='lat' dir='ltr'>a</span> <span class='ocrx_word' id='word_1_172' title='bbox 1125 2436 1268 2504; x_wconf 81' lang='lat' dir='ltr'>Patren.</span> 
     </span>
    </p>

    <p class='ocr_par' dir='ltr' id='par_1_4' title="bbox 207 2537 1343 3065">
     <span class='ocr_line' id='line_1_22' title="bbox 274 2537 1341 2636; baseline -0.006 -25"><span class='ocrx_word' id='word_1_173' title='bbox 274 2540 421 2624; x_wconf 78' lang='lat' dir='ltr'>Quando</span> <span class='ocrx_word' id='word_1_174' title='bbox 443 2543 562 2635; x_wconf 85' lang='lat' dir='ltr'>itaque</span> <span class='ocrx_word' id='word_1_175' title='bbox 585 2541 736 2611; x_wconf 88' lang='lat' dir='ltr'>dicitur:</span> <span class='ocrx_word' id='word_1_176' title='bbox 755 2542 925 2612; x_wconf 85' lang='lat' dir='ltr'>revelatio</span> <span class='ocrx_word' id='word_1_177' title='bbox 941 2542 1174 2631; x_wconf 66' lang='lat' dir='ltr'>affirmativo,</span> <span class='ocrx_word' id='word_1_178' title='bbox 1193 2540 1275 2636; x_wconf 89' lang='lat' dir='ltr'>q&#39;nod</span> <span class='ocrx_word' id='word_1_179' title='bbox 1287 2537 1341 2629; x_wconf 85' lang='lat' dir='ltr'>Spi-</span> 
     </span>
     <span class='ocr_line' id='line_1_23' title="bbox 207 2644 1343 2743; baseline -0.005 -25"><span class='ocrx_word' id='word_1_180' title='bbox 207 2650 300 2719; x_wconf 87' lang='lat' dir='ltr'>ritus</span> <span class='ocrx_word' id='word_1_181' title='bbox 321 2649 478 2740; x_wconf 86' lang='lat' dir='ltr'>procedit</span> <span class='ocrx_word' id='word_1_182' title='bbox 499 2670 521 2717; x_wconf 90' lang='lat' dir='ltr'>a</span> <span class='ocrx_word' id='word_1_183' title='bbox 544 2650 662 2734; x_wconf 86' lang='lat' dir='ltr'>Patre,</span> <span class='ocrx_word' id='word_1_184' title='bbox 690 2650 892 2742; x_wconf 78' lang='lat' dir='ltr'>aequivalet</span> <span class='ocrx_word' id='word_1_185' title='bbox 907 2650 1120 2735; x_wconf 70' lang='lat' dir='ltr'>exclusisse,</span> <span class='ocrx_word' id='word_1_186' title='bbox 1139 2644 1343 2743; x_wconf 87' lang='lat' dir='ltr'>quodamllo</span> 
     </span>
     <span class='ocr_line' id='line_1_24' title="bbox 208 2756 1343 2848; baseline -0.005 -24"><span class='ocrx_word' id='word_1_187' title='bbox 208 2756 277 2826; x_wconf 91' lang='lat' dir='ltr'>alio</span> <span class='ocrx_word' id='word_1_188' title='bbox 301 2757 476 2848; x_wconf 88' lang='lat' dir='ltr'>procedit;</span> <span class='ocrx_word' id='word_1_189' title='bbox 502 2756 726 2826; x_wconf 82' lang='lat' dir='ltr'>distinctione</span> <span class='ocrx_word' id='word_1_190' title='bbox 749 2779 836 2846; x_wconf 87' lang='lat' dir='ltr'>opus</span> <span class='ocrx_word' id='word_1_191' title='bbox 859 2764 933 2826; x_wconf 86' lang='lat' dir='ltr'>est:</span> <span class='ocrx_word' id='word_1_192' title='bbox 957 2758 1142 2827; x_wconf 88' lang='lat' dir='ltr'>affirmatio</span> <span class='ocrx_word' id='word_1_193' title='bbox 1166 2759 1229 2827; x_wconf 90' lang='lat' dir='ltr'>illa</span> <span class='ocrx_word' id='word_1_194' title='bbox 1243 2766 1288 2826; x_wconf 84' lang='lat' dir='ltr'>est</span> <span class='ocrx_word' id='word_1_195' title='bbox 1303 2774 1343 2821; x_wconf 84' lang='lat' dir='ltr'>ex·</span> 
     </span>
     <span class='ocr_line' id='line_1_25' title="bbox 208 2863 1343 2961; baseline -0.005 -26"><span class='ocrx_word' id='word_1_196' title='bbox 208 2866 318 2935; x_wconf 86' lang='lat' dir='ltr'>clusio</span> <span class='ocrx_word' id='word_1_197' title='bbox 342 2866 505 2961; x_wconf 82' lang='lat' dir='ltr'>omnium,</span> <span class='ocrx_word' id='word_1_198' title='bbox 531 2866 592 2957; x_wconf 89' lang='lat' dir='ltr'>qni</span> <span class='ocrx_word' id='word_1_199' title='bbox 616 2887 683 2933; x_wconf 90' lang='lat' dir='ltr'>non</span> <span class='ocrx_word' id='word_1_200' title='bbox 708 2873 791 2933; x_wconf 88' lang='lat' dir='ltr'>snut</span> <span class='ocrx_word' id='word_1_201' title='bbox 806 2888 912 2933; x_wconf 90' lang='lat' dir='ltr'>uuum</span> <span class='ocrx_word' id='word_1_202' title='bbox 930 2888 1007 2934; x_wconf 87' lang='lat' dir='ltr'>cum</span> <span class='ocrx_word' id='word_1_203' title='bbox 1023 2866 1142 2951; x_wconf 86' lang='lat' dir='ltr'>Patre,</span> <span class='ocrx_word' id='word_1_204' title='bbox 1159 2863 1343 2943; x_wconf 62' lang='lat' dir='ltr'>concederat</span> 
     </span>
     <span class='ocr_line' id='line_1_26' title="bbox 207 2964 1341 3065; baseline -0.004 -23"><span class='ocrx_word' id='word_1_205' title='bbox 207 2974 357 3044; x_wconf 84' lang='lat' dir='ltr'>alterius</span> <span class='ocrx_word' id='word_1_206' title='bbox 378 2972 520 3042; x_wconf 84' lang='lat' dir='ltr'>divinae</span> <span class='ocrx_word' id='word_1_207' title='bbox 544 2995 708 3064; x_wconf 86' lang='lat' dir='ltr'>personae</span> <span class='ocrx_word' id='word_1_208' title='bbox 731 2971 886 3042; x_wconf 85' lang='lat' dir='ltr'>exclusio</span> <span class='ocrx_word' id='word_1_209' title='bbox 909 2994 930 3040; x_wconf 95' lang='lat' dir='ltr'>a</span> <span class='ocrx_word' id='word_1_210' title='bbox 953 2974 1089 3043; x_wconf 86' lang='lat' dir='ltr'>ratione</span> <span class='ocrx_word' id='word_1_211' title='bbox 1112 2973 1270 3065; x_wconf 90' lang='lat' dir='ltr'>principii</span> <span class='ocrx_word' id='word_1_212' title='bbox 1288 2964 1341 3057; x_wconf 79' lang='lat' dir='ltr'>spi·</span> 
     </span>
    </p>
   </div>
   <div class='ocr_carea' id='block_1_2' title="bbox 261 3232 1165 3309">
    <p class='ocr_par' dir='ltr' id='par_1_5' title="bbox 261 3232 1165 3309">
     <span class='ocr_line' id='line_1_27' title="bbox 261 3232 1165 3309; baseline 0 -20"><span class='ocrx_word' id='word_1_213' title='bbox 261 3232 304 3309; x_wconf 87' lang='grc' dir='ltr'>(ι)</span> <span class='ocrx_word' id='word_1_214' title='bbox 401 3236 443 3288; x_wconf 83' lang='lat'>10.</span> <span class='ocrx_word' id='word_1_215' title='bbox 455 3234 516 3288; x_wconf 84' lang='lat' dir='ltr'>xv.</span> <span class='ocrx_word' id='word_1_216' title='bbox 528 3235 573 3289; x_wconf 85' lang='lat' dir='ltr'>aa.</span> <span class='ocrx_word' id='word_1_217' title='bbox 998 3234 1165 3289; x_wconf 59' lang='lat' dir='ltr'>onoma</span> 
     </span>
    </p>
   </div>
   <div class='ocr_carea' id='block_1_3' title="bbox 206 3318 1340 4476">
    <p class='ocr_par' dir='ltr' id='par_1_6' title="bbox 209 3318 1339 3398">
     <span class='ocr_line' id='line_1_28' title="bbox 209 3318 1339 3398; baseline -0.008 -16"><span class='ocrx_word' id='word_1_218' title='bbox 209 3328 236 3382; x_wconf 79' lang='grc' dir='ltr'>όν</span> <span class='ocrx_word' id='word_1_219' title='bbox 256 3328 306 3397; x_wconf 75' lang='grc' dir='ltr'>ἐγω</span> <span class='ocrx_word' id='word_1_220' title='bbox 324 3324 422 3396; x_wconf 67' lang='lat' dir='ltr'>repeda</span> <span class='ocrx_word' id='word_1_221' title='bbox 440 3326 499 3396; x_wconf 77' lang='grc' dir='ltr'>ὐμιν</span> <span class='ocrx_word' id='word_1_222' title='bbox 514 3345 648 3398; x_wconf 57' lang='grc' dir='ltr'><em>πρῶτον</em></span> <span class='ocrx_word' id='word_1_223' title='bbox 665 3345 764 3397; x_wconf 61' lang='lat' dir='ltr'>nemag</span> <span class='ocrx_word' id='word_1_224' title='bbox 803 3318 1339 3397; x_wconf 68' lang='grc' dir='ltr'>ἓξαπεστειλενόθεοςέιςταςκαρδιαςὸμ)</span> 
     </span>
    </p>

    <p class='ocr_par' dir='ltr' id='par_1_7' title="bbox 208 3414 1020 3578">
     <span class='ocr_line' id='line_1_29' title="bbox 264 3414 1008 3489; baseline 0.001 -21"><span class='ocrx_word' id='word_1_225' title='bbox 264 3438 293 3470; x_wconf 84' lang='grc' dir='ltr'>το</span> <span class='ocrx_word' id='word_1_226' title='bbox 313 3437 418 3489; x_wconf 65' lang='lat' dir='ltr'>troops</span> <span class='ocrx_word' id='word_1_227' title='bbox 438 3437 484 3477; x_wconf 79' lang='grc' dir='ltr'>της</span> <span class='ocrx_word' id='word_1_228' title='bbox 504 3414 636 3477; x_wconf 58' lang='lat' dir='ltr'>&amp;indracto</span> <span class='ocrx_word' id='word_1_229' title='bbox 857 3436 886 3468; x_wconf 82' lang='lat' dir='ltr'>ro</span> <span class='ocrx_word' id='word_1_230' title='bbox 903 3434 1008 3487; x_wconf 68' lang='lat' dir='ltr'>crisopras</span> 
     </span>
     <span class='ocr_line' id='line_1_30' title="bbox 208 3500 1020 3578; baseline -0.006 -15"><span class='ocrx_word' id='word_1_231' title='bbox 208 3510 220 3563; x_wconf 84' lang='grc' dir='ltr'><strong><em>ὁ</em></strong></span> <span class='ocrx_word' id='word_1_232' title='bbox 236 3529 310 3575; x_wconf 78' lang='grc' dir='ltr'>παρα</span> <span class='ocrx_word' id='word_1_233' title='bbox 329 3530 374 3562; x_wconf 79' lang='grc' dir='ltr'>του</span> <span class='ocrx_word' id='word_1_234' title='bbox 394 3528 492 3578; x_wconf 64' lang='lat' dir='ltr'>respo&lt;</span> <span class='ocrx_word' id='word_1_235' title='bbox 508 3507 674 3577; x_wconf 69' lang='lat' dir='ltr'>ianopeuerar</span> <span class='ocrx_word' id='word_1_236' title='bbox 803 3525 848 3558; x_wconf 76' lang='lat' dir='ltr'>reo</span> <span class='ocrx_word' id='word_1_237' title='bbox 865 3505 919 3561; x_wconf 79' lang='lat' dir='ltr'>droa</span> <span class='ocrx_word' id='word_1_238' title='bbox 938 3500 1020 3558; x_wconf 78' lang='lat' dir='ltr'>aiorou</span> 
     </span>
    </p>

    <p class='ocr_par' dir='ltr' id='par_1_8' title="bbox 206 3586 1340 4476">
     <span class='ocr_line' id='line_1_31' title="bbox 261 3586 1338 3671; baseline -0.013 -18"><span class='ocrx_word' id='word_1_239' title='bbox 261 3594 304 3671; x_wconf 79' lang='lat'>(2)</span> <span class='ocrx_word' id='word_1_240' title='bbox 324 3599 446 3653; x_wconf 74' lang='lat' dir='ltr'>«Solam</span> <span class='ocrx_word' id='word_1_241' title='bbox 465 3614 497 3651; x_wconf 85' lang='lat' dir='ltr'>ac</span> <span class='ocrx_word' id='word_1_242' title='bbox 515 3612 614 3650; x_wconf 86' lang='lat' dir='ltr'>vorum</span> <span class='ocrx_word' id='word_1_243' title='bbox 632 3598 723 3650; x_wconf 84' lang='lat' dir='ltr'>Deum</span> <span class='ocrx_word' id='word_1_244' title='bbox 743 3596 873 3648; x_wconf 83' lang='lat' dir='ltr'>nominat</span> <span class='ocrx_word' id='word_1_245' title='bbox 891 3597 1005 3651; x_wconf 82' lang='lat' dir='ltr'>Patrem</span> <span class='ocrx_word' id='word_1_246' title='bbox 1032 3595 1235 3649; x_wconf 84' lang='lat' dir='ltr'>commentitiis</span> <span class='ocrx_word' id='word_1_247' title='bbox 1251 3596 1277 3646; x_wconf 84' lang='lat' dir='ltr'>ct</span> <span class='ocrx_word' id='word_1_248' title='bbox 1288 3586 1338 3642; x_wconf 77' lang='lat' dir='ltr'>fus</span> 
     </span>
     <span class='ocr_line' id='line_1_32' title="bbox 207 3672 1339 3757; baseline -0.011 -12"><span class='ocrx_word' id='word_1_249' title='bbox 207 3691 380 3757; x_wconf 83' lang='lat' dir='ltr'>nuncupatis</span> <span class='ocrx_word' id='word_1_250' title='bbox 399 3689 457 3742; x_wconf 84' lang='lat' dir='ltr'>diis</span> <span class='ocrx_word' id='word_1_251' title='bbox 475 3704 538 3741; x_wconf 86' lang='lat' dir='ltr'>eom</span> <span class='ocrx_word' id='word_1_252' title='bbox 557 3703 701 3755; x_wconf 86' lang='lat' dir='ltr'>opponens</span> <span class='ocrx_word' id='word_1_253' title='bbox 720 3690 753 3739; x_wconf 89' lang='lat' dir='ltr'>nt</span> <span class='ocrx_word' id='word_1_254' title='bbox 771 3688 858 3740; x_wconf 86' lang='lat' dir='ltr'>Deum</span> <span class='ocrx_word' id='word_1_255' title='bbox 879 3701 995 3751; x_wconf 65' lang='lat' dir='ltr'>verum</span> <span class='ocrx_word' id='word_1_256' title='bbox 1017 3686 1064 3740; x_wconf 77' lang='lat' dir='ltr'>liic</span> <span class='ocrx_word' id='word_1_257' title='bbox 1085 3686 1163 3739; x_wconf 89' lang='lat' dir='ltr'>enim</span> <span class='ocrx_word' id='word_1_258' title='bbox 1176 3688 1219 3737; x_wconf 89' lang='lat' dir='ltr'>est</span> <span class='ocrx_word' id='word_1_259' title='bbox 1235 3672 1339 3736; x_wconf 68' lang='lat' dir='ltr'>outonis</span> 
     </span>
     <span class='ocr_line' id='line_1_33' title="bbox 207 3764 1338 3847; baseline -0.011 -14"><span class='ocrx_word' id='word_1_260' title='bbox 207 3795 318 3847; x_wconf 86' lang='lat' dir='ltr'>scopos.</span> <span class='ocrx_word' id='word_1_261' title='bbox 333 3778 582 3846; x_wconf 86' lang='lat' dir='ltr'>Opportunissime</span> <span class='ocrx_word' id='word_1_262' title='bbox 602 3764 669 3829; x_wconf 75' lang='lat' dir='ltr'>nero</span> <span class='ocrx_word' id='word_1_263' title='bbox 691 3791 776 3829; x_wconf 88' lang='lat' dir='ltr'>annm</span> <span class='ocrx_word' id='word_1_264' title='bbox 796 3780 826 3828; x_wconf 89' lang='lat' dir='ltr'>st</span> <span class='ocrx_word' id='word_1_265' title='bbox 845 3776 935 3829; x_wconf 86' lang='lat' dir='ltr'>solum</span> <span class='ocrx_word' id='word_1_266' title='bbox 961 3790 1022 3829; x_wconf 85' lang='lat' dir='ltr'>cnm</span> <span class='ocrx_word' id='word_1_267' title='bbox 1046 3774 1119 3828; x_wconf 90' lang='lat' dir='ltr'>dicit</span> <span class='ocrx_word' id='word_1_268' title='bbox 1144 3776 1266 3835; x_wconf 84' lang='lat' dir='ltr'>Patrem,</span> <span class='ocrx_word' id='word_1_269' title='bbox 1285 3776 1338 3821; x_wconf 68' lang='lat' dir='ltr'>eall·</span> 
     </span>
     <span class='ocr_line' id='line_1_34' title="bbox 208 3862 1337 3937; baseline -0.011 -15"><span class='ocrx_word' id='word_1_270' title='bbox 208 3884 318 3937; x_wconf 83' lang='lat' dir='ltr'>quoqne</span> <span class='ocrx_word' id='word_1_271' title='bbox 336 3870 457 3935; x_wconf 76' lang='lat' dir='ltr'>gloria-m</span> <span class='ocrx_word' id='word_1_272' title='bbox 476 3872 672 3922; x_wconf 85' lang='lat' dir='ltr'>commemorat</span> <span class='ocrx_word' id='word_1_273' title='bbox 690 3867 790 3920; x_wconf 85' lang='lat' dir='ltr'>aisne:</span> <span class='ocrx_word' id='word_1_274' title='bbox 808 3871 838 3919; x_wconf 89' lang='lat' dir='ltr'>et</span> <span class='ocrx_word' id='word_1_275' title='bbox 856 3882 939 3934; x_wconf 88' lang='lat' dir='ltr'>qnam</span> <span class='ocrx_word' id='word_1_276' title='bbox 964 3866 1073 3919; x_wconf 82' lang='lat' dir='ltr'>misisti</span> <span class='ocrx_word' id='word_1_277' title='bbox 1099 3868 1192 3919; x_wconf 85' lang='lat' dir='ltr'>lesum</span> <span class='ocrx_word' id='word_1_278' title='bbox 1217 3862 1337 3917; x_wconf 77' lang='lat' dir='ltr'>christon·</span> 
     </span>
     <span class='ocr_line' id='line_1_35' title="bbox 207 3944 1340 4026; baseline -0.007 -14"><span class='ocrx_word' id='word_1_279' title='bbox 207 3960 264 4013; x_wconf 80' lang='lat' dir='ltr'>Nae</span> <span class='ocrx_word' id='word_1_280' title='bbox 282 3960 357 4011; x_wconf 84' lang='lat' dir='ltr'>enim</span> <span class='ocrx_word' id='word_1_281' title='bbox 377 3960 464 4012; x_wconf 83' lang='lat' dir='ltr'>aliter</span> <span class='ocrx_word' id='word_1_282' title='bbox 483 3960 548 4026; x_wconf 87' lang='lat' dir='ltr'>qnia</span> <span class='ocrx_word' id='word_1_283' title='bbox 568 3958 723 4025; x_wconf 86' lang='lat' dir='ltr'>perlectam</span> <span class='ocrx_word' id='word_1_284' title='bbox 741 3957 839 4011; x_wconf 86' lang='lat' dir='ltr'>Petris</span> <span class='ocrx_word' id='word_1_285' title='bbox 859 3958 991 4009; x_wconf 84' lang='lat' dir='ltr'>notitiam</span> <span class='ocrx_word' id='word_1_286' title='bbox 1011 3957 1153 4024; x_wconf 79' lang='lat' dir='ltr'>accipiat,</span> <span class='ocrx_word' id='word_1_287' title='bbox 1175 3954 1231 4008; x_wconf 87' lang='lat' dir='ltr'>nisi</span> <span class='ocrx_word' id='word_1_288' title='bbox 1248 3944 1340 4005; x_wconf 64' lang='lat' dir='ltr'>simulet</span> 
     </span>
     <span class='ocr_line' id='line_1_36' title="bbox 207 4030 1339 4114; baseline -0.009 -11"><span class='ocrx_word' id='word_1_289' title='bbox 207 4048 379 4103; x_wconf 86' lang='lat' dir='ltr'>coniunctim</span> <span class='ocrx_word' id='word_1_290' title='bbox 393 4049 573 4102; x_wconf 84' lang='lat' dir='ltr'>interveniat</span> <span class='ocrx_word' id='word_1_291' title='bbox 591 4048 716 4113; x_wconf 75' lang='lat' dir='ltr'>cognitio</span> <span class='ocrx_word' id='word_1_292' title='bbox 731 4048 823 4114; x_wconf 73' lang='lat' dir='ltr'>geniti</span> <span class='ocrx_word' id='word_1_293' title='bbox 842 4049 871 4100; x_wconf 87' lang='lat' dir='ltr'>h.</span> <span class='ocrx_word' id='word_1_294' title='bbox 886 4062 912 4099; x_wconf 88' lang='lat' dir='ltr'>e.</span> <span class='ocrx_word' id='word_1_295' title='bbox 926 4047 1008 4100; x_wconf 86' lang='lat' dir='ltr'>Filii.</span> <span class='ocrx_word' id='word_1_296' title='bbox 1023 4047 1095 4099; x_wconf 81' lang='lat' dir='ltr'>Nam</span> <span class='ocrx_word' id='word_1_297' title='bbox 1114 4046 1198 4099; x_wconf 87' lang='lat' dir='ltr'>simol</span> <span class='ocrx_word' id='word_1_298' title='bbox 1218 4060 1248 4097; x_wconf 82' lang='lat' dir='ltr'>ac</span> <span class='ocrx_word' id='word_1_299' title='bbox 1265 4030 1339 4102; x_wconf 60' lang='lat' dir='ltr'>,liquit</span> 
     </span>
     <span class='ocr_line' id='line_1_37' title="bbox 207 4126 1340 4206; baseline -0.009 -13"><span class='ocrx_word' id='word_1_300' title='bbox 207 4138 393 4205; x_wconf 76' lang='lat' dir='ltr'>cognoverit,</span> <span class='ocrx_word' id='word_1_301' title='bbox 414 4138 485 4206; x_wconf 89' lang='lat' dir='ltr'>qnid</span> <span class='ocrx_word' id='word_1_302' title='bbox 505 4139 546 4191; x_wconf 90' lang='lat' dir='ltr'>sit</span> <span class='ocrx_word' id='word_1_303' title='bbox 564 4140 670 4203; x_wconf 85' lang='lat' dir='ltr'>Pater,</span> <span class='ocrx_word' id='word_1_304' title='bbox 692 4138 805 4190; x_wconf 89' lang='lat' dir='ltr'>omnino</span> <span class='ocrx_word' id='word_1_305' title='bbox 823 4137 910 4190; x_wconf 83' lang='lat' dir='ltr'>ctiam</span> <span class='ocrx_word' id='word_1_306' title='bbox 929 4136 1037 4189; x_wconf 87' lang='lat' dir='ltr'>Filium</span> <span class='ocrx_word' id='word_1_307' title='bbox 1062 4136 1155 4189; x_wconf 88' lang='lat' dir='ltr'>novit.</span> <span class='ocrx_word' id='word_1_308' title='bbox 1170 4135 1258 4188; x_wconf 85' lang='lat' dir='ltr'>Unum</span> <span class='ocrx_word' id='word_1_309' title='bbox 1278 4126 1340 4193; x_wconf 69' lang='lat' dir='ltr'>isitu</span> 
     </span>
     <span class='ocr_line' id='line_1_38' title="bbox 208 4208 1339 4293; baseline -0.014 -9"><span class='ocrx_word' id='word_1_310' title='bbox 208 4236 239 4284; x_wconf 87' lang='lat' dir='ltr'>et</span> <span class='ocrx_word' id='word_1_311' title='bbox 257 4244 354 4282; x_wconf 84' lang='lat' dir='ltr'>rerum</span> <span class='ocrx_word' id='word_1_312' title='bbox 373 4227 470 4282; x_wconf 85' lang='lat' dir='ltr'>dicens</span> <span class='ocrx_word' id='word_1_313' title='bbox 489 4229 601 4281; x_wconf 87' lang='lat' dir='ltr'>Patrem</span> <span class='ocrx_word' id='word_1_314' title='bbox 620 4242 653 4280; x_wconf 79' lang='lat' dir='ltr'>ac</span> <span class='ocrx_word' id='word_1_315' title='bbox 671 4228 778 4291; x_wconf 81' lang='lat' dir='ltr'>Deum,</span> <span class='ocrx_word' id='word_1_316' title='bbox 799 4241 854 4281; x_wconf 87' lang='lat' dir='ltr'>nou</span> <span class='ocrx_word' id='word_1_317' title='bbox 876 4227 1001 4279; x_wconf 84' lang='lat' dir='ltr'>exclusit</span> <span class='ocrx_word' id='word_1_318' title='bbox 1019 4240 1049 4278; x_wconf 87' lang='lat' dir='ltr'>se</span> <span class='ocrx_word' id='word_1_319' title='bbox 1062 4225 1167 4293; x_wconf 68' lang='lat' dir='ltr'>ipsum</span> <span class='ocrx_word' id='word_1_320' title='bbox 1187 4238 1248 4275; x_wconf 87' lang='lat' dir='ltr'>narn</span> <span class='ocrx_word' id='word_1_321' title='bbox 1260 4208 1339 4272; x_wconf 71' lang='lat' dir='ltr'>ortui¹</span> 
     </span>
     <span class='ocr_line' id='line_1_39' title="bbox 206 4298 1338 4387; baseline -0.011 -14"><span class='ocrx_word' id='word_1_322' title='bbox 206 4321 259 4375; x_wconf 93' lang='lat' dir='ltr'>illo</span> <span class='ocrx_word' id='word_1_323' title='bbox 278 4320 318 4373; x_wconf 85' lang='lat' dir='ltr'>sit</span> <span class='ocrx_word' id='word_1_324' title='bbox 331 4324 361 4373; x_wconf 89' lang='lat' dir='ltr'>et</span> <span class='ocrx_word' id='word_1_325' title='bbox 379 4335 412 4372; x_wconf 84' lang='lat' dir='ltr'>ex</span> <span class='ocrx_word' id='word_1_326' title='bbox 432 4320 485 4373; x_wconf 93' lang='lat' dir='ltr'>illo</span> <span class='ocrx_word' id='word_1_327' title='bbox 504 4317 656 4372; x_wconf 85' lang='lat' dir='ltr'>secundum</span> <span class='ocrx_word' id='word_1_328' title='bbox 675 4324 817 4382; x_wconf 78' lang='lat' dir='ltr'>naturam,</span> <span class='ocrx_word' id='word_1_329' title='bbox 839 4331 925 4369; x_wconf 81' lang='lat' dir='ltr'>veros</span> <span class='ocrx_word' id='word_1_330' title='bbox 944 4316 1033 4370; x_wconf 84' lang='lat' dir='ltr'>etiam</span> <span class='ocrx_word' id='word_1_331' title='bbox 1050 4316 1113 4383; x_wconf 76' lang='lat' dir='ltr'>ipse</span> <span class='ocrx_word' id='word_1_332' title='bbox 1133 4319 1179 4387; x_wconf 74' lang='lat' dir='ltr'>cat</span> <span class='ocrx_word' id='word_1_333' title='bbox 1196 4317 1227 4365; x_wconf 87' lang='lat' dir='ltr'>et</span> <span class='ocrx_word' id='word_1_334' title='bbox 1243 4298 1338 4363; x_wconf 73' lang='lat' dir='ltr'>solo·il</span> 
     </span>
     <span class='ocr_line' id='line_1_40' title="bbox 208 4404 956 4476; baseline -0.008 -13"><span class='ocrx_word' id='word_1_335' title='bbox 208 4410 292 4464; x_wconf 81' lang='lat' dir='ltr'>solor</span> <span class='ocrx_word' id='word_1_336' title='bbox 313 4408 342 4464; x_wconf 80' lang='lat' dir='ltr'>S.</span> <span class='ocrx_word' id='word_1_337' title='bbox 357 4407 461 4476; x_wconf 70' lang='lat' dir='ltr'>(tyrill.</span> <span class='ocrx_word' id='word_1_338' title='bbox 473 4407 554 4461; x_wconf 85' lang='lat' dir='ltr'>lqu.</span> <span class='ocrx_word' id='word_1_339' title='bbox 568 4408 590 4461; x_wconf 93' lang='lat' dir='ltr'>l.</span> <span class='ocrx_word' id='word_1_340' title='bbox 601 4407 652 4461; x_wconf 77' lang='lat' dir='ltr'>xl.</span> <span class='ocrx_word' id='word_1_341' title='bbox 665 4423 688 4461; x_wconf 88' lang='lat' dir='ltr'>c.</span> <span class='ocrx_word' id='word_1_342' title='bbox 703 4406 730 4458; x_wconf 80' lang='grc'>5.</span> <span class='ocrx_word' id='word_1_343' title='bbox 746 4405 777 4460; x_wconf 81' lang='grc' dir='ltr'>Τ.</span> <span class='ocrx_word' id='word_1_344' title='bbox 790 4406 840 4462; x_wconf 80' lang='lat' dir='ltr'>lv.</span> <span class='ocrx_word' id='word_1_345' title='bbox 849 4424 878 4476; x_wconf 82' lang='lat' dir='ltr'>p.</span> <span class='ocrx_word' id='word_1_346' title='bbox 894 4404 956 4460; x_wconf 76' lang='grc'><strong>952.</strong></span> 
     </span>
    </p>
   </div>
   <div class='ocr_carea' id='block_1_4' title="bbox 0 0 1594 4944">
    <p class='ocr_par' dir='ltr' id='par_1_9' title="bbox 0 0 1594 4944">
     <span class='ocr_line' id='line_1_41' title="bbox 0 0 1594 4944; baseline 0 1"><span class='ocrx_word' id='word_1_347' title='bbox 0 0 1594 4944; x_wconf 95' lang='lat' dir='ltr'> </span> 
     </span>
    </p>
   </div>
  </div>
 </body>
</html>
