3172 4950
712 323 750 337 -
771 290 832 352 258
853 323 892 337 -

213 402 433 493 Quapropter
449 400 513 469 illo
528 421 614 489 opus
625 398 812 468 habuimus
824 398 975 485 doctore,
990 397 1051 492 qui
1063 397 1151 469 haeo
1161 398 1257 470 olsrs
1267 398 1371 470 seirat

212 510 368 601 Spiritus
380 510 471 578 enim
484 509 609 592 omnia,
624 507 754 600 inquit,
769 513 963 593 serutatur,
981 507 1088 577 etism
1104 508 1281 600 profunda
1291 507 1372 578 Deis

211 619 397 708 Chrysost.
414 619 440 686 l.
455 641 485 686 o.
501 642 537 686 n.
552 618 585 685 3.
600 617 635 687 4.

279 727 425 795 Constat
447 727 567 819 itaque
590 749 659 795 non
682 724 794 794 solum
811 749 885 795 esse
903 725 941 794 in
956 723 1098 794 infinito
1115 724 1273 795 rationes
1284 747 1379 817 supro

211 835 429 905 intellectum
452 835 603 918 finitum,
622 840 658 902 et
673 833 879 904 nominatim
902 857 1011 925 supra
1032 834 1254 905 intellectum
1269 834 1380 904 humo·

211 966 296 1011 num
318 943 357 1010 in
386 949 462 1012 tots
492 942 703 1032 perfectione
733 941 891 1010 naturali
922 943 1201 1030 consideratum
1227 943 1289 1012 sed
1317 965 1382 1013 esso

212 1049 409 1119 huiusmodi
433 1049 730 1141 superrationales
745 1050 916 1120 veritates
931 1050 1071 1143 aliquas
1082 1050 1263 1121 revelatas
1277 1073 1301 1119 a
1314 1049 1382 1143 Spi-

211 1159 286 1229 ritu
310 1159 450 1245 Sancto,
476 1159 537 1251 qui
559 1159 655 1228 solus
678 1181 738 1227 eas
760 1158 974 1228 naturaliter
997 1158 1112 1229 novit.

278 1268 310 1337 2·
334 1269 408 1336 Hae
423 1291 478 1337 res
492 1275 529 1337 et
544 1267 726 1351 veritates,
745 1289 834 1359 quas
850 1267 894 1334 ab
908 1266 1077 1357 Apostolo
1093 1266 1268 1336 dicuntur
1283 1296 1302 1332 a
1313 1291 1383 1360 pro-

211 1377 322 1452 fundu
344 1378 411 1446 Dei
424 1405 441 1440 r
468 1398 505 1440 τα
520 1371 609 1459 batn
622 1395 673 1438 tou
685 1376 759 1439 acco
776 1375 812 1442 in
831 1374 1047 1465 oppositione
1062 1375 1107 1444 ad
1124 1404 1141 1439 a
1152 1384 1278 1445 notum
1292 1377 1381 1447 Dei»

210 1480 243 1548 τό
260 1506 392 1574 yona-sco
409 1505 459 1548 roo
472 1483 545 1547 &eoo
561 1485 674 1570 (Rom.
693 1483 724 1551 Ι.
734 1483 804 1571 19),
823 1484 861 1551 in
884 1490 1049 1553 contextu
1072 1483 1209 1553 direote
1220 1492 1260 1555 et
1281 1485 1383 1578 expli·

210 1594 279 1663 cita
301 1593 469 1662 dicuntur
492 1591 663 1682 mysteria
693 1591 961 1681 redemptionis,
987 1591 1025 1659 in
1048 1590 1249 1663 bisantem
1279 1595 1383 1684 prino

209 1701 285 1770 loco
308 1699 471 1769 Christus
495 1699 570 1788 ipse
589 1698 684 1767 «Dei
699 1698 817 1767 virtus
833 1705 869 1768 et
884 1697 950 1768 Dei
966 1698 1140 1788 sapientia
1152 1725 1171 1761 n
1190 1700 1255 1787 (ib.
1270 1700 1302 1770 Ι.
1316 1701 1381 1788 24),
1401 1704 1407 1713 “

210 1815 252 1878 nt
272 1808 343 1876 iarn
366 1807 454 1874 satis
477 1806 746 1875 deelaravimus.
772 1805 892 1895 Igitur
909 1805 1085 1896 profunda
1106 1807 1175 1875 Dei
1190 1830 1282 1900 qnae
1296 1808 1383 1879 solus

211 1915 368 2008 Spiritus
390 1922 582 1999 serutatur,
608 1937 677 1982 non
700 1914 942 1983 tantummodo
965 1920 1050 1983 sunt
1064 1914 1179 1984 libera
1193 1917 1383 1987 oonsilisot

210 2046 315 2114 opera
338 2023 627 2092 sanctificationis
650 2023 695 2092 ad
718 2028 842 2110 extra3
873 2022 934 2092 sed
964 2022 1001 2090 in
1025 2022 1151 2091 intima
1181 2023 1301 2095 radios
1326 2025 1378 2097 bo.

209 2155 288 2202 rum
312 2131 537 2200 consiliorum
559 2131 868 2216 sanctificandum,
899 2131 1075 2220 protunda
1099 2131 1186 2218 Dei,
1210 2156 1300 2226 quae
1315 2133 1375 2205 sin

208 2263 267 2310 eor
289 2238 440 2307 hominis
463 2261 531 2306 non
554 2237 786 2306 ascenderunt
806 2264 838 2323 n,
867 2266 884 2301 u
903 2259 991 2329 qnae
1018 2260 1040 2305 a
1068 2240 1209 2309 sasonlo
1236 2265 1304 2311 non
1325 2263 1377 2312 sn·
1405 2272 1414 2325 ,·

208 2349 352 2419 dierunt
362 2370 471 2440 neque
494 2352 734 2437 perceperunt,
759 2347 857 2415 Deus
879 2348 1008 2438 absque
1031 2353 1067 2417 to
1084 2374 1117 2433 o,
1145 2376 1163 2412 u
1181 2372 1271 2441 qnae
1292 2370 1384 2420 neno·
1411 2336 1414 2403 i

208 2457 385 2546 cognovit,
411 2455 480 2524 nisi
505 2455 661 2545 Spiritus
685 2455 749 2524 Dei
764 2483 795 2540 o,
822 2460 908 2523 sunt
929 2455 1035 2523 etiam
1057 2461 1094 2525 et
1117 2456 1258 2548 quidem
1281 2459 1375 2549 prino

207 2565 283 2634 looo
311 2564 407 2653 ipsae
429 2562 619 2632 relationes
653 2562 831 2648 internae,
857 2563 975 2648 Pater,
999 2563 1142 2650 Filius,
1167 2571 1205 2635 at
1235 2565 1372 2658 Spiritus
1404 2618 1407 2623 -

209 2672 371 2743 Sanetus.
800 2726 803 2731 Α

275 2781 370 2850 Haeo
392 2787 464 2848 tam
488 2778 620 2847 diserta
636 2777 797 2846 doctrina
813 2776 975 2868 Apostoli
992 2778 1034 2848 de
1049 2777 1369 2872 improportionoin·

208 2888 373 2959 tellectus
403 2888 513 2957 oreati
543 2887 587 2955 ad
611 2886 783 2975 mysterio
806 2908 889 2975 pras
923 2886 1035 2956 oculis
1067 2887 1228 2959 habenda
1250 2897 1318 2977 ost,
1339 2893 1372 2958 nt

208 2997 333 3066 melius
357 2996 581 3085 intelligatur
605 2994 688 3062 ordo
718 2994 1010 3086 superrationalis
1034 2995 1073 3065 in
1095 2996 1172 3065 illis
1194 2997 1303 3085 loeis,
1323 2995 1370 3066 ubi

209 3104 341 3175 direote
365 3104 406 3173 de
429 3104 661 3174 relationibus
684 3124 725 3172 ao
748 3103 906 3194 personis
931 3103 1065 3174 divinis
1088 3128 1203 3177 sermo
1225 3114 1298 3178 ests

430 3264 559 3334 natta.
574 3265 639 3334 xr.
658 3263 781 3333 25-27.
797 3266 842 3333 ef.
862 3264 948 3333 nuo.
966 3265 1012 3334 n.
1031 3265 1088 3336 21.
1104 3266 1162 3336 22.
1407 3228 1414 3353 l

242 3519 245 3523 ,
276 3424 448 3496 Confiteor
477 3427 542 3495 tibi
579 3431 704 3513 Pater,
733 3429 878 3497 Domina
911 3426 999 3498 coeli
1030 3436 1066 3498 et

1088 3435 1371 3575 ircosus-tt
1412 3440 1414 3445 Ι

207 3541 335 3620 terrae,
362 3536 445 3626 quia
467 3535 680 3604 abscondisti
704 3536 789 3606 haeo
811 3535 1065 3625 asapientibus
1088 3564 1096 3620 <

1086 3594 1350 3746 t2o311.s.1t

208 3650 245 3713 et
266 3644 498 3735 prudentibus
525 3639 599 3730 (ἀπο
616 3666 712 3735 copon
732 3673 784 3710 και
801 3644 956 3734 onustos),

275 3759 312 3821 et
333 3751 501 3820 revelasti
523 3774 564 3820 ea
579 3753 750 3842 parvulis.
768 3755 838 3840 Ita,
852 3755 969 3843 Pater,
984 3779 1066 3850 quo-

91 3874 100 3887 ·
208 3856 303 3926 niam
326 3858 377 3926 sio
408 3858 481 3926 luit
510 3859 680 3948 plaoitum
710 3869 792 3931 ante
822 3871 859 3934 ta
893 3863 953 3953 (ότι
977 3865 1067 3941 boto<
1089 3825 1374 3950 <1·c⁰¹'·1·18·²4'

210 3960 323 4052 ἐγενετο
342 3959 463 4028 intesta
481 3967 653 4057 ἐμπρεσθεν
671 3966 756 4052 σου).
1088 3919 1164 4079 (27⁸
1177 3921 1234 4012 3⁰3
1249 3917 1374 3993 ΠΛ

278 4070 400 4139 Omnia
423 4075 510 4139 miti
542 4073 677 4141 tradita
700 4093 781 4144 sunt
804 4103 826 4144 o
850 4080 959 4147 Patro
982 4104 1063 4151 meo.

209 4178 264 4248 Et
285 4202 378 4245 nemo
409 4184 506 4247 novit
528 4182 682 4265 Filium,
706 4188 778 4253 nisi
802 4189 931 4272 Pater-5
959 4215 1067 4282 oeque
1108 4225 1213 4297 1001·
1234 4222 1363 4298 119·ss

209 4286 349 4355 Patrem
373 4290 452 4378 quis
473 4291 590 4373 novit,
614 4295 686 4359 nisi
715 4294 852 4381 Filius,
877 4312 910 4365 et
933 4300 990 4365 oui
1011 4322 1067 4367 oo·
1133 4277 1141 4295 ⁹
1216 4277 1225 4298 ⁰
1276 4279 1285 4300 ⁰
1365 4270 1373 4293 ι

209 4393 315 4463 luerit
336 4395 454 4464 Filius
476 4399 638 4468 revelare.
