3180 4944
206 440 240 509 q.
267 415 322 493 rt,
337 420 459 508 penu.
490 415 523 489 1,
545 421 587 491 et
604 415 669 509 pei
688 309 844 506 suffio
869 415 959 489 eaeo
982 414 1180 487 deelaravit
1197 415 1268 523 ilar

204 523 490 614 Aguuetheoi.
502 523 705 595 &Ausoba
719 525 760 598 Τ.
771 525 801 594 Ι.
818 524 908 615 disp.
924 524 1078 615 sadisp.
1093 522 1268 595 elenae

207 632 253 701 ei.
272 629 491 720 T.11.eiisp.
511 630 565 701 te.
591 631 670 708 Non
694 631 797 717 dno,
822 632 860 701 in
883 631 1022 707 notione
1044 629 1217 701 essentiae
1240 629 1268 699 ir

206 736 401 815 necessario
423 739 593 815 notionem
615 760 793 830 personae;
812 737 872 807 sed
894 737 984 822 dieo,
1010 736 1181 807 rationem
1202 735 1268 809 ille

206 843 370 925 ieelivlm
392 867 481 937 quae
503 846 700 938 corripitur
722 847 861 921 ustione
883 846 1053 917 essentiae
1077 843 1217 912 divinae
1232 848 1268 933 (n

206 950 409 1044 iuseumque
431 953 600 1031 attributi
622 954 790 1042 absoluti)
813 977 888 1026 esse
911 954 1043 1040 telem,
1073 960 1116 1022 ut
1146 951 1268 1024 realits

207 1058 328 1130 eludat
349 1066 386 1128 et
407 1063 587 1150 supposito
608 1063 816 1131 revelatione
836 1083 879 1136 se
901 1061 969 1135 fide
992 1061 1145 1133 iudicari
1173 1061 1268 1131 debe

207 1165 350 1237 eludens
371 1165 541 1247 rationem
563 1169 774 1255 relativum,
798 1190 1030 1261 personasque
1053 1169 1205 1253 Patrem,
1228 1166 1268 1237 ri

207 1277 379 1370 Spiritum
400 1273 581 1358 Suetuu·
603 1279 646 1356 Si
669 1302 752 1349 vero
779 1278 1019 1362 iudicaretur,
1054 1277 1256 1351 realitatem

207 1387 374 1467 obiioitur
396 1389 579 1480 oonoeptui
595 1388 736 1465 divinae
751 1387 921 1458 essentiae
936 1384 1008 1474 (vel
1023 1384 1191 1458 attributi
1208 1383 1268 1455 abe

205 1516 280 1567 esee
303 1496 517 1567 abstractam
534 1498 751 1587 praestatores
774 1495 941 1565 obieete'eo
962 1493 1039 1577 ita,
1058 1499 1102 1562 ut
1122 1515 1191 1562 nou
1215 1491 1268 1563 ine

207 1623 395 1691 personss3
422 1601 455 1670 is
476 1623 545 1680 nou
567 1609 660 1675 esset
683 1607 870 1693 conseptus
891 1601 1063 1673 essentiae
1086 1599 1268 1682 disisam

206 1705 377 1791 ipdieium
398 1713 491 1778 esset
514 1708 651 1786 omnino
669 1708 810 1785 falsum.

273 1814 329 1887 Ex
353 1814 409 1885 hie
431 1815 617 1905 principiis
640 1816 798 1907 sequitu
820 1814 950 1891 solutio
974 1812 1172 1916 propositae
1200 1832 1268 1905 que

207 1922 274 1999 nis.
301 1921 340 1992 Si
363 1924 455 1993 ratio
478 1945 645 2015 persam
669 1946 730 1993 eeu
753 1923 941 2001 relationes
957 1921 1210 1997 substantiales
1224 1943 1268 1991 se*

206 2028 375 2119 prietates
386 2031 584 2121 personales
596 2035 698 2123 (quae
712 2032 825 2109 omnia
840 2031 930 2105 idem
943 2028 1162 2120 significant)
1174 2028 1268 2099 sieut

207 2159 244 2207 ue
268 2142 390 2207 mutuo
412 2138 465 2207 ita
487 2140 531 2208 ab
560 2138 712 2215 essentia
742 2137 887 2218 realiter
918 2139 1246 2228 distinguerentur,

208 2244 293 2329 adeo
315 2252 407 2315 esset
428 2246 649 2338 quaternitas
672 2251 728 2333 (ut
750 2247 871 2317 Abbas
901 2244 1055 2319 Iosehim
1085 2267 1129 2314 ex
1153 2243 1268 2313 unitat

207 2352 337 2435 marios
348 2354 522 2425 esseutiae
538 2362 575 2425 et
590 2355 768 2429 Trinitete
783 2376 1009 2446 personarum
1024 2353 1187 2447 consequi
1199 2357 1268 2444 put

207 2464 282 2545 tuus
305 2483 387 2533 eane
410 2463 563 2541 essentia
586 2462 690 2535 simul
707 2485 783 2532 oum
801 2460 1065 2552 personalitate,
1084 2466 1122 2531 et
1137 2482 1159 2529 a
1174 2459 1268 2535 forti<

204 2568 322 2651 ‘sautia
344 2569 449 2638 simul
473 2593 550 2643 oum
573 2569 689 2640 tribus
704 2569 861 2660 personis
882 2569 964 2660 plus
980 2566 1204 2659 perfeetionis
1227 2589 1268 2638 eo

208 2674 374 2759 taederet
386 2728 395 2763 ‚
420 2698 523 2770 quam
546 2677 698 2753 essentia
720 2699 781 2767 per
805 2699 841 2745 se
861 2675 938 2753 sola
953 2675 1011 2745 vel
1035 2675 1197 2764 singulae
1213 2697 1268 2764 pen

207 2805 380 2872 seersum
406 2785 471 2855 hoo
494 2807 577 2865 uero
597 2783 675 2875 ipso
699 2806 808 2876 neque
831 2783 982 2853 essentia
998 2805 1107 2875 neque
1124 2780 1268 2871 singule

208 2894 314 2973 sones
334 2899 370 2962 et
390 2898 639 2985 eousequeuter
661 2915 723 2962 nee
747 2913 862 2962 omues
885 2915 1051 2983 personae
1066 2892 1171 2959 simul
1194 2913 1268 2962 esse

208 2999 347 3071 finitum
369 3001 458 3071 Esse
480 3000 769 3092 comprehendens
792 3006 901 3069 totam
924 2999 1177 3091 plenitudinem
1194 3000 1268 3069 Eat

208 3108 284 3171 eino·
306 3107 369 3196 (l),
394 3114 431 3187 et
453 3107 597 3199 proinde
620 3109 694 3199 ipse
718 3113 904 3198 conceptus
930 3106 997 3177 Dei
1026 3112 1268 3197 perverteretu

207 3213 358 3297 essentia
379 3214 503 3297 ,divina
525 3239 595 3287 uua
618 3217 803 3309 eademque
820 3223 875 3287 est
896 3222 971 3287 tum
995 3216 1194 3287 absolutum
1211 3221 1268 3290 tun

208 3342 274 3412 que
303 3323 453 3395 alterius
483 3324 706 3416 perfeetionis
728 3324 905 3395 additione
929 3323 1043 3412 (nihil
1071 3322 1163 3397 euim
1194 3328 1268 3413 pert

207 3431 263 3501 uis
284 3432 425 3502 divinae
448 3440 549 3503 extra
572 3433 683 3524 ipsam
707 3457 782 3502 esse
804 3433 862 3505 vel
886 3433 1020 3524 oonoipi
1042 3436 1171 3523 potest)
1197 3430 1268 3503 sisu

208 3545 245 3611 et
266 3540 455 3611 relativum
470 3541 588 3627 Pater,
614 3547 650 3619 et
672 3540 861 3618 relativum
874 3539 1003 3624 Filius,
1029 3545 1067 3611 et
1088 3537 1268 3611 relativus

208 3648 301 3733 ritus
325 3650 486 3731 Sapetus:
516 3675 618 3725 uene
640 3675 768 3721 wama
790 3674 856 3732 ree,
872 3670 962 3741 quae
983 3653 1039 3722 est
1060 3648 1178 3731 Pater,
1204 3646 1268 3720 Fu

209 3755 364 3846 spititue
388 3756 562 3843 Sanetus,
589 3771 655 3835 ereo
677 3757 781 3835 simut
797 3779 966 3847 personae
993 3769 1028 3829 et
1050 3754 1228 3846 quaelihet
1250 3777 1268 3821 e

209 3861 326 3943 droun
350 3863 443 3945 Duru
473 3865 587 3954 igitur
620 3863 775 3956 eoueipio
798 3864 980 3943 formalem
1003 3862 1175 3935 rationem
1208 3883 1268 3937 aas

209 3990 269 4053 seu
292 3970 467 4057 ebetluti,
492 3994 561 4051 uou
582 3972 723 4065 quidem
744 3970 909 4062 explieite
927 3970 1082 4061 coneipio
1097 3968 1268 4046 relati-vui

209 4081 325 4163 tuanen
347 4079 504 4169 ooueipio
526 4080 589 4164 io,
614 4080 705 4172 quod
728 4101 770 4151 ex
794 4079 987 4149 intrinseoa
1018 4078 1074 4147 sui
1096 4077 1233 4154 satione
1265 4100 1268 4144 :

279 4237 322 4316 (ll
340 4242 433 4310 3¹²²ss
453 4244 650 4308 tutatores
672 4245 739 4306 vile
752 4245 782 4299 iu
803 4245 897 4301 Ttact.
919 4243 953 4299 de
973 4245 1041 4310 Deo,
1063 4244 1112 4298 ubi
1133 4243 1268 4310 epirum

209 4335 352 4404 mmm
370 4335 576 4405 monstratos,
599 4351 671 4405 quae
689 4337 732 4400 stt
747 4339 854 4399 artum
870 4334 1007 4391 indicium
1028 4336 1057 4386 et
1078 4331 1268 4388 consectatur

210 4424 339 4480 tutionis.
