3172 4950
207 417 309 466 sones
332 401 406 466 tres
427 397 617 482 numerari,
637 402 809 487 quatenus
831 395 868 464 id
892 394 983 489 quod
1004 394 1071 465 boe
1095 395 1231 468 nomine
1250 395 1344 469 inliso

207 504 426 595 designatur,
451 512 505 574 est
528 504 717 575 relativum
741 504 810 591 (cf.
827 526 934 594 supra
949 529 985 595 p.
998 505 1079 575 287.
1094 504 1208 592 282).

273 612 443 681 Putamus
459 611 578 697 etiam,
598 612 785 682 seeundum
808 611 893 682 haee
917 633 1004 704 quae
1027 613 1196 696 diximus,
1213 618 1349 702 tempera

208 719 302 792 tione
325 719 446 811 aliqua
469 720 639 809 indigere,
659 741 747 810 quae
774 719 919 811 scripsit
941 720 1111 790 Petarins
1137 719 1349 807 1.1v.c.11.,

209 827 269 895 nbi
292 826 500 896 sententiam
522 826 720 917 Augustini
750 827 913 897 refellere
935 828 1086 911 studuit,
1104 849 1208 919 quam
1232 829 1300 919 ipse
1316 830 1353 899 ils

208 935 459 1027 interpretatus
482 940 549 1017 est,
575 955 615 1004 ee
642 935 674 1003 si
697 933 734 1002 S.
753 934 858 1003 Peter
881 934 1090 1026 simpliciter
1117 935 1354 1021 docuisset,in

208 1043 279 1113 Deo
306 1072 323 1107 ι
337 1065 517 1134 personam
540 1043 585 1113 ad
609 1066 644 1113 se
668 1042 738 1113 diei
761 1066 829 1112 non
845 1044 890 1114 ed
907 1045 1070 1129 alterum,
1090 1044 1183 1137 quod
1198 1044 1355 1135 ipsnmest

208 1150 366 1221 absolute
387 1172 429 1220 ae
453 1151 640 1220 seeundum
663 1151 849 1221 essentiam
873 1151 931 1220 vel
954 1152 1189 1221 substantiam
1219 1152 1288 1221 diei
1305 1174 1356 1221 non

209 1259 397 1330 seeundum
419 1258 636 1344 relationem,
654 1286 670 1321 n
696 1265 738 1327 ut
759 1258 929 1329 Petevius
955 1259 1126 1352 loquitur.
1150 1260 1217 1329 Ait
1243 1258 1384 1351 quiden,

208 1366 445 1459 Augustinus:
474 1395 491 1430 ι
509 1373 552 1436 ut
575 1367 773 1437 substantie
796 1367 914 1437 Patris
931 1367 1005 1458 ipse
1020 1367 1126 1436 Pater
1144 1373 1211 1452 est,
1228 1388 1293 1435 non
1306 1388 1357 1458 qno

208 1475 315 1544 Pater
337 1481 414 1559 est,
440 1474 500 1543 sed
523 1497 591 1567 quo
613 1484 690 1561 est;
716 1475 769 1543 ita
790 1481 827 1544 et
856 1496 1004 1566 persone
1034 1473 1156 1544 Patris
1186 1496 1253 1543 non
1281 1472 1358 1543 eliud

210 1602 312 1673 quarn
336 1581 409 1672 ipse
432 1582 538 1651 Pater
561 1589 626 1650 est:
654 1582 700 1648 ad
723 1606 757 1650 se
780 1584 908 1676 quippe
931 1580 1061 1649 dieitur
1072 1605 1237 1671 pesona,
1253 1579 1358 1651 nontd

209 1687 341 1759 Filium
364 1688 421 1757 vel
445 1688 618 1780 Spiritum
642 1689 832 1777 Sanctum,
859 1689 953 1759 sient
983 1687 1028 1758 ad
1056 1711 1093 1758 se
1124 1688 1259 1759 dieitur
1285 1688 1358 1758 Dens

209 1808 245 1868 et
268 1819 416 1889 magnus
438 1804 475 1868 et
497 1799 607 1868 bonus
629 1806 666 1868 et
688 1800 831 1868 iustus»
851 1798 878 1866 l.
893 1822 924 1868 e.
938 1822 974 1867 ιι.
990 1798 1045 1868 11.
1061 1798 1113 1868 At
1127 1820 1213 1867 vero
1227 1797 1289 1867 hoe
1301 1798 1358 1887 ipso

209 1905 300 2000 quod
317 1905 451 1975 dieitur
466 1935 482 1969 ι
496 1928 641 1996 persona
656 1906 775 1976 Patris
790 1929 864 1975 esse
881 1906 956 1998 ipse
968 1906 1073 1975 Peter
1083 1934 1114 1991 n,
1133 1929 1203 1974 non
1219 1912 1355 1995 negatur,

209 2036 288 2084 eum
304 2036 366 2104 pro
382 2036 448 2106 quo
463 2036 585 2083 nomen
604 2037 752 2104 perenm
775 2013 950 2105 supponit,
968 2036 1042 2083 esse
1057 2013 1249 2084 relativum
1263 2013 1303 2081 ud
1313 2008 1357 2081 ln·

209 2121 295 2189 lium
309 2128 345 2190 et
357 2120 527 2210 Spiritum
545 2121 724 2207 Sanctum,
734 2122 793 2191 sed
806 2122 917 2190 solnm
935 2121 1079 2206 dieitur,
1093 2121 1357 2212 nominepmm
1385 2138 1387 2149 ·

209 2229 404 2321 significari
426 2228 658 2297 subsistentem
682 2233 720 2298 in
742 2256 776 2299 se
800 2234 872 2321 ipso
896 2254 964 2299 non
986 2238 1104 2300 entem
1119 2227 1354 2299 subsistentias

209 2337 381 2423 alterius,
419 2339 509 2431 qnod
541 2339 647 2407 etiam
683 2345 780 2429 petet
813 2362 856 2409 ex
890 2339 1012 2408 addita
1043 2337 1276 2429 explicatione
1301 2336 1353 2404 Au·

210 2444 370 2538 gustini,
397 2469 463 2539 qno
486 2469 589 2517 sensu
608 2472 758 2539 persona
781 2446 827 2515 ed
850 2446 1046 2517 se-dieatur
1075 2452 1112 2515 et
1141 2470 1210 2515 non
1233 2443 1353 2515 relative

211 2555 449 2625 adulterum:
478 2555 589 2648 aquid
615 2578 722 2647 ergo,
748 2557 876 2649 inquit,
901 2578 985 2623 num
1007 2554 1134 2646 placet,
1162 2560 1204 2624 nt
1226 2553 1352 2623 dieamus

210 2662 348 2731 Patrem
372 2683 553 2752 personam
568 2683 643 2731 esse
658 2662 745 2732 Filii
768 2671 805 2732 et
820 2660 978 2753 Spiritus
995 2660 1136 2730 Sancti?
1148 2688 1165 2722 n
1190 2659 1284 2744 Quae
1296 2667 1351 2729 un·

211 2770 286 2839 dem
310 2769 425 2838 omnia
446 2769 492 2837 ad
509 2792 647 2839 sensum
666 2768 704 2839 S
719 2769 871 2837 Thomas
887 2766 1161 2859 praeclarissimi
1176 2763 1350 2859 interpretis
1382 2836 1387 2895 4

210 2876 407 2966 Augustini
430 2877 660 2945 reducuntur.

276 2982 326 3051 11.
342 2982 510 3068 Quaestio
533 2983 575 3052 de
598 2983 827 3053 subsistentis
857 2983 1018 3052 absoluta
1040 2982 1128 3068 Dei,
1154 2984 1197 3053 de
1227 3002 1291 3076 que
1307 2936 1387 3081 eli-l¹

210 3089 346 3183 quando
370 3090 581 3159 Seholestiei
610 3091 829 3181 litigabant,
855 3113 896 3161 ex
921 3090 1027 3159 dietis
1059 3091 1113 3159 ita
1146 3089 1280 3214 liquida
1296 3034 1387 3175 esbl

111 3234 115 3239 ·
211 3203 252 3266 nt
273 3197 366 3266 inter
389 3197 587 3267 Catholieos
621 3197 861 3268 controversia
891 3200 964 3266 fere
991 3220 1059 3266 non
1090 3198 1160 3267 nisi
1184 3199 1225 3268 de
1247 3194 1387 3265 nomint
1385 3254 1387 3281 2

210 3327 284 3375 esse
306 3305 429 3396 possit.
453 3305 642 3375 Durendus
673 3306 710 3374 in
734 3305 767 3373 3.
786 3305 869 3374 dist.
888 3305 921 3375 1.
947 3330 980 3398 q.
995 3304 1028 3374 2.
1047 3327 1081 3373 a.
1096 3306 1129 3374 7.
1156 3312 1193 3375 et
1215 3304 1276 3373 slii
1293 3320 1351 3371 non·
1385 3316 1387 3323 '

210 3413 302 3484 nulli
334 3420 470 3483 veteres
505 3414 705 3483 Themistee
736 3414 925 3499 docebant,
962 3414 1193 3484 «subsistere
1225 3413 1261 3481 in
1287 3404 1351 3479 diri·

209 3523 267 3593 nis
289 3547 363 3594 esse
385 3524 527 3593 unicum
550 3530 587 3593 et
617 3523 815 3592 absolutum
846 3536 1040 3615 competens
1076 3521 1234 3590 omnibns
1267 3535 1351 3612 perso

212 3634 268 3702 nis
290 3632 424 3702 ratione
448 3632 667 3702 essentiae.»
692 3632 844 3716 Etenim,
872 3631 1023 3714 aiebant,
1042 3630 1079 3699 in
1097 3631 1232 3700 divinis
1255 3621 1351 3696 eretis

212 3739 371 3813 formalis
394 3738 568 3829 suppositi
591 3739 850 3829 (hypostaseos)
873 3762 943 3807 non
966 3745 1021 3808 est
1042 3761 1103 3829 per
1133 3761 1172 3808 se
1194 3737 1352 3806 subsisten-

210 3845 264 3914 tis
286 3844 345 3914 sed
369 3852 423 3913 est
445 3845 563 3931 aliud,
589 3853 644 3915 est
667 3846 758 3913 enim
781 3845 1000 3936 suppositum
1016 3844 1215 3915 formaliter
1230 3857 1352 3936 perprt

210 3953 394 4044 prietatem
417 3952 627 4037 relativam,
654 3952 820 4022 subsistit
834 3959 949 4023 sutem
966 3976 1034 4022 non
1050 3976 1112 4043 per
1134 3953 1355 4044 proprietates

211 4059 397 4132 relativam
422 4060 483 4131 sed
505 4083 568 4152 per
590 4061 776 4130 essentiam
801 4062 858 4130 vel
882 4061 1115 4131 substantiam
1130 4090 1147 4122 ιι
1174 4061 1258 4131 ibid.
1278 4055 1371 4128 Affir-

211 4168 353 4236 mabant
378 4166 442 4234 alii
465 4167 650 4253 nonnulli,
677 4169 770 4239 inter
794 4191 879 4261 quos
903 4169 1035 4259 primus
1065 4168 1254 4238 caietanus
1276 4158 1355 4255 (inl.

211 4303 244 4370 q.
260 4272 316 4344 39.
331 4298 364 4344 a.
379 4274 428 4362 4.;
443 4274 477 4344 3.
496 4300 529 4368 q.
549 4275 582 4344 2.
602 4299 634 4345 a.
658 4276 691 4344 2.
713 4277 757 4345 ed
777 4276 826 4364 3.;
845 4303 879 4368 q.
898 4277 931 4345 3.
945 4298 1000 4346 aa.
1016 4277 1050 4346 2.
1070 4278 1128 4362 3.)
1159 4284 1196 4345 et
1225 4276 1362 4361 deineps

209 4384 337 4456 Suarez
361 4383 607 4471 (deluserunt.
625 4384 668 4455 Τ.
682 4384 713 4455 Ι.
725 4385 816 4477 disp.
830 4385 896 4457 XI.
912 4392 997 4458 seet.
1013 4385 1062 4474 ἃς
1077 4384 1120 4456 de
1144 4384 1246 4456 Trin.
1262 4384 1288 4455 l.
1303 4376 1359 4451 111.
