3172 4950
549 361 587 376 -
607 329 648 391 97
669 361 708 376 -

50 435 271 528 apparitionis
301 437 454 507 aliarum
483 457 709 528 personarum
738 458 807 505 nou
837 434 1005 505 admittit.
1031 435 1217 505 Praeterea

51 544 127 638 quod
146 545 277 613 Patres
299 543 365 614 alii
388 543 534 630 docent,
560 544 734 634 Angelum
757 546 899 612 Domini
921 565 996 614 esse
1019 542 1136 633 ipsum
1148 543 1216 611 Do·

50 655 166 722 minum
181 653 329 722 missum
341 674 363 720 a
374 652 521 721 Domino
536 674 578 723 ao
593 651 739 743 proinde
750 651 895 738 Filium,
906 651 1134 741 Augustinus
1151 649 1214 719 mi·

51 786 108 831 nus
128 766 263 831 eertum
287 761 415 847 habet,
441 760 525 853 quia
547 760 738 846 existimat,
756 782 854 851 posse
872 759 1030 849 intelligi
1051 758 1217 850 angelum

53 877 206 954 creatum,
231 890 296 959 per
318 889 419 960 quem
441 868 536 937 Dens
558 867 789 959 loquebatur;
815 873 851 936 at
873 865 951 935 ideo
979 888 1081 935 voees
1112 864 1212 934 emis-

54 999 111 1046 sas:
133 1000 198 1068 ego
221 999 300 1046 sum
321 974 416 1045 Deus
438 975 616 1045 Abraham
641 980 721 1060 eto,
747 974 875 1045 referri
891 973 1013 1066 utique
1029 973 1073 1043 ad
1090 973 1216 1058 Deum,

55 1085 310 1177 appellationem
334 1107 417 1155 vero
441 1084 573 1174 Aspeli
596 1106 664 1153 non
685 1083 756 1174 ipsi
779 1084 851 1152 Deo
866 1083 978 1152 tribui
994 1082 1054 1151 sed
1071 1081 1216 1172 spiritui

57 1200 181 1278 creato,
208 1191 312 1261 ouius
335 1189 530 1260 ministerio
552 1191 647 1259 Deus
670 1213 755 1259 usus
779 1190 829 1259 sit
850 1189 888 1258 in
920 1188 976 1257 sui
1011 1189 1213 1258 manifesta·

57 1301 146 1370 tione.
160 1301 261 1384 Quae
273 1299 392 1369 eadem
406 1298 581 1368 sententia
592 1305 646 1368 est
662 1297 698 1367 S.
708 1298 917 1386 Hieronymi
933 1297 971 1366 in
987 1296 1068 1366 Gal.
1082 1296 1211 1367 ΠΙ.19.

58 1408 140 1499 (Opp.
156 1408 198 1477 Τ.
214 1407 298 1477 VH.
309 1431 344 1498 p.
358 1406 441 1492 441)
467 1413 504 1476 et
527 1405 563 1475 S.
579 1405 745 1496 Gregorii
767 1405 814 1474 M.
840 1405 964 1475 Moral.
991 1406 1016 1474 1.
1039 1405 1212 1474 XXVIII.

59 1540 81 1585 o.
96 1518 124 1585 1:
150 1516 387 1607 «angelorum
410 1515 578 1587 vooebulo
601 1514 869 1606 exprimuntur,
897 1515 957 1608 qui
980 1514 1135 1585 exterius
1151 1513 1213 1582 mi·

59 1625 257 1711 nistrabant,
284 1631 321 1702 et
343 1623 574 1714 appellatione
589 1623 729 1691 Domini
747 1623 960 1707 ostenditur,
979 1622 1040 1715 qui
1063 1621 1215 1694 interius

59 1738 199 1823 praeerat
212 1759 229 1795 n
244 1731 394 1821 Gregor.
405 1732 453 1800 ib.
471 1756 506 1800 n.
522 1732 555 1800 7.
572 1730 646 1799 Imo
659 1736 764 1820 putat
775 1729 979 1820 Gregorius,
999 1729 1104 1799 etiem
1112 1751 1214 1799 voees

60 1840 124 1908 illas
139 1839 322 1909 sensibiles
336 1839 455 1908 Patris
471 1839 515 1909 ad
530 1839 675 1908 Filium:
698 1866 713 1902 e
732 1838 928 1908 clarificavi
943 1837 1123 1909 etiterum
1144 1836 1213 1907 ola-

59 1949 204 2034 rifioabo,
224 1976 242 2011 n
271 1977 288 2012 n
301 1948 361 2018 hio
384 1953 439 2017 est
459 1947 576 2017 Filius
599 1971 696 2018 meus
719 1945 899 2017 dileotusn
926 1953 992 2016 eto.
1019 1944 1213 2015 ministerio

60 2054 243 2144 angelorum
256 2055 368 2124 fuisse
383 2055 562 2141 formatas;
580 2076 678 2123 nemo
694 2060 809 2124 tamen
827 2052 978 2140 dubitat,
993 2055 1078 2147 quin
1094 2075 1214 2124 earum

60 2163 253 2252 signifioatio
280 2164 456 2233 referatur
488 2162 533 2233 ad
562 2183 742 2253 personam
774 2161 840 2231 Dei
869 2161 1000 2231 Patris.
1040 2161 1098 2231 Ita
1130 2184 1213 2252 ergo

60 2271 147 2337 etiam
169 2270 329 2340 visibiles
352 2271 483 2361 speeies
505 2292 535 2339 e.
551 2294 586 2361 g.
601 2269 682 2339 rubi
704 2270 863 2340 ardentis
885 2276 951 2340 eto.
970 2276 1007 2340 et
1022 2293 1135 2340 voees:
1149 2292 1214 2360 ego

60 2398 120 2445 sum
140 2379 234 2448 Deus
256 2376 436 2448 Abraham
459 2384 541 2464 sto,
567 2377 727 2470 quamvis
750 2377 914 2448 dieantur
947 2379 1090 2448 effeotae
1113 2379 1213 2447 mini·

60 2485 149 2553 sterio
170 2485 373 2576 augelorum
390 2537 398 2572 ,
413 2475 627 2571 'referuntur
649 2491 766 2554 tamen
788 2484 833 2554 ad
857 2485 1124 2575 significandam
1146 2486 1212 2556 Dei

59 2593 285 2680 praesentiam.
312 2593 355 2663 In
371 2593 591 2663 contestibus
606 2615 703 2678 ¹vero,
721 2600 763 2663 ut
779 2599 911 2662 eertum
928 2593 1033 2663 estin
1050 2592 1108 2679 iis,
1127 2616 1214 2687 quos

59 2701 201 2790 superius
223 2723 266 2770 ex
289 2700 403 2772 veteri
427 2700 649 2770 Testamento
672 2701 885 2787 citavimus,
918 2701 1121 2795 plerumque
1143 2724 1213 2770 non

59 2807 152 2877 solum
173 2810 373 2900 praesentia
395 2809 461 2878 Dei
486 2810 589 2879 unius
612 2810 672 2880 sed
695 2809 896 2882 divinarum
918 2832 1143 2902 personarum
1160 2810 1212 2880 di·

58 2913 182 2985 stinotio
198 2916 433 3006 significatur.

109 3023 206 3093 Hane
228 3023 425 3114 Augustini
449 3023 872 3094 doctrinam-distinctius
894 3025 1019 3115 putavi
1042 3047 1211 3117 exponen·

57 3130 141 3217 dom,
167 3137 209 3202 ut
231 3132 468 3223 intelligatur,
494 3139 666 3225 quatenus
682 3156 757 3203 oum
775 3132 1030 3203 vetustioribus
1045 3134 1212 3205 Patribus

57 3241 248 3311 consentiat.
263 3239 349 3309 Inde
372 3263 456 3310 vero
480 3241 631 3310 ulterius
654 3247 812 3332 apparet,
834 3242 917 3332 quid
930 3243 1148 3313 sentiendum
1164 3242 1213 3313 sit

54 3347 86 3417 de
104 3348 255 3420 recentis
278 3348 435 3441 theologi
458 3349 635 3440 singulari
658 3350 807 3441 quadam
830 3349 967 3421 theoria
983 3357 1018 3420 et
1034 3372 1211 3443 oppugna·

52 3455 132 3526 tione
156 3462 280 3526 eontra
303 3456 511 3526 sententiam
535 3456 572 3527 S.
598 3457 807 3547 Augustini.
836 3456 1033 3548 «intelligi
1062 3481 1131 3528 nou
1153 3480 1211 3548 po·

52 3569 131 3651 test,
156 3564 212 3634 ait
232 3563 316 3650 ille,
342 3585 510 3655 apparere
532 3566 643 3635 Deum
664 3562 725 3652 (τον
741 3563 825 3652 θεον)
844 3568 880 3636 h.
895 3590 925 3636 e.
943 3568 1055 3637 Deum
1078 3576 1211 3659 speeta-

50 3677 113 3742 tum
135 3678 178 3744 ut
200 3694 307 3743 uuam
329 3695 509 3765 personam
533 3675 640 3762 (forte
671 3673 788 3744 voluit
810 3675 948 3762 dicere,
980 3676 1091 3744 Deum
1114 3677 1211 3746 abso-

51 3779 113 3854 lute
128 3786 352 3875 spectatum),
370 3781 454 3874 qnia
469 3782 520 3852 sio
536 3788 710 3874 oporteret
725 3804 892 3875 apparere
910 3785 1096 3855 seeundum
1113 3808 1211 3856 suam

51 3892 227 3962 essentiam
250 3896 287 3960 et
308 3890 346 3959 in
370 3911 434 3959 sua
456 3891 631 3978 essentia,
650 3892 741 3985 quod
758 3899 945 3983 repugnat.
963 3893 1082 3985 Neque
1096 3900 1212 3984 potest

50 4020 207 4092 apparere
229 4000 325 4070 Deus
347 3999 464 4088 Pater,
489 4023 558 4070 nou
574 4000 712 4094 quidem
730 4002 771 4070 ob
787 4001 929 4094 aliquod
950 4002 1161 4071 attributum
1178 4003 1211 4073 ei

49 4107 104 4177 soli
125 4108 319 4201 proprium,
345 4108 539 4179 cuiusmodi
560 4108 698 4179 nullum
722 4116 798 4196 est,
825 4111 885 4180 sed
916 4111 999 4202 quia
1029 4110 1136 4181 Pater
1158 4119 1213 4181 est

47 4214 250 4307 principium
261 4216 299 4284 in
314 4215 456 4302 deitate,
468 4222 503 4286 et
519 4216 603 4308 quia
617 4239 754 4287 neeesse
772 4222 864 4286 esset
879 4238 956 4287 oum
973 4217 1078 4287 Patre
1094 4240 1210 4287 omnes

45 4340 200 4409 personas
233 4329 270 4391 et
302 4321 452 4416 preinde·
481 4322 594 4414 ipsam
633 4323 791 4395 divinam
828 4330 991 4412 naturam
1026 4314 1217 4415 apparere,

46 4426 182 4514 Quando
210 4453 296 4523 ergo
325 4431 551 4523 Augustinus
585 4431 832 4523 theophaniam
855 4432 994 4515 ¹diserte
1029 4433 1136 4503 etium
1165 4431 1210 4503 ad

1066 4577 1085 4628 9
