3172 4950
636 353 675 367 ..
694 320 755 382 237
776 351 814 366 -

202 431 254 500 As
276 429 400 499 modus
415 427 481 499 hoo
496 427 610 521 ipsum
628 426 831 499 declarandi
846 427 938 518 apud
955 424 1112 496 diversos
1129 423 1311 514 theologos

189 538 241 609 lde
266 538 434 608 diversus
457 542 522 609 est.
538 537 670 608 Nostra
699 535 887 626 explicatio
910 557 953 603 ex
976 535 1161 626 principiis
1176 533 1311 624 exposi-

217 646 255 714 in
285 646 459 716 'l'raotatu
490 645 531 715 de
558 646 630 716 Deo
653 645 852 715 deducitur.
870 642 985 712 Unum
1009 643 1187 712 inlinitum
1210 641 1309 724 Erre,

189 777 291 825 ares
313 760 371 840 (ut
391 752 551 846 loquitur
574 753 676 823 Cone.
699 753 818 822 Later.
842 750 925 838 VI.)
950 756 1004 820 est
1027 750 1131 819 simul
1155 751 1311 818 absoluto

194 864 360 932 relativa.
390 861 440 931 Ut
472 868 527 932 est
557 862 738 944 absoluto,
768 866 822 930 est
844 882 885 930 ee
908 858 1040 930 dicitnr
1070 880 1141 928 una
1172 858 1312 928 infinita

189 972 315 1058 entia;
341 976 515 1063 quatenns
547 976 602 1039 est
631 970 805 1052 relativa,
830 992 899 1037 non
925 973 980 1037 est
1006 990 1069 1037 neo
1096 988 1171 1037 esse
1197 973 1313 1057 potest

190 1102 246 1148 um
272 1076 465 1147 relativam
491 1075 685 1169 (siqnidem
708 1075 835 1146 relatio
863 1074 913 1143 ibi
939 1080 994 1143 est
1012 1073 1058 1143 ad
1084 1073 1182 1143 intra
1206 1073 1312 1143 unius

204 1187 384 1273 alterum),
411 1184 471 1255 sed
494 1207 537 1254 ex
559 1185 753 1255 intrinseca
776 1185 876 1253 illius
899 1183 1070 1253 essentiae
1100 1205 1141 1252 ao
1163 1190 1312 1254 naturae

189 1295 348 1366 cessitate
371 1300 455 1364 sunt
476 1302 550 1364 tres
572 1293 717 1364 relativi
740 1294 856 1379 Pater,
875 1292 1004 1377 Filius,
1026 1291 1184 1383 Spiritus
1205 1291 1310 1362 Sano-

189 1429 200 1473 ι
221 1404 317 1473 inter
340 1424 376 1471 se
399 1401 561 1472 distincti
584 1403 649 1471 sub
678 1401 819 1471 formali
841 1399 977 1470 ratione
992 1399 1233 1482 relativorum,
1251 1400 1313 1493 qai

189 1511 207 1579 b
228 1510 371 1579 formali
394 1508 532 1577 ratione
553 1508 731 1595 absoluti,
757 1515 798 1578 ut
821 1507 953 1578 dictum
976 1513 1052 1592 est,
1078 1512 1153 1576 tum
1177 1504 1312 1598 singuli

189 1643 216 1687 m
240 1639 357 1686 omnes
380 1615 486 1685 simul
510 1622 679 1686 suntuna
702 1615 873 1686 essentia:
897 1646 913 1679 u
927 1615 1044 1685 eadem
1060 1615 1312 1708 essentiaquae

205 1727 308 1796 Patre
332 1731 388 1794 est
409 1723 624 1815 paternitas,
650 1725 688 1794 in
711 1724 806 1793 Filio
837 1731 891 1793 est
919 1723 1081 1792 filiatio»
1118 1722 1155 1792 S.
1182 1722 1249 1791 Th.
1276 1723 1309 1793 1.

198 1834 250 1904 42.
264 1855 298 1903 a.
311 1833 345 1902 6.
363 1833 407 1901 ad
421 1831 455 1900 ὃ.
466 1832 591 1924 Itaque
614 1854 670 1902 res
693 1832 812 1901 eadem
824 1829 978 1900 existens
994 1829 1098 1898 simul
1114 1836 1155 1899 nt
1168 1850 1239 1898 una
1254 1830 1312 1898 ab·

189 1941 260 2011 luta
281 1939 435 2011 essentia
460 1946 497 2009 et
523 1946 564 2009 ut
590 1941 687 2011 trina
702 1938 949 2009 substantialis
964 1938 1091 2008 relatio
1107 1960 1168 2008 sen
1184 1944 1226 2007 ut
1239 1943 1312 2008 tres¹

189 2047 287 2119 lativi
311 2048 356 2117 ad
379 2047 555 2134 invicem,
581 2071 650 2118 non
672 2052 789 2138 potest
811 2067 834 2114 a
855 2046 954 2116 nobis
979 2068 1048 2115 nno
1072 2051 1239 2136 conceptu
1261 2045 1312 2114 in·

188 2155 283 2247 lligi;
302 2154 363 2225 sed
379 2155 473 2224 alius
496 2161 549 2225 est
573 2161 771 2246 conceptus,
791 2154 848 2223 eui
863 2153 1048 2245 respondet
1071 2174 1113 2222 ea
1128 2176 1183 2223 res
1198 2159 1241 2223 ut
1256 2154 1314 2223 alr

188 2263 259 2334 luta
281 2262 439 2351 (ethaeo
463 2268 517 2332 est
540 2285 580 2334 ao
603 2262 736 2333 dicitur
759 2261 959 2331 formalitas
974 2260 1031 2331 vel
1048 2260 1206 2330 formalis
1221 2261 1313 2331 ratio

188 2372 294 2441 soluti
318 2394 379 2441 seu
402 2371 604 2458 essentiae),
630 2377 735 2464 atque
757 2370 851 2440 alius
868 2375 922 2439 est
946 2375 1142 2461 conceptus,
1168 2369 1226 2438 cui
1257 2391 1314 2438 res

188 2479 260 2549 idem
282 2478 467 2572 respondet
491 2484 531 2548 ut
553 2478 706 2550 relativa
729 2479 804 2548 sive
828 2479 865 2547 in
889 2478 1032 2547 confuso
1056 2476 1132 2546 sive
1148 2474 1313 2547 distincte

188 2586 311 2656 tPater
334 2584 392 2654 vel
415 2583 532 2654 Filius
556 2585 612 2654 vel
637 2583 795 2676 Spiritus
811 2584 964 2655 Sanetus
981 2584 1038 2654 vel
1056 2583 1216 2652 Trinitas
1233 2583 1313 2669 (sub

188 2715 216 2762 uo
236 2701 402 2785 conceptu
425 2698 480 2763 est
502 2715 543 2764 ao
567 2692 698 2764 dicitur
722 2693 919 2762 formalitas
942 2691 1000 2763 vel
1031 2689 1189 2760 formalis
1219 2689 1312 2760 ratio

188 2800 286 2871 dativi
310 2824 372 2872 seu
396 2806 588 2892 personae).
616 2801 734 2885 Quare
764 2807 818 2873 est
848 2801 1029 2872 distinctio
1059 2799 1210 2869 rationis
1236 2821 1314 2869 oum

188 2910 368 2981 ndsnento
384 2911 421 2978 in
437 2932 475 2980 re
489 2910 582 2979 inter
598 2909 796 2979 absolutum
813 2916 849 2979 et
863 2909 1065 2995 relativum,
1085 2907 1181 2977 inter
1200 2928 1313 2978 esseu-

187 3037 231 3087 en
251 3026 287 3089 et
301 3039 495 3110 personam.
514 3018 582 3089 Est
596 3017 682 3088 haec
698 3017 881 3088 distinctio
900 3042 977 3088 cum
995 3018 1226 3085 abstractione
1231 3018 1310 3106 sor-

188 3127 231 3194 oli
246 3176 256 3209 ,
280 3149 350 3221 qua
372 3127 561 3197 essentiam
577 3127 788 3218 concipimus
804 3125 970 3219 explicite
993 3128 1067 3193 eine
1082 3149 1240 3217 repressa
1256 3150 1313 3192 no·

187 3259 236 3303 ree
257 3257 446 3328 personae,
472 3233 556 3305 lieet
578 3233 671 3304 ratio
694 3254 862 3326 personae
884 3233 922 3302 in
946 3232 1011 3302 illa
1033 3255 1071 3302 ro
1087 3240 1251 3325 concepta
1262 3233 1314 3302 in·

187 3343 307 3414 udatur
323 3340 498 3433 implicita
513 3345 580 3430 (1).
587 3342 639 3411 At
654 3342 839 3412 distinctio
855 3364 922 3410 non
939 3346 994 3411 eat
1010 3363 1088 3411 cum
1100 3344 1316 3433 praecisione

187 3453 310 3520 tiectica
332 3449 398 3537 [(ut
420 3449 572 3520 diximus
604 3449 641 3518 in
670 3450 790 3519 Tract.
816 3450 859 3519 de
886 3449 973 3536 Deo)
997 3448 1058 3536 ;h.
1082 3472 1112 3519 e.
1138 3471 1200 3519 neo
1223 3449 1315 3521 ratio

187 3559 301 3629 rmalis
323 3579 490 3650 personae
513 3557 567 3626 ita
589 3557 724 3649 concipi
746 3563 872 3649 potest,
887 3563 929 3628 ut
945 3579 1014 3627 non
1030 3557 1190 3629 includat
1205 3557 1314 3627 ratio·

187 3691 221 3736 on
240 3666 412 3738 essentiae
435 3665 487 3752 (in
511 3687 577 3758 quo
600 3664 756 3759 plerique
780 3663 936 3755 theologi
964 3666 1225 3752 consentiunt);
1252 3688 1315 3737 neo

187 3773 236 3844 ‚tio
256 3774 417 3844 formalis
439 3775 611 3844 essentiae
633 3775 685 3843 ita
709 3774 934 3865 concipienda
956 3780 1034 3860 est,
1059 3779 1184 3842 utnon
1202 3771 1314 3843 inclu-

187 3883 397 3953 strationem
419 3903 598 3975 personae.
624 3882 676 3953 De
700 3880 765 3952 hoo
791 3882 976 3972 posteriori
1006 3881 1127 3974 plures
1159 3881 1316 3974 theologi

187 3988 249 4060 iter
271 3992 465 4085 loquuntur
484 4042 492 4077 ‚
517 4013 579 4060 nos
603 3997 718 4060 tamen
734 3989 953 4081 argumentis
968 3989 1121 4059 convicti
1137 3989 1315 4083 sequimur

187 4097 233 4168 ios
244 4100 384 4186 multos,
397 4099 489 4168 inter
502 4121 588 4191 quos
601 4105 684 4167 sunt
693 4097 840 4188 Gregor.
852 4095 1067 4166 deValentia
1079 4096 1116 4166 in
1128 4097 1161 4165 1.
1174 4098 1264 4189 disp.
1275 4097 1309 4167 2.

215 4260 255 4336 (1)
272 4262 349 4330 Quid
366 4264 408 4316 eit
426 4263 495 4317 hoec
515 4263 666 4317 distinctio
689 4279 749 4316 cum
769 4260 959 4315 obstructione
972 4263 1096 4330 fmmels'
1109 4261 1145 4315 ad
1164 4261 1316 4316 discrimen

187 4354 352 4418 rescisione
374 4352 512 4405 abiectior
532 4353 637 4421 optime
657 4352 819 4407 declaratur
830 4370 865 4408 ex
880 4353 968 4420 modo,
982 4369 1037 4420 quo
1051 4369 1080 4407 se
1094 4353 1181 4407 habet
1190 4351 1308 4406 distinc-

186 4456 195 4495 ι
209 4442 334 4501 tornella
350 4444 381 4498 ln
402 4443 711 4511 transcendentelibas,
723 4445 801 4500 inter
817 4462 873 4509 ens,
898 4460 998 4508 emsa,
1021 4446 1132 4498 boreum.
