3172 4950
683 107 721 124 ...
743 75 800 139 291
824 108 862 123 .-

162 190 166 195 ·
214 198 296 267 pres
315 177 477 269 antiquos
498 178 699 249 Platonicos
721 189 796 251 tum
820 203 924 272 penes
940 185 1224 253 commentatores
1247 205 1363 254 recen-

162 310 165 347 :
211 285 300 355 tiores
321 307 430 377 usque
452 285 497 354 ad
521 286 610 355 hanc
634 294 789 358 nostram
812 295 975 369 aetatem,
991 291 1088 374 Quae
1104 289 1141 358 in
1156 290 1302 361 Platone
1318 293 1362 363 ad

164 472 168 477 ,
208 414 265 463 rem
284 400 501 483 praesentem
523 394 727 484 pertinent,
754 396 838 467 haec
862 400 934 467 fero
950 405 1044 468 sunt.
1061 399 1363 468 Incommutabilis

205 501 335 593 quaevis
357 502 504 587 veritas,
518 523 619 594 ¹qnae
642 510 697 573 est
719 505 889 574 obiectum
914 506 1137 590 intellectus,
1164 506 1364 596 appellatur

204 614 234 679 tl
260 616 315 678 est
348 609 428 676 idea
462 609 521 678 vel
555 614 701 678 coemtio
736 614 979 704 intellipihib's
1019 608 1124 701 (idea,
1147 637 1236 682 νοητη
1254 611 1359 700 decre)

204 716 233 784 in
253 717 466 807 oppositione
489 718 534 787 ad
556 741 613 787 ros
636 720 825 789 existentes
850 721 1060 807 sensibiles,
1094 723 1300 808 mutabiles,
1327 731 1364 794 et

203 824 294 895 ctiam
316 825 363 894 ad
387 825 483 916 ipsas
514 827 650 896 animas
679 848 721 898 ac
752 835 883 897 mentes
913 831 1112 899 mutabiles.
1140 831 1257 914 Quare
1287 837 1363 902 tum

204 932 408 1003 sensibilium
432 934 584 1004 omnium
607 956 667 1004 seu
683 937 920 1007 materialium
937 944 1012 1007 tum
1028 938 1268 1028 spiritualium
1284 941 1363 1009 sub·

204 1040 402 1111 unaarum
425 1063 514 1134 quae
537 1041 601 1112 hoc
623 1043 790 1113 universo
814 1045 1049 1130 continentur,
1068 1069 1151 1115 suae
1167 1053 1252 1117 sunt
1266 1048 1363 1118 ideae

204 1149 418 1218 etessentiaa
441 1149 698 1241 intelligibiles.
715 1152 825 1221 Totus
843 1154 1042 1243 complexus
1058 1155 1215 1224 idearum
1232 1178 1293 1224 seu
1310 1162 1361 1225 to·

204 1262 252 1327 tus
270 1257 353 1327 erdo
371 1257 635 1349 metaphysicns
657 1259 886 1357 essentiarum
910 1269 965 1332 est
988 1263 1036 1348 id,
1056 1263 1146 1356 quod
1162 1264 1362 1354 appellatur
1478 1306 1483 1313 -

206 1366 332 1451 ecem
355 1368 600 1458 intelligibilis
627 1365 758 1455 (κοσμος
783 1357 901 1451 venees)
922 1371 959 1439 in
976 1371 1191 1461 oppositione
1207 1371 1252 1440 ad
1268 1371 1362 1447 hunc

206 1474 1359 1569 nmdummncrecum,quicernendussensibilisosspeeasama).

207 1581 376 1651 Inordine
399 1582 464 1652 illo
487 1585 731 1676 metaphysica
756 1587 947 1657 veritatum
971 1609 1012 1655 ac
1035 1587 1161 1657 mundo
1191 1587 1363 1678 intelligi·

207 1688 258 1757 bili
277 1696 331 1760 est
353 1691 477 1783 utique
500 1698 644 1762 mutuus
660 1714 781 1778 nexus,
799 1693 982 1764 harmonia
994 1699 1030 1763 et
1049 1695 1178 1779 unitas,
1200 1717 1268 1787 qua
1284 1718 1362 1764 con·

208 1797 353 1869 stituitur
377 1821 512 1868 summa
534 1800 703 1893 quaedam
720 1802 947 1892 pulchritudo
963 1824 1004 1872 ac
1020 1802 1168 1871 bonitas.
1178 1803 1363 1873 Essentiae

208 1901 435 1996 intelligibiles
458 1928 500 1976 ac
523 1907 620 1977 ideae
643 1930 711 2000 quo
735 1915 820 1978 aunt
848 1909 1121 1990 universaliores
1143 1915 1179 1979 et
1210 1910 1362 1999 superio·

210 2032 273 2099 res,
295 2036 334 2083 eo
357 2014 479 2105 plures
502 2015 641 2086 ordines
664 2016 822 2087 idearum
838 2018 1044 2087 inferiorum
1062 2019 1126 2086 snb
1143 2039 1179 2087 se
1197 2017 1362 2108 complec-

211 2126 317 2192 tmtur
338 2130 377 2193 et
397 2123 444 2192 ad
460 2123 634 2194 unitatem
651 2126 880 2216 coniungunt.
900 2125 1002 2196 Sicut
1015 2126 1085 2194 iam
1102 2127 1139 2194 in
1155 2124 1219 2194 hoc
1235 2124 1363 2193 mundo

212 2230 346 2300 arsibili
368 2230 463 2301 solae
486 2237 617 2302 mentes
640 2238 725 2303 suut
747 2255 834 2326 quae
858 2233 1068 2323 intelligunt
1083 2240 1119 2303 st
1143 2231 1361 2323 comprehen·

213 2333 282 2406 dunt
298 2337 408 2424 ideas,
433 2338 487 2408 ita
509 2338 546 2409 in
570 2340 695 2410 mundo
719 2340 942 2432 intelligibili
965 2365 1059 2410 mens
1082 2341 1159 2432 ipsa
1185 2333 1225 2419 (ὁ
1245 2336 1358 2427 secr),

214 2445 292 2514 cuins
313 2454 446 2516 mentes
469 2448 507 2517 in
530 2449 656 2519 mundo
680 2450 839 2519 sensibili
855 2458 939 2520 sunt
954 2449 1255 2542 participationes,
1273 2471 1361 2519 eom·

164 2632 167 2647 ¹
214 2549 357 2639 plectitur
380 2576 497 2624 omncs
520 2556 617 2625 ideas
640 2579 766 2650 easque
789 2558 827 2625 in
852 2581 888 2627 se
911 2559 1011 2642 unit,
1037 2564 1142 2650 atque
1166 2557 1243 2626 ideo
1266 2579 1361 2626 mens

165 2654 170 2753 ¹,
214 2656 260 2729 ille
279 2670 330 2732 est
353 2665 537 2754 fastigium
552 2665 663 2735 totius
681 2666 800 2734 mundi
817 2664 1069 2755 intelligibilis,
1088 2671 1189 2756 pater
1204 2670 1241 2735 et
1256 2687 1362 2736 causa

165 2756 173 2853 ,i
214 2772 341 2843 eunium
367 2773 537 2843 idearum.
563 2774 731 2844 Attamen
759 2781 873 2844 mente
899 2774 977 2865 ipsa
1000 2774 1115 2845 adhuc
1143 2774 1301 2866 superior
1326 2780 1363 2843 et

165 2894 168 2951 i
214 2880 341 2950 mnium
372 2903 535 2971 suprema
558 2887 612 2951 est
636 2883 714 2951 idea
739 2884 818 2949 boni
845 2877 925 2969 (idea
947 2906 999 2948 ccv
1021 2877 1161 2973 ἀγαθον,
1185 2879 1337 2972 colymbos)
1350 2920 1367 2962 ,-

213 2983 318 3081 inqua
339 2996 376 3060 et
399 2988 478 3060 idea
500 2991 628 3060 mentis
650 2998 687 3061 et
709 2991 853 3083 proinde
877 2992 969 3061 aliae
993 3016 1109 3063 omnes
1140 2992 1360 3084 comprehen-

213 3091 333 3169 dantur.
360 3099 494 3167 Bonum
516 3105 570 3168 est
590 3100 697 3186 Deus,
724 3106 778 3170 est
800 3100 895 3171 Deus
918 3102 1024 3171 etiam
1047 3125 1138 3170 meos
1151 3152 1161 3186 ,
1186 3107 1242 3172 est
1267 3102 1363 3171 Deus

213 3203 294 3274 etiem
316 3206 462 3274 mundae
486 3208 741 3297 intellipe'bile'e.
808 3230 814 3235 ·
1364 3280 1367 3284 ,

258 3312 361 3384 Porro
384 3313 430 3382 ad
453 3314 619 3384 mundum
642 3313 839 3384 sensibilem
864 3316 955 3407 quod
978 3317 1177 3407 spectat-in
1199 3314 1262 3384 illo
1285 3315 1362 3405 ipsc

213 3427 325 3507 carte
347 3422 568 3511 distinguere
583 3421 633 3507 id,
652 3422 744 3514 quod
759 3429 815 3492 est
830 3430 944 3493 mente
960 3421 1200 3513 intelligibile,
1218 3428 1255 3491 et
1270 3422 1361 3513 quod

211 3532 249 3595 eet
267 3529 423 3599 materia.
438 3529 689 3619 Intelligibilia
712 3530 826 3599 omnia
843 3538 927 3599 sunt
941 3530 1039 3600 ideae
1063 3538 1099 3600 et
1122 3530 1295 3601 essentiae
1307 3530 1360 3598 in·

212 3633 398 3726 telligibiles
420 3656 462 3707 ac
485 3636 796 3706 incommutabiles.
815 3637 882 3705 His
905 3639 1064 3734 omnibus
1094 3637 1285 3707 abstractis
1308 3648 1362 3706 're-

212 3751 306 3814 resec
330 3743 543 3836 principium
565 3744 838 3830 mutabilitatis,
865 3748 956 3838 quod
986 3766 1049 3815 nec
1080 3747 1225 3815 formam
1256 3745 1362 3817 habet

213 3868 258 3920 ccc
276 3854 482 3945 qualitatem
498 3853 608 3922 necin
625 3876 661 3922 se
673 3853 900 3943 intelligibile
915 3860 980 3938 est,
1002 3854 1135 3947 hocque
1158 3853 1359 3944 appellatur

214 3961 335 4031 mtefia
353 3956 497 4054 (duoppee
514 3984 564 4026 και
589 3957 719 4049 ductes).
736 3962 833 4050 Ergo
849 3961 1199 4031 accedentibusideis
1215 3966 1252 4030 et
1263 3963 1360 4032 iunc-

214 4061 338 4141 b'ecum
360 4068 510 4139 materia
538 4069 653 4139 oritur
684 4068 742 4139 hic
772 4070 923 4139 mundus
954 4070 1143 4138 sensibilis.
1180 4070 1277 4160 Ergo
1303 4058 1367 4147 hic¹

215 4178 337 4249 nudus
358 4185 436 4248 tum
458 4177 498 4245 in
515 4177 694 4269 complexu
709 4183 898 4268 spectatus,
918 4184 959 4247 ut
973 4177 1232 4268 comprehendit
1247 4177 1362 4246 omnia
