3172 4950
701 350 738 363 -
759 318 821 381 580
839 348 878 366 ..

274 423 377 493 Sicut
399 422 436 491 in
458 422 615 492 naturali
638 423 930 514 omnipraesentis
952 423 1019 493 Dei
1043 443 1131 515 quse
1145 445 1188 492 ex
1204 419 1378 492 attributo

205 531 456 601 immensitatis
480 530 725 621 consequitur,
751 531 979 601 inexistentia
995 533 1039 600 'in
1062 531 1221 600 omnibus
1244 534 1378 599 creatu·

205 639 272 723 ris,
291 638 324 707 si
347 636 555 728 simpliciter
579 638 766 707 secundum
791 643 970 705 essentiam
993 639 1149 709 divinem
1174 641 1379 728 spectetur,

206 750 326 835 potest
347 743 419 813 dici
441 743 583 830 eadem,
609 749 662 812 est
686 766 768 813 vero
799 744 1039 815 diversissima
1069 743 1299 813 inexistentia
1327 762 1379 809 se·

207 852 360 921 cundum
377 843 572 941 potentiam
594 856 631 919 et
647 854 881 940 praesentiam
905 874 965 920 seu
989 852 1177 920 secundum
1209 846 1378 939 operatio·

206 981 286 1028 nem
321 967 357 1026 et
378 958 545 1028 tutelam:
571 958 624 1026 ita
656 958 938 1047 supernaturalis
972 958 1185 1026 inhabitatio
1220 954 1377 1045 Spiritus

208 1064 333 1134 Sancti
362 1064 399 1132 in
427 1062 657 1132 sanctificetis
680 1085 741 1153 per
764 1064 916 1151 gratiam
940 1069 994 1135 est
1024 1063 1161 1154 quidem
1184 1063 1221 1129 in
1244 1061 1290 1128 iis
1313 1081 1380 1126 om·

207 1171 338 1258 nibus;
363 1171 424 1240 sed
446 1171 551 1238 habet
574 1172 706 1259 gradus
728 1177 801 1239 tem
825 1170 994 1255 diversos,
1021 1192 1124 1262 quam
1147 1167 1280 1239 diversi
1297 1171 1381 1235 sunt

206 1277 341 1367 gradus
353 1278 555 1347 sanctitatis
572 1282 608 1346 et
619 1277 783 1346 donorum
797 1277 945 1367 gratiae.
964 1277 1065 1360 Quod
1076 1283 1265 1368 utrumque
1281 1281 1382 1365 patet

208 1407 253 1453 ex
276 1385 366 1476 ipsa,
379 1406 481 1478 quam
504 1385 760 1454 declaravimus
782 1392 912 1455 nature
934 1384 1212 1453 inhabitationis.
1240 1382 1382 1465 Quanta

210 1492 304 1562 enim
328 1514 410 1561 vero
427 1497 481 1560 est
496 1491 686 1561 diversitas
703 1514 772 1560 non
789 1492 887 1560 modo
905 1492 998 1560 inter
1013 1490 1301 1559 inhabitationem
1316 1487 1382 1556 Dei

211 1598 250 1665 in
274 1597 386 1666 beatis
409 1597 753 1687 comprehensoribus
775 1598 820 1667 ad
843 1597 1012 1666 visionem
1035 1603 1073 1664 et
1087 1597 1289 1664 fruitionem
1312 1594 1383 1662 iam

213 1704 417 1794 completam
440 1713 546 1796 atque
569 1704 606 1773 in
631 1705 826 1774 viatoribus
849 1706 894 1775 ad
918 1705 1122 1774 fruitionem
1138 1702 1385 1772 inchoatemet

211 1814 251 1880 in
272 1811 519 1902 dispositione,
545 1813 727 1882 sedetiam
750 1813 787 1880 in
811 1812 1070 1902 multiplicibus
1085 1811 1255 1901 gradibus
1278 1809 1383 1878 visio·

212 1919 270 1986 nis
293 1917 495 2003 beatificae,
520 1919 616 1986 etin
640 1918 836 1987 viatoribus
869 1919 913 1985 ab
947 1918 1065 1985 infimo
1099 1916 1213 2006 gradu
1247 1915 1384 2003 gratiae

213 2023 467 2093 sanctificantis
484 2046 593 2114 usqne
616 2024 661 2092 ad
685 2023 931 2114 perfectionem
955 2021 1158 2092 sanctitatis
1189 2027 1225 2091 et
1252 2021 1384 2090 cheris-

215 2137 346 2199 matum
369 2131 532 2199 maiorem
555 2152 595 2199 ac
614 2131 777 2200 maiorem
800 2132 838 2199 in
860 2129 1103 2201 indefinitum?

284 2238 378 2306 Hinc
403 2237 445 2306 1·.
462 2237 618 2327 Spiritus
641 2237 792 2307 Sanctus
815 2238 1045 2308 invisibiliter
1068 2241 1226 2309 mittitur
1249 2262 1318 2308 non
1332 2260 1385 2307 so·

216 2344 289 2412 lum
312 2345 350 2412 in
374 2343 559 2413 collatione
583 2346 714 2435 primae
738 2345 875 2434 gratiae
898 2367 959 2413 seu
982 2346 1019 2414 in
1042 2347 1293 2415 iustificatione
1308 2366 1384 2435 pec·

216 2450 368 2535 catoris,
395 2450 583 2520 sedetiam
614 2451 651 2518 in
682 2451 868 2521 collatione
892 2451 1028 2540 gratiae
1059 2452 1230 2521 secundae
1262 2474 1323 2520 seu
1345 2451 1384 2517 in

214 2565 405 2649 augmento
429 2560 568 2649 gratiae
591 2559 857 2629 sanctificantis.
875 2559 943 2628 Est
964 2560 1055 2629 enim
1072 2561 1109 2629 iu
1132 2559 1283 2630 secunda
1306 2580 1384 2648 gre·

214 2667 269 2734 tie
292 2688 405 2735 novus
431 2665 560 2735 titulus
590 2674 626 2735 et
654 2688 781 2735 novum
812 2667 925 2736 veluti
955 2667 1135 2737 vinculum
1167 2667 1385 2757 praesentiae

215 2772 367 2841 ementis
389 2773 426 2841 in
449 2778 564 2841 amato
586 2773 731 2861 (Suarez
754 2772 780 2841 l.
806 2773 891 2843 XII.
919 2797 948 2843 c.
974 2776 1007 2842 5.
1026 2798 1061 2844 n.
1087 2775 1143 2844 16.
1164 2779 1269 2865 sqq.).
1286 2774 1387 2843 Hanc

214 2881 408 2947 missionem
430 2879 468 2947 in
492 2879 645 2969 simplici
668 2885 860 2969 augmento
877 2881 1015 2971 gratias
1031 2881 1171 2972 proprie
1194 2880 1277 2966 dici,
1302 2902 1385 2948 non·

215 2985 310 3054 nulli
332 2986 471 3078 quidem
492 2995 626 3076 negant
649 2989 753 3075 (Ruiz
777 2988 868 3079 disp.
884 2988 960 3057 109.
980 2995 1064 3058 sect.
1079 2989 1145 3076 4.);
1162 3010 1278 3057 omnes
1301 3008 1385 3056 varo

217 3092 399 3176 intentur,
425 3091 463 3159 in
487 3093 763 3162 sanctificatione
797 3095 902 3163 etism
926 3094 1077 3163 secunda
1098 3093 1293 3185 peculiari,
1319 3112 1388 3184 qus

215 3198 298 3290 quis
312 3195 397 3266 licet
407 3197 477 3265 iam
500 3198 597 3266 filius
619 3200 807 3290 adoptivus
823 3200 1000 3269 inferioris
1016 3201 1150 3290 gradus
1165 3201 1203 3268 in
1226 3222 1316 3269 novo
1330 3220 1387 3268 vs-

216 3305 276 3374 lut
298 3304 418 3373 ordine
440 3325 481 3374 oo
504 3312 601 3374 stetu
624 3306 776 3375 filiorum
798 3306 865 3376 Dei
891 3330 931 3376 ac
961 3309 1064 3398 regni
1094 3308 1231 3398 gratiae
1261 3305 1388 3376 consti·

217 3412 349 3498 initur,
376 3411 516 3502 proprie
539 3412 635 3483 mitti
669 3419 705 3483 et
736 3436 825 3483 novo
860 3415 958 3484 modo
992 3414 1191 3484 inhabitare
1215 3413 1387 3504 Spiritum

218 3517 386 3588 Sanctum
409 3517 472 3608 (1).
491 3519 583 3588 Hinc
606 3520 810 3589 nominatim
833 3520 870 3589 in
894 3523 1133 3608 sacramentis,
1152 3542 1240 3614 quae
1264 3539 1387 3588 vocan-

217 3633 280 3696 tur
295 3647 317 3693 a
331 3627 503 3716 Dionysio
518 3628 784 3715 consecratoria,
802 3628 1002 3719 specialiter
1024 3629 1165 3697 Christo
1189 3646 1388 3696 consecran-

217 3734 316 3802 tibus
337 3740 374 3803 et
396 3735 691 3804 constituentibus
713 3736 750 3803 in
773 3735 944 3825 peculiari
960 3736 1135 3825 dignitate
1159 3731 1389 3818 membri,mi·

219 3841 321 3927 litis,
346 3841 502 3912 ministri
525 3841 660 3912 Christi
684 3842 876 3912 sacerdotis
900 3849 1005 3935 atque
1024 3842 1101 3911 ideo
1118 3843 1319 3911 charactere
1332 3839 1384 3907 in-

273 4014 471 4093 (nostrum
490 4021 625 4075 missione
644 4021 772 4089 Spiritus
790 4021 889 4076 Sancti
908 4019 1114 4088 suspensores
1141 4023 1207 4073 ants
1230 4018 1392 4087 passionem

218 4107 340 4176 obsisti,
360 4113 427 4177 post
443 4112 680 4165 resurrectionem
699 4115 729 4164 ct
748 4112 857 4165 demum
876 4116 942 4180 post
960 4112 1154 4166 ascensionem
1172 4111 1204 4163 in
1224 4109 1331 4162 coslum
1349 4122 1390 4161 ss·

219 4197 340 4252 cundum
360 4198 489 4254 diversos
508 4201 613 4268 gradus
632 4202 895 4257 communicationis
915 4207 1006 4268 agunt
1024 4204 1085 4254 tum
1103 4202 1204 4254 Patres
1222 4199 1286 4267 alii,
1302 4195 1390 4263 Ohry·

219 4291 370 4355 sostomus,
390 4287 519 4354 Oyrillus
530 4329 536 4356 ,
555 4289 752 4357 Augustinus,
773 4293 833 4344 tum
852 4291 998 4359 praeclare
1019 4289 1172 4355 Gregorius
1191 4287 1323 4358 Nenos·
1343 4283 1389 4336 ⁸1.

220 4377 259 4429 al.
272 4376 317 4429 87.
330 4391 359 4430 n.
371 4375 416 4431 26.
429 4379 633 4445 etexpressius
643 4393 684 4432 or.
695 4378 741 4432 41.
754 4381 792 4433 si.
806 4379 851 4434 44.
866 4394 895 4432 u.
910 4380 954 4433 11.
