3172 4950
654 297 832 359 -497-

577 475 719 537 THESIS
741 477 904 539 XXXVII.

241 628 285 690 lle
305 629 548 705 comparatione
568 630 741 688 relationis
761 627 904 703 Spiritus
924 629 1041 692 Souoti
1062 634 1107 693 ud
1119 624 1245 695 Filium

450 744 522 787 cum
542 729 700 786 relatione
721 728 805 787 Filii
825 728 869 788 ool
890 729 1035 792 Patrem.

221 900 391 954 :Sententia
402 899 543 952 catholica
556 899 672 952 Petrum
685 915 847 964 graecorum
861 901 1099 956 consentientium
1115 921 1174 958 enm
1188 908 1324 964 Patribus

181 991 291 1043 »latinis
308 991 458 1056 praeterea
476 988 633 1042 clarissime
652 991 744 1042 elucet·
763 1004 796 1041 ar
819 993 1044 1059 comparatione,
1063 1010 1146 1060 quarn
1163 997 1325 1053 instituunt

181 1080 339 1134 »relationis
358 1079 484 1145 Spirltne
512 1078 608 1131 Sancti
631 1078 667 1131 ad
685 1079 792 1132 Filium
812 1096 871 1133 oum
894 1082 1033 1134 relatione
1055 1083 1126 1135 Silii
1145 1085 1180 1136 ad
1198 1085 1321 1154 Patrem

181 1185 306 1236 rrasaque
327 1171 353 1220 1·
371 1168 479 1220 iillum
499 1170 589 1221 solum
607 1184 642 1221 ox
662 1171 721 1222 solo
740 1171 825 1223 Patre
844 1175 874 1224 ot
891 1172 1017 1238 proxime
1031 1174 1170 1240 exi'atre‚
1184 1175 1323 1241 Spiritum

193 1257 321 1311 Sanctum
340 1272 407 1310 voro
426 1271 482 1308 nou
501 1272 535 1308 ex
556 1258 615 1309 solo
636 1258 721 1310 Patro
744 1258 793 1311 sed
812 1260 982 1326 interposito
1001 1260 1078 1313 Filio
1097 1277 1128 1314 ao
1146 1277 1196 1327 per
1217 1264 1322 1317 Filium

191 1351 327 1415 originem
346 1349 450 1401 habero
469 1347 584 1414 dooent;
604 1349 630 1399 2·
650 1349 779 1401 omnibus
797 1348 898 1401 iisdem
916 1350 1077 1404 nominibus
1090 1355 1119 1404 ot
1132 1352 1323 1408 locutionibus

190 1439 293 1507 quibus
312 1438 415 1491 relatio
434 1437 556 1502 originis
575 1436 646 1489 Filii
665 1437 699 1489 ad
718 1439 831 1490 Patrem
850 1439 1029 1508 exprimitur,
1053 1439 1218 1494 describunt
1235 1443 1323 1496 etlam

187 1528 357 1582 relationem
374 1525 500 1592 Spiritus
519 1525 616 1578 Sancti
634 1526 670 1579 ad
688 1525 813 1594 Filium,
834 1530 952 1595 excepta
968 1527 1027 1581 iere
1050 1529 1112 1581 sola
1130 1531 1323 1597 appellatione

184 1618 275 1683 Silii,
298 1616 408 1683 geniti,
429 1620 459 1669 et
480 1615 712 1681 generationis.»

222 1794 253 1862 1.
274 1792 383 1861 Velut
405 1791 584 1860 character
607 1791 827 1880 distinguens
842 1812 1007 1881 personae
1021 1792 1108 1861 Filii
1123 1815 1145 1860 a
1158 1794 1323 1864 Patribus

182 1901 336 1982 aditur,
362 1899 450 1988 quod
474 1898 546 1988 ipss
569 1897 660 1963 solus
684 1913 732 1963 est
756 1922 797 1964 ex
813 1899 897 1980 solo,
924 1900 961 1969 h.
976 1902 1059 1969 aab
1083 1923 1152 1970 nna
1175 1925 1324 1994 persona

182 2009 278 2078 atris
300 2005 498 2097 procedens.
513 2005 610 2074 Unde
634 2005 790 2095 Spiritus
814 2006 933 2076 Sancti
955 2010 1167 2097 personalem
1184 2011 1323 2081 charac-

182 2138 267 2185 trem
291 2113 356 2180 hoc
378 2113 453 2201 ipso
475 2112 576 2181 aiunt
598 2112 815 2201 distinguis
846 2115 1059 2204 proprietate
1090 2117 1201 2202 Filii,
1233 2120 1324 2210 qnod

183 2223 321 2314 piritns
343 2244 411 2288 nou
435 2220 502 2285 iam
526 2242 567 2286 ex
591 2220 664 2287 solo
687 2221 790 2289 Patre
815 2221 874 2289 sed
896 2245 937 2288 ex
966 2223 1070 2292 Patre
1100 2249 1161 2313 per
1192 2226 1325 2296 Filium

182 2329 329 2399 roeedit.
344 2327 380 2395 S.
396 2325 553 2393 Basilius
575 2326 636 2393 ubi
659 2326 742 2393 data
765 2348 866 2415 opera
888 2327 1044 2395 notiones
1067 2328 1324 2418 distinguentes

182 2455 383 2506 ersonarum
407 2435 583 2518 declarat,
609 2432 780 2525 iucipiens
803 2457 823 2501 a
846 2456 991 2524 persona
1007 2437 1113 2503 tertia
1136 2437 1188 2503 ita
1210 2437 1322 2528 loqui·

182 2564 241 2610 rr:
272 2570 288 2605 a
307 2541 464 2631 quoniam
489 2539 643 2630 Spiritus
660 2541 866 2609 Sanetus...
886 2566 908 2606 o
923 2542 1017 2609 Filio
1035 2539 1170 2631 quidem
1184 2543 1323 2632 pendet,

182 2672 300 2714 socam
324 2647 515 2713 immediate
530 2648 631 2712 simul
648 2651 882 2736 coneipitur,a
898 2648 1003 2715 Patra
1020 2670 1101 2715 vero
1118 2655 1158 2717 nt
1180 2671 1201 2717 a
1218 2658 1323 2719 canat

182 2755 311 2825 audens
335 2778 401 2821 esee
423 2755 640 2840 (subsistere)
664 2756 789 2838 habet,
819 2754 908 2822 unde
931 2762 966 2822 et
989 2756 1145 2844 procedit
1153 2780 1161 2841 ;
1188 2756 1246 2825 hio
1269 2765 1324 2826 est

182 2861 349 2930 otionalis
371 2862 552 2929 character
574 2861 649 2929 cius
677 2862 902 2951 proprietatis
932 2860 1197 2951 hypostaticae,
1232 2861 1322 2954 quod

182 2983 233 3035 oat
262 2967 395 3035 Filium
417 2969 477 3055 (cf.
494 2989 601 3056 snpra
616 2993 649 3057 p.
662 2968 740 3034 448.
754 2972 823 3057 sq.)
837 2983 868 3032 et
884 2992 955 3034 mem
974 2973 1045 3055 ipso
1062 2970 1321 3056 manifestetur,

182 3083 251 3143 tex
271 3075 373 3141 Patra
396 3074 655 3141 subsistentiam
679 3074 793 3142 habet.
812 3075 928 3141 Filius
944 3082 1072 3158 antem,
1089 3077 1148 3165 qui
1164 3098 1204 3143 ex
1220 3078 1323 3145 Patre

182 3181 398 3250 recedentem
422 3181 592 3269 Spiritum
611 3204 675 3269 per
691 3205 725 3246 se
741 3184 850 3268 ipsam
865 3188 901 3248 et
931 3204 1043 3248 secum
1075 3181 1149 3271 ipso
1173 3185 1324 3251 manife-

183 3294 255 3373 at,
281 3289 372 3354 solus
394 3291 574 3375 unipeuite
596 3310 637 3354 ax
661 3288 819 3376 ingenita
843 3287 919 3355 lnce
934 3288 1106 3377 effulgens
1123 3289 1172 3373 (1)
1190 3291 1323 3359 nullam

183 3422 192 3463 ι
210 3397 425 3485 proprietate
439 3396 617 3462 notionum
634 3396 911 3464 communitatem
930 3396 1033 3464 habet
1050 3421 1126 3464 cum
1144 3399 1247 3467 Patre
1260 3411 1323 3467 aut

183 3528 234 3572 sm
260 3502 398 3591 Spiritu
422 3501 560 3570 Sancto.
581 3502 650 3584 Qui
675 3525 755 3570 vero
779 3512 832 3569 est
856 3526 959 3591 super
983 3504 1096 3569 omnia
1118 3505 1211 3571 Deus
1236 3507 1323 3590 (Pa-

207 3666 412 3718 Damascenum
440 3680 495 3715 non
517 3679 578 3716 ease
598 3664 679 3716 illum
703 3665 865 3717 monachum
889 3666 1038 3728 Ioannem,
1063 3665 1112 3730 qui
1131 3664 1247 3717 ineunte
1267 3682 1324 3717 sae·

183 3756 217 3806 ¹lo
236 3753 289 3807 IX.
311 3754 410 3804 turbas
429 3752 570 3805 excitavit
587 3760 686 3804 contra
705 3754 908 3819 processionem
931 3753 1056 3819 Spiritus
1082 3752 1177 3804 Sancti
1197 3768 1213 3802 a
1236 3752 1321 3820 Filio,

185 3842 221 3894 ds
240 3840 318 3907 apud
337 3842 463 3907 Leqnien
482 3841 673 3893 Damascenic.
695 3838 731 3912 (1.
747 3855 775 3892 n.
788 3837 910 3910 isis).

206 3926 251 4001 (l)
267 3925 375 3985 'duride
391 3949 473 3981 rossus
489 3950 516 3979 ro
537 3950 613 3998 αγιον
628 3948 775 3998 meopte...
789 3948 832 3980 του
851 3949 908 3983 otoo
922 3949 970 4000 μεν
989 3925 1140 3999 ripruruasi
1155 3925 1323 3992 ἅδιαστατως

183 4016 460 4087 spumosi-afflaverat,
481 4036 526 4076 της
544 4019 570 4070 δι
594 4035 639 4067 του
660 4035 757 4086 norm
777 4011 864 4077 οἶιτιας
886 4013 1032 4088 ε’ξημμινον
1053 4011 1108 4088 ἔχει
1125 4036 1153 4069 το
1168 4013 1240 4081 ieras,
1261 4017 1323 4072 ὅθεν

183 4101 474 4175 πῖκτοριυεταιηουτο
488 4125 655 4176 progressior
676 4125 721 4165 της
743 4126 869 4163 roratur
889 4107 1038 4160 o'rroorootr
1059 4104 1191 4170 ἰδιοτητος
1212 4129 1322 4179 cupreos

183 4214 219 4263 ves,
242 4212 271 4243 ro
291 4213 363 4263 μετα
384 4214 426 4245 ros
445 4193 500 4250 ὑιον
513 4215 556 4246 και
574 4214 620 4247 συν
642 4192 710 4262 dorp
732 4192 917 4266 γνωριζισθαι,
936 4217 978 4248 και
994 4217 1022 4246 ro
1044 4191 1070 4249 ir
1088 4217 1132 4250 rou
1149 4218 1248 4267 πατρος
1264 4199 1324 4265 όρε·

183 4305 259 4337 maus.
271 4282 303 4337 '0
315 4287 341 4336 ts
357 4283 435 4345 o'ro;o'
452 4305 480 4336 ro
495 4280 521 4337 ia
538 4304 581 4336 ror
598 4304 696 4354 πατρος
715 4279 915 4355 ι’κπορευομενον
932 4305 1035 4354 πνιυμα
1047 4285 1075 4338 δι’
1091 4287 1184 4339 iotario
1200 4307 1241 4338 και
1259 4281 1320 4354 μεθ’

183 4393 252 4427 arou
274 4370 411 4446 γνωριζων,
429 4393 508 4445 porse
527 4394 673 4445 μονογινως
694 4369 721 4426 ia
740 4394 785 4426 roo
808 4371 954 4444 &perraros
976 4390 1058 4446 φυτος
1078 4372 1220 4443 iai-apim
1236 4397 1258 4428 κ.
1269 4381 1294 4428 λ.
1380 4380 1397 4405 ”

1143 4482 1181 4531 td
