<?xml version="1.0" encoding="UTF-8"?>
<!DOCTYPE html PUBLIC "-//W3C//DTD XHTML 1.0 Transitional//EN"
    "http://www.w3.org/TR/xhtml1/DTD/xhtml1-transitional.dtd">
<html xmlns="http://www.w3.org/1999/xhtml" xml:lang="en" lang="en">
 <head>
  <title>
</title>
<meta http-equiv="Content-Type" content="text/html;charset=utf-8" />
  <meta name='ocr-system' content='tesseract 3.04.00' />
  <meta name='ocr-capabilities' content='ocr_page ocr_carea ocr_par ocr_line ocrx_word'/>
</head>
<body>
  <div class='ocr_page' id='page_1' title='image "./tractatusdedeot00frangoog/tractatusdedeot00frangoog_0154.png"; bbox 0 0 3172 4950; ppageno 0'>
   <div class='ocr_carea' id='block_1_1' title="bbox 204 309 1355 3308">
    <p class='ocr_par' dir='ltr' id='par_1_1' title="bbox 676 309 1226 373">
     <span class='ocr_line' id='line_1_1' title="bbox 676 309 1226 373; baseline -0.005 -6"><span class='ocrx_word' id='word_1_1' title='bbox 676 340 714 353; x_wconf 97' lang='lat'>-</span> <span class='ocrx_word' id='word_1_2' title='bbox 738 309 793 368; x_wconf 81' lang='lat'>141</span> <span class='ocrx_word' id='word_1_3' title='bbox 818 341 855 354; x_wconf 91' lang='lat'>-</span> <span class='ocrx_word' id='word_1_4' title='bbox 1221 360 1226 373; x_wconf 72' lang='grc'>,,</span> 
     </span>
    </p>

    <p class='ocr_par' dir='ltr' id='par_1_2' title="bbox 204 411 1355 2015">
     <span class='ocr_line' id='line_1_2' title="bbox 208 411 1351 507; baseline 0.008 -28"><span class='ocrx_word' id='word_1_5' title='bbox 208 413 262 496; x_wconf 89' lang='lat' dir='ltr'>ioe,</span> <span class='ocrx_word' id='word_1_6' title='bbox 277 411 316 482; x_wconf 90' lang='lat' dir='ltr'>ad</span> <span class='ocrx_word' id='word_1_7' title='bbox 331 413 416 482; x_wconf 88' lang='lat' dir='ltr'>baec</span> <span class='ocrx_word' id='word_1_8' title='bbox 438 413 681 484; x_wconf 73' lang='lat' dir='ltr'>revocabatur:</span> <span class='ocrx_word' id='word_1_9' title='bbox 700 416 790 507; x_wconf 90' lang='lat' dir='ltr'>quod</span> <span class='ocrx_word' id='word_1_10' title='bbox 808 421 843 504; x_wconf 84' lang='lat' dir='ltr'>a)</span> <span class='ocrx_word' id='word_1_11' title='bbox 861 423 934 486; x_wconf 92' lang='lat' dir='ltr'>tres</span> <span class='ocrx_word' id='word_1_12' title='bbox 950 423 1033 486; x_wconf 89' lang='lat' dir='ltr'>sunt</span> <span class='ocrx_word' id='word_1_13' title='bbox 1056 415 1216 487; x_wconf 90' lang='lat' dir='ltr'>distincti</span> <span class='ocrx_word' id='word_1_14' title='bbox 1232 419 1351 503; x_wconf 87' lang='lat' dir='ltr'>Pater,</span> 
     </span>
     <span class='ocr_line' id='line_1_3' title="bbox 207 520 1351 614; baseline 0.008 -26"><span class='ocrx_word' id='word_1_15' title='bbox 207 520 312 605; x_wconf 86' lang='lat' dir='ltr'>lilius,</span> <span class='ocrx_word' id='word_1_16' title='bbox 337 521 495 613; x_wconf 79' lang='lat' dir='ltr'>Spiritus</span> <span class='ocrx_word' id='word_1_17' title='bbox 517 522 686 607; x_wconf 87' lang='lat' dir='ltr'>Sanctus,</span> <span class='ocrx_word' id='word_1_18' title='bbox 711 530 747 593; x_wconf 90' lang='lat' dir='ltr'>et</span> <span class='ocrx_word' id='word_1_19' title='bbox 770 524 846 594; x_wconf 86' lang='lat' dir='ltr'>ideo</span> <span class='ocrx_word' id='word_1_20' title='bbox 869 525 1054 593; x_wconf 86' lang='lat' dir='ltr'>damnatus</span> <span class='ocrx_word' id='word_1_21' title='bbox 1076 532 1132 594; x_wconf 86' lang='lat' dir='ltr'>est</span> <span class='ocrx_word' id='word_1_22' title='bbox 1154 525 1351 614; x_wconf 87' lang='lat' dir='ltr'>Sabellius;</span> 
     </span>
     <span class='ocr_line' id='line_1_4' title="bbox 207 630 1353 722; baseline 0.004 -25"><span class='ocrx_word' id='word_1_23' title='bbox 207 630 274 722; x_wconf 88' lang='lat' dir='ltr'>qnod</span> <span class='ocrx_word' id='word_1_24' title='bbox 295 631 327 717; x_wconf 83' lang='lat' dir='ltr'>b)</span> <span class='ocrx_word' id='word_1_25' title='bbox 350 631 445 699; x_wconf 86' lang='lat' dir='ltr'>Deus</span> <span class='ocrx_word' id='word_1_26' title='bbox 468 637 647 717; x_wconf 84' lang='lat' dir='ltr'>unusest,</span> <span class='ocrx_word' id='word_1_27' title='bbox 673 638 709 701; x_wconf 90' lang='lat' dir='ltr'>et</span> <span class='ocrx_word' id='word_1_28' title='bbox 732 631 808 701; x_wconf 91' lang='lat' dir='ltr'>ideo</span> <span class='ocrx_word' id='word_1_29' title='bbox 833 631 956 701; x_wconf 90' lang='lat' dir='ltr'>divina</span> <span class='ocrx_word' id='word_1_30' title='bbox 978 637 1119 718; x_wconf 87' lang='lat' dir='ltr'>natura,</span> <span class='ocrx_word' id='word_1_31' title='bbox 1145 632 1229 702; x_wconf 91' lang='lat' dir='ltr'>licet</span> <span class='ocrx_word' id='word_1_32' title='bbox 1245 633 1293 702; x_wconf 88' lang='lat' dir='ltr'>sit</span> <span class='ocrx_word' id='word_1_33' title='bbox 1316 634 1353 702; x_wconf 91' lang='lat' dir='ltr'>in</span> 
     </span>
     <span class='ocr_line' id='line_1_5' title="bbox 207 738 1354 824; baseline 0.005 -18"><span class='ocrx_word' id='word_1_34' title='bbox 207 738 296 807; x_wconf 87' lang='lat' dir='ltr'>tribus</span> <span class='ocrx_word' id='word_1_35' title='bbox 318 739 413 807; x_wconf 88' lang='lat' dir='ltr'>inter</span> <span class='ocrx_word' id='word_1_36' title='bbox 435 761 472 807; x_wconf 91' lang='lat' dir='ltr'>se</span> <span class='ocrx_word' id='word_1_37' title='bbox 496 740 686 824; x_wconf 86' lang='lat' dir='ltr'>distinctis,</span> <span class='ocrx_word' id='word_1_38' title='bbox 714 746 906 809; x_wconf 79' lang='lat' dir='ltr'>esttamen</span> <span class='ocrx_word' id='word_1_39' title='bbox 930 739 1050 808; x_wconf 90' lang='lat' dir='ltr'>unitas</span> <span class='ocrx_word' id='word_1_40' title='bbox 1073 738 1304 810; x_wconf 87' lang='lat' dir='ltr'>indivisibilis</span> <span class='ocrx_word' id='word_1_41' title='bbox 1318 747 1354 811; x_wconf 89' lang='lat' dir='ltr'>et</span> 
     </span>
     <span class='ocr_line' id='line_1_6' title="bbox 205 841 1352 939; baseline 0.003 -25"><span class='ocrx_word' id='word_1_42' title='bbox 205 868 254 914; x_wconf 88' lang='lat' dir='ltr'>ron</span> <span class='ocrx_word' id='word_1_43' title='bbox 273 844 552 935; x_wconf 86' lang='lat' dir='ltr'>multiplicabilis</span> <span class='ocrx_word' id='word_1_44' title='bbox 579 841 709 935; x_wconf 76' lang='grc' dir='ltr'>(μονοις),</span> <span class='ocrx_word' id='word_1_45' title='bbox 735 848 887 939; x_wconf 79' lang='lat' dir='ltr'><strong>adeoque</strong></span> <span class='ocrx_word' id='word_1_46' title='bbox 907 853 981 915; x_wconf 89' lang='lat' dir='ltr'>tres</span> <span class='ocrx_word' id='word_1_47' title='bbox 997 853 1080 915; x_wconf 91' lang='lat' dir='ltr'>sunt</span> <span class='ocrx_word' id='word_1_48' title='bbox 1094 847 1189 917; x_wconf 87' lang='lat' dir='ltr'>Deus</span> <span class='ocrx_word' id='word_1_49' title='bbox 1212 850 1352 918; x_wconf 90' lang='lat' dir='ltr'>univer·</span> 
     </span>
     <span class='ocr_line' id='line_1_7' title="bbox 205 953 1353 1045; baseline 0.003 -24"><span class='ocrx_word' id='word_1_50' title='bbox 205 975 306 1037; x_wconf 84' lang='lat' dir='ltr'>urum,</span> <span class='ocrx_word' id='word_1_51' title='bbox 331 953 393 1044; x_wconf 91' lang='lat' dir='ltr'>qui</span> <span class='ocrx_word' id='word_1_52' title='bbox 416 953 453 1021; x_wconf 89' lang='lat' dir='ltr'>in</span> <span class='ocrx_word' id='word_1_53' title='bbox 477 955 589 1023; x_wconf 90' lang='lat' dir='ltr'>veteri</span> <span class='ocrx_word' id='word_1_54' title='bbox 611 961 648 1023; x_wconf 88' lang='lat' dir='ltr'>et</span> <span class='ocrx_word' id='word_1_55' title='bbox 670 977 760 1023; x_wconf 87' lang='lat' dir='ltr'>novo</span> <span class='ocrx_word' id='word_1_56' title='bbox 778 955 1000 1024; x_wconf 78' lang='lat' dir='ltr'>Testamento</span> <span class='ocrx_word' id='word_1_57' title='bbox 1015 954 1239 1045; x_wconf 87' lang='lat' dir='ltr'>praedicatur</span> <span class='ocrx_word' id='word_1_58' title='bbox 1262 979 1353 1024; x_wconf 89' lang='lat' dir='ltr'>unus</span> 
     </span>
     <span class='ocr_line' id='line_1_8' title="bbox 204 1060 1352 1155; baseline 0.001 -25"><span class='ocrx_word' id='word_1_59' title='bbox 204 1061 285 1130; x_wconf 87' lang='lat' dir='ltr'>Deus.</span> <span class='ocrx_word' id='word_1_60' title='bbox 309 1060 409 1129; x_wconf 87' lang='lat' dir='ltr'>Unde</span> <span class='ocrx_word' id='word_1_61' title='bbox 432 1062 678 1152; x_wconf 90' lang='lat' dir='ltr'>quovismodo</span> <span class='ocrx_word' id='word_1_62' title='bbox 701 1062 865 1132; x_wconf 87' lang='lat' dir='ltr'>dicantur</span> <span class='ocrx_word' id='word_1_63' title='bbox 888 1068 962 1131; x_wconf 89' lang='lat' dir='ltr'>tres</span> <span class='ocrx_word' id='word_1_64' title='bbox 985 1061 1144 1147; x_wconf 89' lang='lat' dir='ltr'>deitates,</span> <span class='ocrx_word' id='word_1_65' title='bbox 1170 1062 1243 1131; x_wconf 86' lang='lat' dir='ltr'>tria</span> <span class='ocrx_word' id='word_1_66' title='bbox 1257 1063 1352 1155; x_wconf 89' lang='lat' dir='ltr'>prin-</span> 
     </span>
     <span class='ocr_line' id='line_1_9' title="bbox 206 1167 1355 1260; baseline 0.004 -23"><span class='ocrx_word' id='word_1_67' title='bbox 206 1168 291 1260; x_wconf 86' lang='lat' dir='ltr'>cipia,</span> <span class='ocrx_word' id='word_1_68' title='bbox 315 1191 384 1236; x_wconf 92' lang='lat' dir='ltr'>non</span> <span class='ocrx_word' id='word_1_69' title='bbox 407 1167 518 1237; x_wconf 88' lang='lat' dir='ltr'>solnm</span> <span class='ocrx_word' id='word_1_70' title='bbox 542 1175 584 1238; x_wconf 86' lang='lat' dir='ltr'>nt</span> <span class='ocrx_word' id='word_1_71' title='bbox 606 1169 675 1238; x_wconf 89' lang='lat' dir='ltr'>iam</span> <span class='ocrx_word' id='word_1_72' title='bbox 698 1170 830 1260; x_wconf 86' lang='lat' dir='ltr'><strong>pridem</strong></span> <span class='ocrx_word' id='word_1_73' title='bbox 855 1171 1044 1240; x_wconf 80' lang='lat' dir='ltr'>docuerant</span> <span class='ocrx_word' id='word_1_74' title='bbox 1066 1170 1295 1242; x_wconf 79' lang='lat' dir='ltr'>Marcionitae</span> <span class='ocrx_word' id='word_1_75' title='bbox 1318 1179 1355 1241; x_wconf 89' lang='lat' dir='ltr'>at</span> 
     </span>
     <span class='ocr_line' id='line_1_10' title="bbox 205 1275 1353 1368; baseline 0.002 -24"><span class='ocrx_word' id='word_1_76' title='bbox 205 1275 250 1344; x_wconf 82' lang='lat' dir='ltr'>alii</span> <span class='ocrx_word' id='word_1_77' title='bbox 262 1275 431 1361; x_wconf 83' lang='lat' dir='ltr'>Gnostici,</span> <span class='ocrx_word' id='word_1_78' title='bbox 450 1275 632 1345; x_wconf 87' lang='lat' dir='ltr'>sedetiam</span> <span class='ocrx_word' id='word_1_79' title='bbox 644 1282 685 1345; x_wconf 90' lang='lat' dir='ltr'>ut</span> <span class='ocrx_word' id='word_1_80' title='bbox 697 1282 771 1346; x_wconf 92' lang='lat' dir='ltr'>tum</span> <span class='ocrx_word' id='word_1_81' title='bbox 788 1277 1028 1346; x_wconf 86' lang='lat' dir='ltr'>monarchiani</span> <span class='ocrx_word' id='word_1_82' title='bbox 1044 1283 1079 1345; x_wconf 88' lang='lat' dir='ltr'>et</span> <span class='ocrx_word' id='word_1_83' title='bbox 1095 1282 1215 1368; x_wconf 88' lang='lat' dir='ltr'>postea</span> <span class='ocrx_word' id='word_1_84' title='bbox 1225 1278 1353 1347; x_wconf 89' lang='lat' dir='ltr'>Ariani</span> 
     </span>
     <span class='ocr_line' id='line_1_11' title="bbox 205 1382 1353 1478; baseline 0.004 -27"><span class='ocrx_word' id='word_1_85' title='bbox 205 1382 386 1452; x_wconf 83' lang='lat' dir='ltr'>calumniam</span> <span class='ocrx_word' id='word_1_86' title='bbox 409 1383 608 1452; x_wconf 83' lang='lat' dir='ltr'>inferebant</span> <span class='ocrx_word' id='word_1_87' title='bbox 624 1390 746 1454; x_wconf 86' lang='lat' dir='ltr'>contra</span> <span class='ocrx_word' id='word_1_88' title='bbox 761 1384 967 1469; x_wconf 79' lang='lat' dir='ltr'>Ecclesiam,</span> <span class='ocrx_word' id='word_1_89' title='bbox 986 1390 1022 1452; x_wconf 91' lang='lat' dir='ltr'>et</span> <span class='ocrx_word' id='word_1_90' title='bbox 1038 1390 1079 1453; x_wconf 90' lang='lat' dir='ltr'>ut</span> <span class='ocrx_word' id='word_1_91' title='bbox 1095 1384 1219 1478; x_wconf 90' lang='lat' dir='ltr'>seriori</span> <span class='ocrx_word' id='word_1_92' title='bbox 1239 1391 1353 1456; x_wconf 85' lang='lat' dir='ltr'>aetate</span> 
     </span>
     <span class='ocr_line' id='line_1_12' title="bbox 205 1490 1354 1584; baseline 0.003 -26"><span class='ocrx_word' id='word_1_93' title='bbox 205 1490 345 1560; x_wconf 80' lang='lat' dir='ltr'>docebant</span> <span class='ocrx_word' id='word_1_94' title='bbox 359 1491 554 1579; x_wconf 79' lang='lat' dir='ltr'>tritheitac3</span> <span class='ocrx_word' id='word_1_95' title='bbox 574 1494 636 1562; x_wconf 88' lang='lat' dir='ltr'>hos</span> <span class='ocrx_word' id='word_1_96' title='bbox 652 1516 768 1563; x_wconf 90' lang='lat' dir='ltr'>omnes</span> <span class='ocrx_word' id='word_1_97' title='bbox 782 1516 917 1563; x_wconf 88' lang='lat' dir='ltr'>errores</span> <span class='ocrx_word' id='word_1_98' title='bbox 932 1493 1089 1562; x_wconf 84' lang='lat' dir='ltr'>excludit</span> <span class='ocrx_word' id='word_1_99' title='bbox 1101 1493 1354 1584; x_wconf 83' lang='lat' dir='ltr'>augustissima</span> 
     </span>
     <span class='ocr_line' id='line_1_13' title="bbox 206 1599 1352 1692; baseline 0.002 -26"><span class='ocrx_word' id='word_1_100' title='bbox 206 1599 394 1687; x_wconf 75' lang='lat' dir='ltr'>praedicatio</span> <span class='ocrx_word' id='word_1_101' title='bbox 417 1599 608 1670; x_wconf 84' lang='lat' dir='ltr'>Ecclesiae.</span> <span class='ocrx_word' id='word_1_102' title='bbox 628 1606 658 1688; x_wconf 87' lang='lat' dir='ltr'>c)</span> <span class='ocrx_word' id='word_1_103' title='bbox 673 1602 749 1670; x_wconf 85' lang='lat' dir='ltr'>Hac</span> <span class='ocrx_word' id='word_1_104' title='bbox 766 1601 844 1692; x_wconf 88' lang='lat' dir='ltr'>ipsa</span> <span class='ocrx_word' id='word_1_105' title='bbox 859 1601 1118 1691; x_wconf 88' lang='lat' dir='ltr'>praedicatione</span> <span class='ocrx_word' id='word_1_106' title='bbox 1133 1600 1292 1670; x_wconf 86' lang='lat' dir='ltr'>Ecclesia</span> <span class='ocrx_word' id='word_1_107' title='bbox 1308 1601 1352 1670; x_wconf 91' lang='lat' dir='ltr'>si·</span> 
     </span>
     <span class='ocr_line' id='line_1_14' title="bbox 207 1706 1352 1798; baseline 0.001 -25"><span class='ocrx_word' id='word_1_108' title='bbox 207 1711 250 1774; x_wconf 86' lang='lat' dir='ltr'>ont</span> <span class='ocrx_word' id='word_1_109' title='bbox 261 1706 397 1776; x_wconf 87' lang='lat' dir='ltr'>Patrem</span> <span class='ocrx_word' id='word_1_110' title='bbox 409 1707 461 1776; x_wconf 90' lang='lat' dir='ltr'>ita</span> <span class='ocrx_word' id='word_1_111' title='bbox 472 1706 605 1775; x_wconf 86' lang='lat' dir='ltr'>Filium</span> <span class='ocrx_word' id='word_1_112' title='bbox 621 1713 658 1777; x_wconf 86' lang='lat' dir='ltr'>et</span> <span class='ocrx_word' id='word_1_113' title='bbox 674 1708 846 1798; x_wconf 88' lang='lat' dir='ltr'>Spiritum</span> <span class='ocrx_word' id='word_1_114' title='bbox 863 1708 1029 1777; x_wconf 88' lang='lat' dir='ltr'>Sanctum</span> <span class='ocrx_word' id='word_1_115' title='bbox 1043 1707 1231 1776; x_wconf 87' lang='lat' dir='ltr'>confitetur</span> <span class='ocrx_word' id='word_1_116' title='bbox 1242 1707 1352 1776; x_wconf 89' lang='lat' dir='ltr'>Deum</span> 
     </span>
     <span class='ocr_line' id='line_1_15' title="bbox 207 1813 1353 1907; baseline 0.005 -31"><span class='ocrx_word' id='word_1_117' title='bbox 207 1835 323 1898; x_wconf 85' lang='lat' dir='ltr'>vorum,</span> <span class='ocrx_word' id='word_1_118' title='bbox 356 1813 509 1905; x_wconf 85' lang='lat' dir='ltr'>adeoque</span> <span class='ocrx_word' id='word_1_119' title='bbox 539 1815 749 1884; x_wconf 87' lang='lat' dir='ltr'>damnantur</span> <span class='ocrx_word' id='word_1_120' title='bbox 773 1816 834 1907; x_wconf 89' lang='lat' dir='ltr'>qui</span> <span class='ocrx_word' id='word_1_121' title='bbox 864 1815 1018 1884; x_wconf 88' lang='lat' dir='ltr'>Verbum</span> <span class='ocrx_word' id='word_1_122' title='bbox 1047 1821 1084 1883; x_wconf 94' lang='lat' dir='ltr'>et</span> <span class='ocrx_word' id='word_1_123' title='bbox 1107 1820 1353 1907; x_wconf 79' lang='lat' dir='ltr'>consequenter</span> 
     </span>
     <span class='ocr_line' id='line_1_16' title="bbox 207 1919 1349 2015; baseline 0.003 -26"><span class='ocrx_word' id='word_1_124' title='bbox 207 1919 285 1989; x_wconf 64' lang='lat' dir='ltr'>dam</span> <span class='ocrx_word' id='word_1_125' title='bbox 315 1921 377 2015; x_wconf 90' lang='lat' dir='ltr'>qni</span> <span class='ocrx_word' id='word_1_126' title='bbox 408 1921 581 2011; x_wconf 89' lang='lat' dir='ltr'>Spiritum</span> <span class='ocrx_word' id='word_1_127' title='bbox 605 1923 771 1994; x_wconf 87' lang='lat' dir='ltr'>Sanctum</span> <span class='ocrx_word' id='word_1_128' title='bbox 794 1924 950 1993; x_wconf 89' lang='lat' dir='ltr'>dicerent</span> <span class='ocrx_word' id='word_1_129' title='bbox 972 1946 1045 1992; x_wconf 89' lang='lat' dir='ltr'>esse</span> <span class='ocrx_word' id='word_1_130' title='bbox 1069 1929 1264 1992; x_wconf 86' lang='lat' dir='ltr'>creaturam</span> <span class='ocrx_word' id='word_1_131' title='bbox 1288 1922 1349 2010; x_wconf 88' lang='lat'>(1).</span> 
     </span>
    </p>

    <p class='ocr_par' dir='ltr' id='par_1_3' title="bbox 204 2027 1355 3308">
     <span class='ocr_line' id='line_1_17' title="bbox 251 2027 1353 2120; baseline 0 -23"><span class='ocrx_word' id='word_1_132' title='bbox 251 2027 339 2098; x_wconf 81' lang='lat' dir='ltr'>Ante</span> <span class='ocrx_word' id='word_1_133' title='bbox 354 2029 565 2120; x_wconf 87' lang='lat' dir='ltr'>Dionysium</span> <span class='ocrx_word' id='word_1_134' title='bbox 580 2032 732 2100; x_wconf 90' lang='lat' dir='ltr'>eamdem</span> <span class='ocrx_word' id='word_1_135' title='bbox 749 2032 885 2099; x_wconf 89' lang='lat' dir='ltr'>omnino</span> <span class='ocrx_word' id='word_1_136' title='bbox 909 2032 1010 2100; x_wconf 87' lang='lat' dir='ltr'>fidem</span> <span class='ocrx_word' id='word_1_137' title='bbox 1026 2030 1131 2100; x_wconf 86' lang='lat' dir='ltr'>unius</span> <span class='ocrx_word' id='word_1_138' title='bbox 1146 2030 1299 2099; x_wconf 82' lang='lat' dir='ltr'>Deitatis</span> <span class='ocrx_word' id='word_1_139' title='bbox 1316 2030 1353 2098; x_wconf 92' lang='lat' dir='ltr'>in</span> 
     </span>
     <span class='ocr_line' id='line_1_18' title="bbox 206 2138 1354 2229; baseline 0.001 -23"><span class='ocrx_word' id='word_1_140' title='bbox 206 2138 526 2225; x_wconf 85' lang='lat' dir='ltr'>personisdietinctis</span> <span class='ocrx_word' id='word_1_141' title='bbox 538 2139 751 2209; x_wconf 85' lang='lat' dir='ltr'>saeculolII.</span> <span class='ocrx_word' id='word_1_142' title='bbox 763 2142 905 2209; x_wconf 84' lang='lat' dir='ltr'>ineunte</span> <span class='ocrx_word' id='word_1_143' title='bbox 918 2139 1240 2209; x_wconf 81' lang='lat' dir='ltr'>demonstrantium</span> <span class='ocrx_word' id='word_1_144' title='bbox 1254 2143 1354 2229; x_wconf 83' lang='lat' dir='ltr'>gesta</span> 
     </span>
     <span class='ocr_line' id='line_1_19' title="bbox 206 2247 1354 2338; baseline 0.001 -24"><span class='ocrx_word' id='word_1_145' title='bbox 206 2251 259 2314; x_wconf 89' lang='lat' dir='ltr'>tun</span> <span class='ocrx_word' id='word_1_146' title='bbox 277 2247 437 2316; x_wconf 88' lang='lat' dir='ltr'>doctrina</span> <span class='ocrx_word' id='word_1_147' title='bbox 458 2247 665 2315; x_wconf 86' lang='lat' dir='ltr'>Pontificum</span> <span class='ocrx_word' id='word_1_148' title='bbox 689 2248 883 2338; x_wconf 90' lang='lat' dir='ltr'>Zephyrini</span> <span class='ocrx_word' id='word_1_149' title='bbox 907 2253 942 2316; x_wconf 91' lang='lat' dir='ltr'>et</span> <span class='ocrx_word' id='word_1_150' title='bbox 958 2247 1109 2332; x_wconf 83' lang='lat' dir='ltr'>Callisti,</span> <span class='ocrx_word' id='word_1_151' title='bbox 1129 2247 1354 2338; x_wconf 91' lang='lat' dir='ltr'>quantumvis</span> 
     </span>
     <span class='ocr_line' id='line_1_20' title="bbox 205 2354 1353 2425; baseline 0 -3"><span class='ocrx_word' id='word_1_152' title='bbox 205 2361 334 2425; x_wconf 77' lang='lat' dir='ltr'>obtorta</span> <span class='ocrx_word' id='word_1_153' title='bbox 358 2358 559 2425; x_wconf 86' lang='lat' dir='ltr'>referantur</span> <span class='ocrx_word' id='word_1_154' title='bbox 592 2357 636 2423; x_wconf 93' lang='lat' dir='ltr'>ab</span> <span class='ocrx_word' id='word_1_155' title='bbox 658 2355 781 2425; x_wconf 90' lang='lat' dir='ltr'>horum</span> <span class='ocrx_word' id='word_1_156' title='bbox 806 2357 1011 2425; x_wconf 86' lang='lat' dir='ltr'>Sanctorum</span> <span class='ocrx_word' id='word_1_157' title='bbox 1036 2354 1285 2424; x_wconf 88' lang='lat' dir='ltr'>calumniatore</span> <span class='ocrx_word' id='word_1_158' title='bbox 1317 2354 1353 2422; x_wconf 90' lang='lat' dir='ltr'>in</span> 
     </span>
     <span class='ocr_line' id='line_1_21' title="bbox 204 2460 1352 2556; baseline 0.002 -26"><span class='ocrx_word' id='word_1_159' title='bbox 204 2460 299 2552; x_wconf 74' lang='lat' dir='ltr'>Opere,</span> <span class='ocrx_word' id='word_1_160' title='bbox 314 2464 405 2556; x_wconf 91' lang='lat' dir='ltr'>quod</span> <span class='ocrx_word' id='word_1_161' title='bbox 422 2462 536 2533; x_wconf 90' lang='lat' dir='ltr'>editor</span> <span class='ocrx_word' id='word_1_162' title='bbox 550 2463 712 2532; x_wconf 80' lang='lat' dir='ltr'>Millerus</span> <span class='ocrx_word' id='word_1_163' title='bbox 726 2464 908 2554; x_wconf 87' lang='lat' dir='ltr'>inscripsit</span> <span class='ocrx_word' id='word_1_164' title='bbox 927 2463 1109 2552; x_wconf 74' lang='lat' dir='ltr'>«Origenis</span> <span class='ocrx_word' id='word_1_165' title='bbox 1125 2462 1352 2552; x_wconf 88' lang='lat' dir='ltr'>Philosophu·</span> 
     </span>
     <span class='ocr_line' id='line_1_22' title="bbox 205 2568 1353 2660; baseline 0.002 -26"><span class='ocrx_word' id='word_1_166' title='bbox 205 2590 312 2638; x_wconf 81' lang='lat' dir='ltr'>nonan.</span> <span class='ocrx_word' id='word_1_167' title='bbox 324 2575 360 2656; x_wconf 86' lang='lat' dir='ltr'>a)</span> <span class='ocrx_word' id='word_1_168' title='bbox 374 2569 476 2638; x_wconf 87' lang='lat' dir='ltr'>Sient</span> <span class='ocrx_word' id='word_1_169' title='bbox 490 2570 685 2660; x_wconf 87' lang='lat' dir='ltr'>Dionysius</span> <span class='ocrx_word' id='word_1_170' title='bbox 697 2570 912 2639; x_wconf 83' lang='lat' dir='ltr'>Sabellianos</span> <span class='ocrx_word' id='word_1_171' title='bbox 927 2568 1177 2638; x_wconf 86' lang='lat' dir='ltr'>confundentes</span> <span class='ocrx_word' id='word_1_172' title='bbox 1189 2589 1353 2658; x_wconf 87' lang='lat' dir='ltr'>personas</span> 
     </span>
     <span class='ocr_line' id='line_1_23' title="bbox 205 2674 1353 2768; baseline -0.004 -21"><span class='ocrx_word' id='word_1_173' title='bbox 205 2697 287 2768; x_wconf 81' lang='lat' dir='ltr'>aeque</span> <span class='ocrx_word' id='word_1_174' title='bbox 302 2677 484 2747; x_wconf 88' lang='lat' dir='ltr'>damnavit</span> <span class='ocrx_word' id='word_1_175' title='bbox 499 2700 539 2746; x_wconf 87' lang='lat' dir='ltr'>aa</span> <span class='ocrx_word' id='word_1_176' title='bbox 556 2678 752 2748; x_wconf 82' lang='lat' dir='ltr'>dividentes</span> <span class='ocrx_word' id='word_1_177' title='bbox 768 2679 940 2749; x_wconf 87' lang='lat' dir='ltr'>unitatem</span> <span class='ocrx_word' id='word_1_178' title='bbox 955 2682 1114 2763; x_wconf 90' lang='lat' dir='ltr'>naturae;</span> <span class='ocrx_word' id='word_1_179' title='bbox 1129 2675 1182 2744; x_wconf 89' lang='lat' dir='ltr'>ita</span> <span class='ocrx_word' id='word_1_180' title='bbox 1197 2682 1233 2744; x_wconf 90' lang='lat' dir='ltr'>et</span> <span class='ocrx_word' id='word_1_181' title='bbox 1248 2674 1353 2743; x_wconf 88' lang='lat' dir='ltr'>Calli-</span> 
     </span>
     <span class='ocr_line' id='line_1_24' title="bbox 205 2783 1353 2875; baseline -0.003 -22"><span class='ocrx_word' id='word_1_182' title='bbox 205 2790 260 2853; x_wconf 79' lang='lat' dir='ltr'>etos</span> <span class='ocrx_word' id='word_1_183' title='bbox 274 2784 466 2854; x_wconf 87' lang='lat' dir='ltr'>Sabellium</span> <span class='ocrx_word' id='word_1_184' title='bbox 482 2783 596 2872; x_wconf 89' lang='lat' dir='ltr'>ipsum</span> <span class='ocrx_word' id='word_1_185' title='bbox 616 2786 678 2853; x_wconf 79' lang='lat' dir='ltr'>aab</span> <span class='ocrx_word' id='word_1_186' title='bbox 686 2785 844 2855; x_wconf 88' lang='lat' dir='ltr'>Ecclesia</span> <span class='ocrx_word' id='word_1_187' title='bbox 856 2783 972 2868; x_wconf 88' lang='lat' dir='ltr'>eiecit,</span> <span class='ocrx_word' id='word_1_188' title='bbox 983 2784 1074 2875; x_wconf 85' lang='lat' dir='ltr'>quod</span> <span class='ocrx_word' id='word_1_189' title='bbox 1086 2805 1153 2851; x_wconf 93' lang='lat' dir='ltr'>non</span> <span class='ocrx_word' id='word_1_190' title='bbox 1169 2787 1263 2852; x_wconf 88' lang='lat' dir='ltr'>reete</span> <span class='ocrx_word' id='word_1_191' title='bbox 1279 2806 1353 2852; x_wconf 87' lang='lat' dir='ltr'>sen·</span> 
     </span>
     <span class='ocr_line' id='line_1_25' title="bbox 206 2891 1353 2986; baseline -0.002 -23"><span class='ocrx_word' id='word_1_192' title='bbox 206 2891 299 2963; x_wconf 64' lang='lat' dir='ltr'>tinet„</span> <span class='ocrx_word' id='word_1_193' title='bbox 325 2895 472 2982; x_wconf 90' lang='lat' dir='ltr'>(Philos.</span> <span class='ocrx_word' id='word_1_194' title='bbox 487 2920 522 2986; x_wconf 91' lang='lat' dir='ltr'>p.</span> <span class='ocrx_word' id='word_1_195' title='bbox 536 2895 632 2982; x_wconf 78' lang='lat'>288),</span> <span class='ocrx_word' id='word_1_196' title='bbox 652 2917 694 2962; x_wconf 86' lang='lat' dir='ltr'>ex</span> <span class='ocrx_word' id='word_1_197' title='bbox 710 2895 823 2964; x_wconf 88' lang='lat' dir='ltr'>altera</span> <span class='ocrx_word' id='word_1_198' title='bbox 847 2917 929 2963; x_wconf 93' lang='lat' dir='ltr'>vero</span> <span class='ocrx_word' id='word_1_199' title='bbox 945 2897 1046 2984; x_wconf 90' lang='lat' dir='ltr'>parte</span> <span class='ocrx_word' id='word_1_200' title='bbox 1061 2892 1262 2983; x_wconf 89' lang='lat' dir='ltr'>postulabat</span> <span class='ocrx_word' id='word_1_201' title='bbox 1277 2915 1353 2982; x_wconf 89' lang='lat' dir='ltr'>pro-</span> 
     </span>
     <span class='ocr_line' id='line_1_26' title="bbox 208 2998 1354 3090; baseline 0.001 -26"><span class='ocrx_word' id='word_1_202' title='bbox 208 3001 375 3087; x_wconf 84' lang='lat' dir='ltr'>fessionem,</span> <span class='ocrx_word' id='word_1_203' title='bbox 394 3002 534 3071; x_wconf 88' lang='lat' dir='ltr'>Patrem</span> <span class='ocrx_word' id='word_1_204' title='bbox 562 3024 603 3071; x_wconf 91' lang='lat' dir='ltr'>ac</span> <span class='ocrx_word' id='word_1_205' title='bbox 629 3002 761 3071; x_wconf 82' lang='lat' dir='ltr'>Filium</span> <span class='ocrx_word' id='word_1_206' title='bbox 777 3025 851 3071; x_wconf 88' lang='lat' dir='ltr'>esse</span> <span class='ocrx_word' id='word_1_207' title='bbox 866 3025 971 3066; x_wconf 81' lang='lat' dir='ltr'>unam</span> <span class='ocrx_word' id='word_1_208' title='bbox 987 2998 1236 3066; x_wconf 80' lang='lat' dir='ltr'>indivisibilem</span> <span class='ocrx_word' id='word_1_209' title='bbox 1250 3003 1354 3090; x_wconf 79' lang='lat' dir='ltr'>epiri·</span> 
     </span>
     <span class='ocr_line' id='line_1_27' title="bbox 210 3106 1353 3202; baseline 0.005 -30"><span class='ocrx_word' id='word_1_210' title='bbox 210 3117 267 3188; x_wconf 80' lang='lat' dir='ltr'>tua,</span> <span class='ocrx_word' id='word_1_211' title='bbox 279 3134 344 3174; x_wconf 79' lang='lat' dir='ltr'>aon</span> <span class='ocrx_word' id='word_1_212' title='bbox 357 3107 460 3174; x_wconf 83' lang='lat' dir='ltr'>aliud</span> <span class='ocrx_word' id='word_1_213' title='bbox 471 3122 504 3173; x_wconf 85' lang='lat' dir='ltr'>et</span> <span class='ocrx_word' id='word_1_214' title='bbox 518 3107 618 3174; x_wconf 83' lang='lat' dir='ltr'>aliud</span> <span class='ocrx_word' id='word_1_215' title='bbox 630 3107 686 3175; x_wconf 86' lang='lat' dir='ltr'>aed</span> <span class='ocrx_word' id='word_1_216' title='bbox 699 3135 801 3176; x_wconf 81' lang='lat' dir='ltr'>unum</span> <span class='ocrx_word' id='word_1_217' title='bbox 816 3110 979 3202; x_wconf 80' lang='lat' dir='ltr'>idemque.</span> <span class='ocrx_word' id='word_1_218' title='bbox 993 3112 1093 3179; x_wconf 83' lang='lat' dir='ltr'>Hanc</span> <span class='ocrx_word' id='word_1_219' title='bbox 1107 3106 1353 3196; x_wconf 83' lang='lat' dir='ltr'>professionem</span> 
     </span>
     <span class='ocr_line' id='line_1_28' title="bbox 211 3209 1355 3308; baseline 0.005 -28"><span class='ocrx_word' id='word_1_220' title='bbox 211 3213 269 3301; x_wconf 87' lang='lat' dir='ltr'>qnia</span> <span class='ocrx_word' id='word_1_221' title='bbox 289 3221 411 3285; x_wconf 84' lang='lat' dir='ltr'>auctor</span> <span class='ocrx_word' id='word_1_222' title='bbox 432 3215 539 3284; x_wconf 86' lang='lat' dir='ltr'>istius</span> <span class='ocrx_word' id='word_1_223' title='bbox 571 3214 742 3286; x_wconf 89' lang='lat' dir='ltr'>historiae</span> <span class='ocrx_word' id='word_1_224' title='bbox 772 3209 1072 3308; x_wconf 71' lang='lat' dir='ltr'>(qtlcceqouuerur)</span> <span class='ocrx_word' id='word_1_225' title='bbox 1104 3225 1140 3288; x_wconf 88' lang='lat' dir='ltr'>et</span> <span class='ocrx_word' id='word_1_226' title='bbox 1170 3240 1247 3285; x_wconf 87' lang='lat' dir='ltr'>aum</span> <span class='ocrx_word' id='word_1_227' title='bbox 1280 3218 1355 3306; x_wconf 90' lang='lat' dir='ltr'>ipso</span> 
     </span>
    </p>
   </div>
   <div class='ocr_carea' id='block_1_2' title="bbox 215 3436 1358 4478">
    <p class='ocr_par' dir='ltr' id='par_1_4' title="bbox 215 3436 1358 4478">
     <span class='ocr_line' id='line_1_29' title="bbox 259 3436 1356 3509; baseline 0.005 -20"><span class='ocrx_word' id='word_1_228' title='bbox 259 3436 295 3509; x_wconf 84' lang='lat'>(1)</span> <span class='ocrx_word' id='word_1_229' title='bbox 312 3438 469 3504; x_wconf 75' lang='lat' dir='ltr'>Dionysius</span> <span class='ocrx_word' id='word_1_230' title='bbox 489 3437 638 3492; x_wconf 87' lang='lat' dir='ltr'>evidenter</span> <span class='ocrx_word' id='word_1_231' title='bbox 657 3455 725 3507; x_wconf 84' lang='lat' dir='ltr'>prae</span> <span class='ocrx_word' id='word_1_232' title='bbox 745 3442 835 3494; x_wconf 86' lang='lat' dir='ltr'>oculis</span> <span class='ocrx_word' id='word_1_233' title='bbox 855 3440 942 3495; x_wconf 87' lang='lat' dir='ltr'>habat</span> <span class='ocrx_word' id='word_1_234' title='bbox 961 3441 1102 3509; x_wconf 86' lang='lat' dir='ltr'>duplicem</span> <span class='ocrx_word' id='word_1_235' title='bbox 1121 3442 1264 3497; x_wconf 88' lang='lat' dir='ltr'>diversam</span> <span class='ocrx_word' id='word_1_236' title='bbox 1283 3459 1356 3496; x_wconf 88' lang='lat' dir='ltr'>orro-</span> 
     </span>
     <span class='ocr_line' id='line_1_30' title="bbox 215 3521 1355 3598; baseline 0.007 -23"><span class='ocrx_word' id='word_1_237' title='bbox 215 3521 240 3575; x_wconf 75' lang='lat' dir='ltr'>ris</span> <span class='ocrx_word' id='word_1_238' title='bbox 252 3528 502 3581; x_wconf 77' lang='lat' dir='ltr'>conformationem.</span> <span class='ocrx_word' id='word_1_239' title='bbox 514 3529 693 3583; x_wconf 86' lang='lat' dir='ltr'>Damnantur</span> <span class='ocrx_word' id='word_1_240' title='bbox 715 3530 827 3583; x_wconf 87' lang='lat' dir='ltr'>scilicet</span> <span class='ocrx_word' id='word_1_241' title='bbox 850 3532 967 3597; x_wconf 79' lang='lat' dir='ltr'>tamti,</span> <span class='ocrx_word' id='word_1_242' title='bbox 994 3533 1124 3598; x_wconf 78' lang='lat' dir='ltr'>quittae</span> <span class='ocrx_word' id='word_1_243' title='bbox 1144 3532 1267 3585; x_wconf 71' lang='lat' dir='ltr'>deitates</span> <span class='ocrx_word' id='word_1_244' title='bbox 1290 3547 1355 3598; x_wconf 87' lang='lat' dir='ltr'>qno·</span> 
     </span>
     <span class='ocr_line' id='line_1_31' title="bbox 215 3616 1356 3688; baseline 0.004 -22"><span class='ocrx_word' id='word_1_245' title='bbox 215 3625 299 3682; x_wconf 74' lang='lat' dir='ltr'>tuaque</span> <span class='ocrx_word' id='word_1_246' title='bbox 315 3616 395 3670; x_wconf 89' lang='lat' dir='ltr'>modo</span> <span class='ocrx_word' id='word_1_247' title='bbox 414 3617 479 3669; x_wconf 88' lang='lat' dir='ltr'>h.o.</span> <span class='ocrx_word' id='word_1_248' title='bbox 491 3616 614 3670; x_wconf 86' lang='lat' dir='ltr'>deitates</span> <span class='ocrx_word' id='word_1_249' title='bbox 636 3619 752 3685; x_wconf 85' lang='lat' dir='ltr'>proprio</span> <span class='ocrx_word' id='word_1_250' title='bbox 777 3633 862 3671; x_wconf 87' lang='lat' dir='ltr'>sensu</span> <span class='ocrx_word' id='word_1_251' title='bbox 881 3622 911 3672; x_wconf 90' lang='lat' dir='ltr'>et</span> <span class='ocrx_word' id='word_1_252' title='bbox 929 3619 1047 3687; x_wconf 84' lang='lat' dir='ltr'>proinde</span> <span class='ocrx_word' id='word_1_253' title='bbox 1069 3621 1201 3688; x_wconf 85' lang='lat' dir='ltr'>aequales</span> <span class='ocrx_word' id='word_1_254' title='bbox 1222 3619 1356 3675; x_wconf 83' lang='lat' dir='ltr'>docerent</span> 
     </span>
     <span class='ocr_line' id='line_1_32' title="bbox 216 3703 1353 3777; baseline 0.007 -24"><span class='ocrx_word' id='word_1_255' title='bbox 216 3703 280 3758; x_wconf 83' lang='lat' dir='ltr'>ulab</span> <span class='ocrx_word' id='word_1_256' title='bbox 288 3706 413 3761; x_wconf 79' lang='lat' dir='ltr'>Ecclesia</span> <span class='ocrx_word' id='word_1_257' title='bbox 423 3707 516 3760; x_wconf 89' lang='lat' dir='ltr'>doceri</span> <span class='ocrx_word' id='word_1_258' title='bbox 526 3708 777 3775; x_wconf 85' lang='lat' dir='ltr'>calumniarentur,</span> <span class='ocrx_word' id='word_1_259' title='bbox 788 3712 847 3761; x_wconf 88' lang='lat' dir='ltr'>tum</span> <span class='ocrx_word' id='word_1_260' title='bbox 861 3710 884 3761; x_wconf 90' lang='lat' dir='ltr'>ii</span> <span class='ocrx_word' id='word_1_261' title='bbox 898 3711 947 3776; x_wconf 88' lang='lat' dir='ltr'>qai</span> <span class='ocrx_word' id='word_1_262' title='bbox 959 3709 1065 3762; x_wconf 80' lang='lat' dir='ltr'>Ellium</span> <span class='ocrx_word' id='word_1_263' title='bbox 1080 3712 1110 3762; x_wconf 90' lang='lat' dir='ltr'>et</span> <span class='ocrx_word' id='word_1_264' title='bbox 1119 3709 1259 3777; x_wconf 86' lang='lat' dir='ltr'>Spiritum</span> <span class='ocrx_word' id='word_1_265' title='bbox 1271 3707 1353 3761; x_wconf 86' lang='lat' dir='ltr'>Sano-</span> 
     </span>
     <span class='ocr_line' id='line_1_33' title="bbox 216 3789 1353 3871; baseline 0.004 -24"><span class='ocrx_word' id='word_1_266' title='bbox 216 3789 382 3850; x_wconf 72' lang='lat' dir='ltr'>ltadioerent</span> <span class='ocrx_word' id='word_1_267' title='bbox 392 3812 448 3849; x_wconf 92' lang='lat' dir='ltr'>non</span> <span class='ocrx_word' id='word_1_268' title='bbox 457 3811 524 3849; x_wconf 90' lang='lat' dir='ltr'>vero</span> <span class='ocrx_word' id='word_1_269' title='bbox 535 3813 620 3849; x_wconf 88' lang='lat' dir='ltr'>sensu</span> <span class='ocrx_word' id='word_1_270' title='bbox 633 3799 721 3850; x_wconf 88' lang='lat' dir='ltr'>Deum</span> <span class='ocrx_word' id='word_1_271' title='bbox 736 3798 786 3850; x_wconf 86' lang='lat' dir='ltr'>sed</span> <span class='ocrx_word' id='word_1_272' title='bbox 796 3799 882 3853; x_wconf 89' lang='lat' dir='ltr'>Patre</span> <span class='ocrx_word' id='word_1_273' title='bbox 892 3798 1058 3852; x_wconf 79' lang='lat' dir='ltr'>interiorem</span> <span class='ocrx_word' id='word_1_274' title='bbox 1066 3794 1353 3871; x_wconf 56' lang='lat' dir='ltr'>(eonsummabis).</span> 
     </span>
     <span class='ocr_line' id='line_1_34' title="bbox 217 3874 1355 3954; baseline 0.003 -19"><span class='ocrx_word' id='word_1_275' title='bbox 217 3874 283 3948; x_wconf 76' lang='lat' dir='ltr'>loque</span> <span class='ocrx_word' id='word_1_276' title='bbox 295 3890 338 3939; x_wconf 86' lang='lat' dir='ltr'>est</span> <span class='ocrx_word' id='word_1_277' title='bbox 350 3901 464 3939; x_wconf 85' lang='lat' dir='ltr'>necesse</span> <span class='ocrx_word' id='word_1_278' title='bbox 474 3885 510 3937; x_wconf 85' lang='lat' dir='ltr'>ad</span> <span class='ocrx_word' id='word_1_279' title='bbox 520 3886 594 3937; x_wconf 83' lang='lat' dir='ltr'>heac</span> <span class='ocrx_word' id='word_1_280' title='bbox 604 3885 818 3940; x_wconf 84' lang='lat' dir='ltr'>distinctionem</span> <span class='ocrx_word' id='word_1_281' title='bbox 832 3887 957 3954; x_wconf 82' lang='lat' dir='ltr'>duplicis</span> <span class='ocrx_word' id='word_1_282' title='bbox 968 3888 1076 3941; x_wconf 87' lang='lat' dir='ltr'>erroris</span> <span class='ocrx_word' id='word_1_283' title='bbox 1088 3902 1174 3954; x_wconf 87' lang='lat' dir='ltr'>penes</span> <span class='ocrx_word' id='word_1_284' title='bbox 1184 3887 1355 3953; x_wconf 85' lang='lat' dir='ltr'>Dionysium</span> 
     </span>
     <span class='ocr_line' id='line_1_35' title="bbox 218 3961 1353 4044; baseline 0.004 -22"><span class='ocrx_word' id='word_1_285' title='bbox 218 3961 412 4042; x_wconf 69' lang='lat' dir='ltr'>intelligendam,</span> <span class='ocrx_word' id='word_1_286' title='bbox 427 3980 460 4029; x_wconf 85' lang='lat' dir='ltr'>ut</span> <span class='ocrx_word' id='word_1_287' title='bbox 474 3975 644 4029; x_wconf 85' lang='lat' dir='ltr'>ostendatur</span> <span class='ocrx_word' id='word_1_288' title='bbox 655 3976 712 4028; x_wconf 90' lang='lat' dir='ltr'>iam</span> <span class='ocrx_word' id='word_1_289' title='bbox 726 3977 786 4027; x_wconf 89' lang='lat' dir='ltr'>tum</span> <span class='ocrx_word' id='word_1_290' title='bbox 799 3976 949 4029; x_wconf 77' lang='lat' dir='ltr'>exstitisse</span> <span class='ocrx_word' id='word_1_291' title='bbox 959 3977 1075 4044; x_wconf 88' lang='lat' dir='ltr'>proprlo</span> <span class='ocrx_word' id='word_1_292' title='bbox 1090 3976 1181 4028; x_wconf 87' lang='lat' dir='ltr'>dictos</span> <span class='ocrx_word' id='word_1_293' title='bbox 1192 3975 1353 4040; x_wconf 83' lang='lat' dir='ltr'>tritheitae,</span> 
     </span>
     <span class='ocr_line' id='line_1_36' title="bbox 219 4060 1356 4133; baseline 0.002 -17"><span class='ocrx_word' id='word_1_294' title='bbox 219 4060 288 4116; x_wconf 66' lang='lat' dir='ltr'>imas</span> <span class='ocrx_word' id='word_1_295' title='bbox 302 4067 411 4119; x_wconf 83' lang='lat' dir='ltr'>saeoalo</span> <span class='ocrx_word' id='word_1_296' title='bbox 430 4067 471 4119; x_wconf 84' lang='lat' dir='ltr'>vl</span> <span class='ocrx_word' id='word_1_297' title='bbox 494 4070 679 4118; x_wconf 76' lang='lat' dir='ltr'>emerserunt.</span> <span class='ocrx_word' id='word_1_298' title='bbox 695 4064 802 4119; x_wconf 78' lang='lat' dir='ltr'>eontra</span> <span class='ocrx_word' id='word_1_299' title='bbox 823 4065 984 4120; x_wconf 87' lang='lat' dir='ltr'>evidentem</span> <span class='ocrx_word' id='word_1_300' title='bbox 1003 4068 1166 4120; x_wconf 85' lang='lat' dir='ltr'>contextum</span> <span class='ocrx_word' id='word_1_301' title='bbox 1183 4080 1238 4117; x_wconf 89' lang='lat' dir='ltr'>non</span> <span class='ocrx_word' id='word_1_302' title='bbox 1259 4080 1356 4133; x_wconf 85' lang='lat' dir='ltr'>possu-</span> 
     </span>
     <span class='ocr_line' id='line_1_37' title="bbox 219 4150 1355 4228; baseline 0.001 -23"><span class='ocrx_word' id='word_1_303' title='bbox 219 4156 410 4209; x_wconf 68' lang='lat' dir='ltr'>antecessere</span> <span class='ocrx_word' id='word_1_304' title='bbox 431 4171 538 4224; x_wconf 87' lang='lat' dir='ltr'>nupero</span> <span class='ocrx_word' id='word_1_305' title='bbox 563 4156 692 4221; x_wconf 77' lang='lat' dir='ltr'>theologo</span> <span class='ocrx_word' id='word_1_306' title='bbox 712 4153 777 4228; x_wconf 89' lang='lat' dir='ltr'>(Dri</span> <span class='ocrx_word' id='word_1_307' title='bbox 794 4156 881 4208; x_wconf 85' lang='lat' dir='ltr'>Kuhn</span> <span class='ocrx_word' id='word_1_308' title='bbox 900 4155 934 4207; x_wconf 89' lang='lat' dir='ltr'>da</span> <span class='ocrx_word' id='word_1_309' title='bbox 954 4156 1034 4209; x_wconf 68' lang='lat' dir='ltr'>irin.</span> <span class='ocrx_word' id='word_1_310' title='bbox 1047 4173 1075 4224; x_wconf 88' lang='lat' dir='ltr'>p.</span> <span class='ocrx_word' id='word_1_311' title='bbox 1089 4156 1141 4207; x_wconf 81' lang='lat'>279</span> <span class='ocrx_word' id='word_1_312' title='bbox 1154 4150 1222 4223; x_wconf 78' lang='lat' dir='ltr'>sq),</span> <span class='ocrx_word' id='word_1_313' title='bbox 1238 4154 1355 4207; x_wconf 86' lang='lat' dir='ltr'>eundem</span> 
     </span>
     <span class='ocr_line' id='line_1_38' title="bbox 219 4229 1356 4312; baseline -0.002 -15"><span class='ocrx_word' id='word_1_314' title='bbox 219 4229 346 4306; x_wconf 56' lang='lat' dir='ltr'>hinguari</span> <span class='ocrx_word' id='word_1_315' title='bbox 365 4260 488 4298; x_wconf 87' lang='lat' dir='ltr'>errorem</span> <span class='ocrx_word' id='word_1_316' title='bbox 505 4260 523 4297; x_wconf 91' lang='lat' dir='ltr'>a</span> <span class='ocrx_word' id='word_1_317' title='bbox 542 4245 690 4312; x_wconf 86' lang='lat' dir='ltr'>Dionysio,</span> <span class='ocrx_word' id='word_1_318' title='bbox 706 4260 767 4298; x_wconf 89' lang='lat' dir='ltr'>oum</span> <span class='ocrx_word' id='word_1_319' title='bbox 787 4245 878 4312; x_wconf 85' lang='lat' dir='ltr'>primo</span> <span class='ocrx_word' id='word_1_320' title='bbox 899 4245 1028 4298; x_wconf 75' lang='lat' dir='ltr'>confutat</span> <span class='ocrx_word' id='word_1_321' title='bbox 1052 4244 1215 4297; x_wconf 87' lang='lat' dir='ltr'>dividentes</span> <span class='ocrx_word' id='word_1_322' title='bbox 1228 4243 1356 4296; x_wconf 89' lang='lat' dir='ltr'>divinam</span> 
     </span>
     <span class='ocr_line' id='line_1_39' title="bbox 219 4323 1358 4400; baseline -0.001 -16"><span class='ocrx_word' id='word_1_323' title='bbox 219 4323 325 4386; x_wconf 72' lang='lat' dir='ltr'>lnitatem</span> <span class='ocrx_word' id='word_1_324' title='bbox 345 4335 376 4387; x_wconf 92' lang='lat' dir='ltr'>in</span> <span class='ocrx_word' id='word_1_325' title='bbox 400 4327 461 4388; x_wconf 79' lang='lat' dir='ltr'>tres</span> <span class='ocrx_word' id='word_1_326' title='bbox 481 4333 620 4400; x_wconf 87' lang='lat' dir='ltr'>deitates,</span> <span class='ocrx_word' id='word_1_327' title='bbox 645 4336 674 4387; x_wconf 91' lang='lat' dir='ltr'>et</span> <span class='ocrx_word' id='word_1_328' title='bbox 693 4333 795 4387; x_wconf 88' lang='lat' dir='ltr'>deinde</span> <span class='ocrx_word' id='word_1_329' title='bbox 822 4335 934 4389; x_wconf 73' lang='lat' dir='ltr'>refellit</span> <span class='ocrx_word' id='word_1_330' title='bbox 957 4350 1090 4387; x_wconf 74' lang='lat' dir='ltr'>arariam</span> <span class='ocrx_word' id='word_1_331' title='bbox 1117 4334 1200 4386; x_wconf 83' lang='lat' dir='ltr'>etiam</span> <span class='ocrx_word' id='word_1_332' title='bbox 1219 4348 1284 4400; x_wconf 89' lang='lat' dir='ltr'>eoa,</span> <span class='ocrx_word' id='word_1_333' title='bbox 1307 4332 1358 4399; x_wconf 89' lang='lat' dir='ltr'>qui</span> 
     </span>
     <span class='ocr_line' id='line_1_40' title="bbox 221 4412 773 4478; baseline 0.002 -3"><span class='ocrx_word' id='word_1_334' title='bbox 221 4412 352 4477; x_wconf 60' lang='lat' dir='ltr'>aditnent</span> <span class='ocrx_word' id='word_1_335' title='bbox 369 4423 478 4478; x_wconf 77' lang='lat' dir='ltr'>Filium</span> <span class='ocrx_word' id='word_1_336' title='bbox 497 4438 558 4476; x_wconf 81' lang='lat' dir='ltr'>osso</span> <span class='ocrx_word' id='word_1_337' title='bbox 577 4424 737 4477; x_wconf 85' lang='lat' dir='ltr'>ereaturam</span> <span class='ocrx_word' id='word_1_338' title='bbox 749 4445 773 4476; x_wconf 77' lang='lat' dir='ltr'>n.</span> 
     </span>
    </p>
   </div>
   <div class='ocr_carea' id='block_1_3' title="bbox 0 0 1595 4950">
    <p class='ocr_par' dir='ltr' id='par_1_5' title="bbox 0 0 1595 4950">
     <span class='ocr_line' id='line_1_41' title="bbox 0 0 1595 4950; baseline 0 0"><span class='ocrx_word' id='word_1_339' title='bbox 0 0 1595 4950; x_wconf 95' lang='lat' dir='ltr'> </span> 
     </span>
    </p>
   </div>
  </div>
 </body>
</html>
