3172 4950
681 258 719 273 -
741 226 803 288 499
824 258 862 272 -

188 319 303 402 lilius
325 338 368 402 ut
389 356 497 401 unum
519 331 729 423 principium
755 332 910 422 Spiritus
935 331 1067 416 Sancti,
1083 354 1184 423 quam
1209 332 1291 401 dum
1307 337 1351 404 ab

188 427 396 530 Epiphanio,
422 438 557 528 Cyrillo
580 439 729 531 aliisque
751 439 917 507 Patribus
940 445 977 507 et
999 439 1042 506 ab
1059 440 1145 529 ipsis
1167 440 1300 509 Basilio
1314 450 1350 511 et

199 535 356 636 Gregorio
378 552 500 636 (supra
522 571 557 636 p.
570 547 648 615 478.
666 552 758 638 sqq.)
782 546 989 636 simpliciter
1004 547 1157 630 docetur,
1177 547 1350 636 Spiritum

203 641 352 723 tuntum
375 654 558 744 procedere
581 677 622 721 en
645 654 752 721 Patre
775 668 806 720 et
828 655 939 736 Filio,
967 654 1093 724 habere
1116 679 1182 724 esse
1198 680 1239 722 ea
1254 657 1349 724 Filio

204 757 276 829 deut
302 785 343 829 ecc
367 762 485 829 Patre.

255 871 373 939 Solum
395 873 549 939 remanet
571 867 828 953 declarandum,
855 869 938 959 quid
955 871 1003 939 sit
1025 877 1061 939 et
1083 893 1150 960 quo
1173 893 1275 940 sensu
1299 873 1350 940 in·

196 977 303 1068 elligi
326 976 452 1046 debeat
473 974 537 1043 illa
561 977 778 1066 interpositio
805 972 961 1060 (μεσιτεια)
987 976 1074 1044 Filii
1097 977 1189 1045 inter
1212 979 1351 1047 Patrem

192 1090 224 1155 et
244 1083 416 1174 Spiritum
440 1082 624 1166 Sanctum,
641 1102 682 1149 ac
705 1082 877 1170 processio
894 1083 991 1151 velut
1006 1083 1156 1150 mediata
1171 1108 1213 1154 ex
1229 1086 1346 1155 Patre.

188 1189 225 1260 Si
248 1189 420 1281 processio
442 1211 484 1257 ex
507 1187 612 1257 Patre
636 1188 810 1256 diceretur
833 1189 984 1257 mediata
1006 1212 1045 1257 eo
1066 1213 1179 1277 sensu,
1199 1195 1288 1284 quod
1305 1218 1347 1263 ex

188 1298 291 1367 Patre
314 1295 364 1363 sit
385 1293 502 1363 Filius
526 1299 625 1362 etex
649 1292 721 1360 solo
743 1293 836 1361 Filio
859 1294 981 1363 deinde
1005 1295 1160 1386 Spiritus
1183 1297 1345 1386 Sanetus,

188 1404 243 1473 lnio
266 1425 349 1472 sane
371 1408 463 1471 esset
484 1424 580 1471 error
604 1401 835 1491 gravissimus
858 1402 1064 1471 subvertens
1087 1410 1196 1473 totam
1211 1428 1348 1475 oecono-

188 1514 288 1582 miam
311 1511 536 1579 intrinsecam
559 1508 622 1578 SS.
639 1509 839 1593 Trinitatis,
858 1514 894 1577 et
910 1510 1106 1578 coincidens
1120 1512 1258 1579 tandem
1272 1536 1350 1581 cum

188 1618 322 1689 haeresi
344 1617 745 1700 Pneumatomachorum‚
763 1615 824 1707 qui
846 1615 911 1683 hoc
934 1616 1032 1683 modo
1055 1619 1255 1687 asserebant
1270 1644 1348 1709 pro·

188 1726 373 1798 cessionem
396 1724 551 1814 Spiritus
574 1723 694 1792 Sancti
717 1745 758 1790 ex
782 1723 854 1790 solo
876 1723 993 1807 Filio,
1019 1724 1150 1815 hocque
1173 1726 1250 1814 ipso
1273 1727 1350 1795 uni-

188 1838 294 1904 tatem
315 1836 463 1899 naturae
486 1828 594 1897 trium
617 1849 841 1918 personarum
863 1829 992 1919 partim
1023 1829 1151 1898 diserte
1173 1833 1350 1921 negabant

188 1941 315 2033 partim
338 1936 461 2027 positis
483 1936 529 2004 iis
544 1935 728 2025 principiis
744 1944 990 2026 consequenter
1008 1937 1190 2007 defendere
1202 1940 1351 2029 amplius

188 2070 255 2117 non
277 2048 453 2135 poterant.
468 2042 753 2133 Patresitaqne,
779 2043 840 2133 qui
862 2042 951 2111 hano
975 2044 1085 2133 ipsam
1107 2043 1277 2112 haeresim
1299 2046 1349 2113 di·

188 2158 284 2225 recte
307 2156 547 2242 oppugnantes
569 2148 613 2217 ad
636 2148 879 2217 declarandam
895 2151 1065 2219 unitatem
1080 2158 1227 2219 naturae
1249 2153 1351 2221 illum

188 2261 343 2331 ordinem
365 2259 457 2327 iuter
479 2277 644 2346 personas
667 2262 740 2324 tam
763 2258 912 2327 sollicite
935 2258 1176 2342 defenderunt,
1196 2282 1277 2328 sane
1293 2262 1356 2329 aba

188 2368 291 2438 surde
303 2388 343 2435 eo
358 2387 461 2434 sensu
477 2363 771 2453 intelligerentur.

252 2473 376 2562 Neque
398 2492 481 2540 vero
504 2492 625 2538 sensus
655 2470 828 2559 genuinus
861 2470 899 2537 in
930 2468 1005 2537 illis
1035 2469 1269 2538 locutionibus
1295 2478 1351 2540 est

188 2580 367 2651 obscurus.
383 2576 483 2644 Siout
503 2581 633 2643 natura
654 2576 707 2643 ita
730 2575 884 2665 operatio
907 2576 1017 2643 omnis
1036 2575 1081 2641 ad
1098 2592 1197 2642 extra
1212 2601 1282 2644 una
1297 2584 1352 2646 est

188 2685 396 2755 indistincta
418 2689 454 2752 et
476 2681 665 2752 communis
681 2683 797 2750 tribus
811 2685 979 2772 personis;
997 2684 1225 2752 nihilominus
1235 2690 1350 2753 tamen

188 2793 296 2861 Pater
318 2787 516 2879 appellatur
539 2808 645 2856 cansa
665 2787 924 2877 primordialis,
949 2789 1064 2857 Filius
1088 2811 1248 2879 operans,
1276 2790 1351 2881 Spi-

188 2898 284 2968 ritus
310 2897 461 2965 Sanctus
484 2894 677 2984 perficiens3
702 2895 807 2963 Pater
830 2894 961 2964 dicitur
985 2919 1044 2986 per
1067 2896 1197 2964 Filium
1221 2898 1258 2964 in
1275 2898 1351 2987 Spi-

187 3005 265 3073 ritu
289 3003 416 3071 Sancto
439 3000 585 3090 operari.
601 3000 698 3081 Quas
721 3023 835 3068 omnes
858 3000 1049 3070 locutiones
1072 3004 1281 3092 operationis
1303 3006 1354 3070 in·

188 3110 392 3181 distinctam
415 3109 585 3176 unitatem
611 3114 810 3197 supponunt
831 3115 867 3177 et
891 3109 998 3177 solam
1021 3109 1278 3179 distinctionem
1300 3110 1351 3178 in·

188 3226 242 3289 ter
266 3237 431 3307 personas
454 3215 661 3300 enuntiant,
688 3216 778 3306 quod
801 3223 928 3285 natura
958 3222 994 3284 et
1022 3218 1166 3306 proinde
1196 3218 1353 3307 potentia

188 3332 296 3416 atque
320 3322 475 3412 operatio
491 3321 528 3389 in
543 3323 648 3391 Patre
671 3329 806 3391 estnon
823 3322 1086 3409 communicata,
1103 3325 1141 3392 in
1156 3325 1250 3393 Filio
1266 3348 1353 3394 com-

188 3429 368 3501 municata
392 3451 413 3495 a
435 3429 553 3514 Patro,
578 3429 615 3496 in
640 3429 776 3519 Spiritu
794 3430 922 3499 Sancto
938 3432 1189 3500 communicata
1203 3433 1246 3499 ab
1260 3439 1353 3499 utro-

188 3559 270 3629 que.
291 3536 350 3604 Sio
374 3557 457 3623 ergo
480 3536 583 3602 etiam
607 3536 755 3624 spiratio
786 3533 831 3602 ad
859 3539 954 3602 intro
981 3560 1051 3605 una
1080 3546 1133 3606 est
1164 3539 1354 3606 communis

188 3643 294 3712 Patri
317 3648 353 3710 et
373 3641 490 3725 Filio,
516 3641 575 3710 sed
598 3663 619 3708 a
641 3643 747 3712 Patre
762 3644 1011 3712 communicata
1026 3644 1131 3712 Filio.
1147 3644 1245 3712 Unde
1262 3645 1355 3711 siout

188 3758 264 3821 tres
286 3770 451 3839 personae
465 3770 532 3815 non
548 3755 668 3817 creant
691 3757 861 3841 quatenns
877 3750 1065 3818 distinctae
1082 3758 1175 3834 sunt,
1195 3751 1253 3818 sed
1270 3772 1354 3842 qua·

188 3866 295 3929 unus
318 3862 402 3924 sunt
424 3877 515 3924 unus
536 3857 631 3925 Deus
654 3863 689 3926 et
711 3859 787 3926 ideo
811 3882 901 3928 unus
924 3865 1079 3944 creator,
1111 3859 1262 3951 adeoque
1286 3882 1354 3926 non

188 3967 266 4036 sine
289 3984 405 4031 errore
429 3961 596 4032 Gnostico
619 3964 676 4034 vel
699 3965 832 4033 Ariano
846 3966 917 4035 dici
931 3972 1047 4055 posset
1061 3966 1155 4035 Deus
1171 3966 1275 4035 Pater
1287 3989 1354 4035 mo·

188 4071 312 4140 diatus
334 4068 445 4136 solum
468 4075 602 4138 creator
624 4094 685 4160 per
706 4071 862 4140 Filiumt
889 4072 941 4140 ita
970 4074 1075 4140 etiam
1098 4074 1202 4142 Pater
1231 4079 1268 4141 et
1295 4073 1354 4143 Fi·

188 4180 263 4248 lius
284 4199 355 4244 non
377 4183 549 4267 qnatenus
573 4176 734 4248 distincti
758 4185 860 4265 sunt,
886 4180 945 4247 sed
962 4186 1133 4272 quatenus
1147 4187 1275 4248 natura
1291 4182 1354 4248 sub

188 4283 334 4356 formali
357 4282 491 4354 rationo
514 4283 661 4355 virtutis
683 4286 880 4377 spiratricis
897 4309 958 4357 seu
974 4287 1172 4357 dilectionis
1187 4287 1354 4364 fecundae

1203 4408 1220 4452 Ι
