3172 4950
623 360 660 377 -
682 328 738 389 461
763 360 801 376 -

178 433 352 525 incipiam,
377 441 496 504 utrum
522 434 675 525 spirator
698 436 766 517 sit,
792 438 964 525 quatenns
985 434 1091 503 Pater
1114 439 1170 505 est
1192 457 1298 504 unum

178 567 210 611 un
228 541 334 624 Filio,
352 551 587 634 anquatenus
610 565 631 611 a
652 542 746 610 Filio
770 542 1020 631 distinguitur.
1041 543 1100 612 Sic
1120 544 1299 613 verissima

178 652 260 721 citur
277 680 293 713 a
308 649 464 740 Spiritus
476 650 594 718 Patris
608 677 639 732 n,
658 650 717 717 sed
734 672 801 737 nou
816 653 929 720 minus
947 674 1027 720 vere
1042 652 1175 721 dicitur
1194 682 1211 715 u
1223 652 1301 742 Spi-

178 768 225 829 tus
236 758 324 827 Filii
338 786 369 842 a,
388 760 470 850 quia
485 758 622 827 scilicet
636 758 762 827 habere
776 758 946 849 Spiritum
960 760 1126 828 Sanctum
1144 765 1185 827 ut
1200 781 1299 827 suum

178 888 305 959 mquam
336 867 523 934 terminum
558 867 784 935 intrinsecum
808 889 875 933 non
900 866 1093 956 distinguit
1115 866 1255 934 Patrem
1280 887 1301 932 a

178 973 235 1057 llio,
259 997 327 1041 non
351 968 405 1042 'est
427 971 604 1064 proprium
620 974 720 1041 Patri
736 985 819 1064 prae
833 973 927 1041 Filio
943 974 1002 1041 sed
1019 995 1195 1043 commune
1213 972 1300 1042 utri·

178 1104 213 1151 ue.
228 1081 347 1165 Immo,
366 1089 406 1149 ut
425 1086 518 1149 recte
535 1082 860 1150 animadverterunt
875 1080 1082 1150 Patriarcha
1098 1081 1229 1150 Beccus
1245 1080 1301 1165 (de

178 1210 285 1257 roceas.
305 1186 462 1277 Spiritus
478 1188 600 1255 Sancti
624 1211 654 1257 c.
674 1188 729 1256 12.
744 1188 799 1257 ed.
811 1188 947 1257 Allatio
959 1213 993 1279 p.
1009 1188 1087 1256 331.
1103 1210 1192 1280 sqq.;
1211 1195 1247 1255 et
1264 1186 1299 1254 in

178 1296 237 1365 ictis
259 1294 466 1363 Sanctorum
490 1296 583 1363 inter
606 1295 731 1386 Opnso.
757 1318 833 1365 aur.
855 1296 909 1367 ed.
935 1297 1092 1365 Arcadio
1113 1319 1147 1385 p.
1163 1295 1244 1378 155)
1266 1300 1303 1363 et

178 1402 313 1472 marion
328 1408 397 1493 (ep.
409 1404 563 1492 general.
575 1405 619 1472 ad
632 1405 783 1473 Graecos
795 1405 880 1473 ibid.
892 1429 925 1495 p.
937 1405 1030 1488 341),
1044 1403 1182 1472 etiamsi
1194 1402 1301 1492 scrip·

178 1534 213 1581 ru
232 1521 344 1595 esset,
370 1513 460 1604 quod
483 1513 612 1580 nullibi
634 1521 688 1581 est
712 1515 901 1603 scriptum:
928 1512 1084 1603 Spiritus
1107 1511 1259 1580 Sanctus
1280 1530 1303 1575 a

178 1620 211 1685 >lo
227 1622 330 1690 Putre
348 1621 513 1710 procedit,
533 1644 643 1711 neque
667 1621 718 1689 ita
742 1621 898 1711 intelligi
914 1621 1054 1689 deberet
1070 1619 1212 1688 exclusa
1227 1640 1302 1708 pro·

178 1729 244 1798 rssio
265 1752 286 1798 a
307 1729 413 1798 aino.
443 1729 511 1798 Est
533 1729 623 1797 enim
647 1729 860 1819 principium
888 1728 1049 1818 generale
1072 1749 1172 1818 saepe
1195 1748 1216 1794 a
1239 1726 1302 1794 Pa·

178 1837 249 1908 ribns
269 1838 507 1921 inculcatum,
538 1860 599 1927 per
630 1837 829 1905 huiusmodi
856 1836 1051 1927 particulas
1081 1834 1304 1905 excludentes

179 1966 210 2015 on
228 1969 406 2038 personam
424 1946 580 2015 divinam
597 1960 700 2014 unam
724 1945 829 2014 altori
845 1945 905 2013 sed
920 1945 1030 2013 Deum
1053 1943 1227 2013 creaturis
1246 1965 1302 2032 op-

178 2054 230 2121 oui.
248 2054 393 2122 «Multa
415 2053 582 2122 dicuntur
604 2054 717 2121 inesse
745 2051 812 2120 soli
834 2051 947 2134 Patri,
966 2051 1106 2119 tametsi
1127 2050 1243 2117 Filius
1260 2049 1305 2118 iis

179 2164 292 2232 unibus
307 2186 374 2231 nou
393 2168 521 2246 careat,
536 2161 705 2252 siqnidem
722 2161 891 2250 scriptum
904 2167 972 2230 ests
985 2158 1080 2227 solus
1093 2180 1199 2227 verax
1212 2157 1306 2226 Deus

178 2266 310 2357 btrr,....
338 2276 374 2339 et
402 2271 537 2338 Paulus
567 2268 699 2337 alicubi
728 2267 838 2335 dicit:
865 2267 1077 2351 immortali,
1104 2266 1302 2352 invisibili,

178 2372 211 2445 oli
221 2376 367 2469 sapienti
382 2377 496 2445 Deo...
510 2376 627 2444 Filius
644 2375 764 2466 itaque
775 2372 1003 2443 nihilominus
1014 2375 1083 2443 crit
1094 2374 1306 2443 naturaliter

178 2482 252 2554 adem
274 2508 364 2580 quas
385 2487 513 2572 Pater,
540 2486 626 2556 licet
649 2487 768 2580 aliqua
797 2482 838 2551 de
866 2487 970 2555 Patre
1001 2484 1073 2553 solo
1108 2482 1305 2576 praedicen-

178 2612 220 2682 urp
242 2596 353 2664 omnia
377 2597 467 2665 enim
491 2618 578 2688 qnae
595 2597 695 2665 Patri
719 2598 841 2665 insunt
856 2594 1070 2664 naturaliter
1092 2601 1129 2662 et
1152 2613 1305 2661 necessa·

178 2699 210 2784 io,
230 2727 266 2774 ea
288 2706 424 2796 pariter
454 2705 752 2774 communicantur
775 2705 890 2773 Verbo
912 2706 956 2771 ab
979 2702 1043 2771 illo
1074 2700 1271 2792 procedenti
1287 2728 1304 2763 n

178 2807 316 2902 teyrilt.
334 2813 504 2882 Thesanr.
522 2813 638 2904 p.142.
654 2815 831 2902 (of.supra
843 2838 875 2903 p.
886 2809 941 2881 34.
953 2811 1008 2897 353
1027 2818 1063 2880 et
1079 2808 1160 2879 vide
1178 2808 1303 2899 prinoi-

178 2914 235 2988 iun
254 2922 415 3012 generale
439 2924 556 2992 verbis
579 2922 833 3012 Chrysostomi,
849 2944 936 3013 quae
958 2920 1145 2989 citavimus
1161 2942 1195 3008 p.
1210 2915 1303 3002 259).

178 3023 335 3100 lniversim
359 3030 529 3123 quidquid
552 3029 780 3098 intrinsecum
804 3037 859 3098 est
881 3028 943 3096 uui
969 3047 1145 3119 personae,
1166 3026 1202 3094 id
1220 3047 1308 3094 com·

178 3153 240 3206 lunc
254 3138 470 3229 intelligitur
486 3137 643 3206 omnibus
660 3136 817 3227 personis
833 3136 966 3206 divinis
979 3147 1120 3226 propter
1136 3135 1309 3203 essentiae

178 3243 306 3315 uitatem
322 3255 359 3316 et
375 3245 600 3314 omnimodam
626 3245 899 3335 simplicitatem,
917 3253 1062 3335 excepta
1077 3243 1152 3312 sola
1168 3242 1308 3312 formali

178 3350 271 3424 stione
293 3354 468 3439 relativa,
495 3353 682 3424 secundum
706 3375 808 3445 quam
833 3375 903 3421 una
925 3375 1073 3444 persona
1095 3358 1150 3421 est
1180 3350 1308 3442 princi·

178 3452 236 3527 lun
262 3461 431 3532 alterius:
461 3461 607 3544 somnia
635 3485 767 3546 unum,
793 3460 853 3530 nbi
883 3484 951 3529 non
981 3457 1104 3527 obviat
1126 3458 1310 3529 relationis

178 3570 338 3653 inpositis»
365 3576 486 3660 (supra
509 3595 543 3660 p.
562 3568 653 3655 199).
679 3568 792 3660 Atqui
816 3568 962 3658 spiratio
986 3567 1142 3657 Spiritus
1164 3589 1232 3634 non
1255 3571 1337 3634 cst·

178 3674 310 3747 ssPatre
341 3677 500 3749 formalis
527 3677 643 3762 ratio,
673 3700 742 3769 qua
769 3683 916 3767 generat
942 3677 1117 3762 Verbum,
1153 3697 1214 3743 seu
1243 3672 1308 3741 ali·

178 3797 223 3850 01':
245 3790 350 3857 Pater
381 3789 445 3855 sub
469 3786 610 3855 formali
633 3786 768 3855 ratione
796 3786 998 3875 generantis
1032 3790 1097 3852 ant
1119 3781 1308 3872 paternita-

179 3880 202 3952 lt
218 3899 364 3965 refertur
397 3896 442 3964 ad
471 3895 603 3963 Filium
627 3902 668 3963 ut
693 3894 903 3985 principium
933 3893 977 3962 ad
1005 3893 1242 3983 procedentem
1267 3892 1310 3959 ab

178 4005 307 4082 namuh
334 4004 475 4072 formali
502 4013 618 4071 autem
647 4001 783 4071 ratione
811 4002 981 4092 spirantis
1005 4000 1179 4091 Spiritum
1206 4000 1309 4069 Sano-

178 4116 220 4170 ¹¹¹11
237 4133 296 4180 seu
319 4110 499 4200 diligendo
521 4110 747 4202 producentis
773 4131 921 4176 amorem
945 4131 1012 4175 non
1036 4108 1081 4176 ad
1103 4107 1235 4176 Filium
1251 4106 1311 4175 sed

178 4204 316 4289 leolum
341 4219 513 4308 Spiritum
544 4217 710 4286 Sanctum
744 4216 850 4285 habet
883 4217 1086 4287 relationem
1119 4214 1308 4304 principii,

178 4309 288 4418 ltaque
311 4328 419 4396 Pater
440 4334 482 4395 ut
497 4326 650 4416 spirator
665 4347 733 4392 nou
756 4346 777 4391 a
799 4324 892 4393 Filio
915 4325 974 4392 sed
991 4345 1012 4390 a
1028 4322 1166 4414 Spiritu
1182 4321 1311 4389 Sancto

178 4417 386 4529 inunguitur.
405 4434 503 4527 Ergo
525 4434 663 4529 quando
677 4433 877 4503 nominatur
892 4434 1010 4517 Pater,
1029 4452 1050 4499 a
1066 4455 1133 4525 quo
1147 4429 1313 4522 procedat
