3172 4950
698 328 736 344 ..
757 298 817 359 348
838 328 876 344 ..

207 401 420 493 relinquitur
443 406 485 470 nt
506 401 563 470 rel
587 401 687 491 origo
711 402 768 470 vel
791 402 918 471 relatio
948 400 1008 471 vel
1031 405 1220 494 utrumqne
1241 401 1351 475 divina

208 530 372 599 personas
384 509 596 598 distinguat.
611 507 696 576 Cum
710 531 793 577 vero
807 508 934 577 relatio
949 516 986 577 et
997 508 1098 598 origo
1110 508 1180 577 etsi
1195 508 1350 581 secundun

210 617 346 685 modum
370 616 593 707 intelligendi
617 616 807 701 differant,
834 616 1005 709 siquidem
1032 618 1133 707 origo
1159 615 1350 706 significatu

209 748 270 816 per
297 725 434 793 modum
450 734 551 794 actua
567 732 608 794 ut
624 726 815 816 generatio,
834 726 961 795 relatio
978 748 1061 795 vero
1081 749 1143 817 per
1159 727 1289 795 modum
1301 727 1350 796 lon

210 856 284 903 mae
302 841 342 903 ut
358 835 564 924 paternitas,
582 858 620 903 re
635 842 751 904 tamen
766 858 834 903 non
850 835 1036 924 differunt;
1054 835 1132 905 ideo
1143 843 1286 927 utroque
1298 834 1351 927 qui·

209 944 285 1013 dem
302 942 400 1010 modo
412 942 683 1032 distinguuntur
706 943 848 1012 <livinae
871 966 1056 1034 personae,
1083 944 1185 1034 prins
1209 946 1352 1012 amena

209 1049 452 1141 principaliter
476 1052 664 1119 secundum
688 1052 824 1119 modum
847 1049 1073 1141 intelligendi
1096 1073 1159 1142 per
1181 1050 1350 1137 relations,

209 1184 270 1251 per
298 1183 384 1254 quas
410 1161 515 1229 etiam
544 1160 807 1229 constituuntur
838 1161 981 1229 divinae
1011 1183 1211 1250 personae»
1236 1168 1297 1230 etc.
1319 1158 1351 1248 (l)

211 1268 335 1354 (Hard.
355 1269 396 1338 T.
411 1268 476 1335 IX.
500 1292 533 1357 p.
550 1268 642 1354 347).
662 1268 751 1338 Vide
768 1267 805 1336 S.
822 1268 889 1336 Th.
905 1270 938 1337 1.
955 1268 1054 1361 q.29.
1069 1290 1103 1337 a.
1118 1270 1153 1338 4.

276 1377 345 1445 III.
370 1378 422 1446 At
445 1377 605 1470 quamvis
634 1376 718 1445 haec
750 1376 803 1445 ita
833 1376 926 1463 sint,
952 1377 1018 1444 illa
1041 1384 1159 1446 tamen
1187 1374 1351 1446 nostrati

210 1485 354 1554 stinctio
369 1484 462 1553 inter
478 1485 662 1554 essentiam
675 1492 711 1554 et
723 1483 926 1554 relationem
943 1485 1113 1570 divinam,
1131 1491 1170 1554 et
1185 1485 1250 1553 illa
1262 1490 1352 1553 nostra

211 1592 457 1683 quodammodo
481 1592 683 1681 compositio
703 1591 931 1682 hypostaseos
946 1591 1089 1661 divinae
1105 1616 1147 1660 ex
1165 1600 1351 1684 utraque}

210 1700 304 1769 tione
327 1699 437 1768 solum
461 1707 515 1768 est
537 1701 725 1769 secundum
748 1699 999 1791 inadaequatos
1029 1709 1169 1769 nostros
1200 1710 1351 1790 conceptu

211 1815 247 1875 et
269 1809 509 1898 imperfectum
533 1808 670 1876 modum
693 1806 929 1896 intelligendi,
951 1808 1036 1876 licet
1058 1808 1242 1878 distinctio
1256 1808 1352 1875 habat

212 1915 475 1984 fundamentum
498 1916 536 1983 in
563 1938 612 2002 re,
634 1915 774 2008 quaein
799 1938 834 1984 ss
858 1915 1120 2005 simplicissima
1136 1917 1242 1985 simul
1256 1912 1350 1985 estat

212 2022 366 2092 solutum
389 2032 425 2093 et
447 2024 647 2092 relativum.
672 2025 781 2093 Immo
804 2025 965 2114 quamvis
988 2048 1050 2093 nos
1073 2025 1350 2115 concipiamusn

211 2131 395 2219 lationem,
421 2133 506 2224 quin
528 2155 602 2201 eam
625 2157 785 2224 expresse
813 2133 1047 2224 concipiamus
1071 2139 1114 2203 ut
1136 2133 1364 2213 substantia.-

211 2245 326 2307 tamen
349 2263 406 2309 res
430 2247 593 2330 concepta
616 2242 680 2309 sub
703 2236 843 2310 notione
860 2240 1043 2310 relationis
1060 2242 1204 2312 divinae
1219 2235 1351 2310 camuli*

211 2346 295 2416 liter
318 2356 372 2417 est
394 2348 612 2436 substantia;
639 2354 743 2441 atque
766 2349 843 2418 ideo
866 2373 908 2419 ex
931 2349 983 2418 rei
1008 2349 1160 2419 veritate
1184 2348 1301 2418 relatio
1316 2341 1351 2411 li

212 2457 294 2522 vina
309 2479 377 2524 non
393 2462 509 2545 potest
523 2456 657 2546 concipi
674 2478 751 2524 cum
762 2460 978 2546 praecisione
992 2458 1161 2524 obiecticc
1176 2459 1220 2525 ab
1233 2450 1352 2525 essenti

212 2556 308 2648 (ride
321 2563 440 2631 Tract.
455 2564 496 2632 <le
508 2563 606 2647 Deo).
625 2564 776 2631 Persona
791 2564 882 2631 enim
895 2566 1000 2633 Pater
1020 2571 1075 2633 est
1096 2565 1249 2633 essentia
1262 2560 1352 2631 dius
1367 2598 1370 2605 ·

212 2693 279 2738 non
304 2671 441 2762 quidem
465 2672 529 2738 sub
552 2670 692 2738 formali
719 2671 854 2739 ratione
878 2670 1042 2754 absoluti,
1061 2672 1121 2740 sed
1146 2676 1381 2793 quatenusert

213 2778 326 2846 sentia
341 2785 382 2846 nt
396 2777 589 2846 intellectio
606 2778 711 2846 habet
725 2801 767 2846 ex
783 2779 976 2848 intrinseca
992 2780 1192 2849 necessaria
1206 2772 1353 2868 exigentia
1370 2802 1381 2859 r

212 2886 381 2954 rationem
404 2885 549 2954 relativi
572 2885 616 2953 ad
641 2887 793 2955 Verbum
813 2887 1040 2976 productum3
1059 2887 1290 2980 similiterque
1302 2902 1353 2952 aa·
1374 2866 1381 2945 ’ἓ

212 2992 367 3062 tiendum
391 2993 432 3062 de
456 2993 570 3062 Verbo
593 2994 692 3062 etde
716 2992 854 3083 Spiritu
879 2996 1020 3064 Sancto.
1038 2996 1139 3064 Hanc
1156 3018 1228 3064 rem
1244 2986 1354 3083 egregit
1378 3040 1381 3067 ;

210 3100 349 3168 notavit
372 3098 474 3168 Card.
492 3099 745 3167 Pallavicinus.
771 3102 959 3193 Postquam
982 3101 1122 3170 locutus
1145 3108 1202 3170 est
1224 3103 1263 3170 de
1283 3092 1354 3167 nob
1377 3164 1381 3173 .

212 3206 426 3295 concipiendi
450 3228 630 3296 personam
653 3206 811 3274 divinam
834 3215 875 3276 ut
898 3209 1133 3278 substantiam
1150 3212 1188 3275 in
1204 3221 1353 3276 rectora!

212 3313 381 3382 relatione
406 3317 442 3379 in
466 3316 617 3405 obliquo,
636 3313 691 3383 vel
709 3320 750 3382 ut
772 3315 962 3385 relativum
980 3319 1017 3380 in
1033 3332 1122 3383 recto
1140 3341 1218 3386 cum
1234 3307 1352 3386 essen&

216 3424 252 3487 in
276 3422 427 3514 obliquo,
456 3423 593 3492 subdit:
622 3430 804 3493 «ceterum
836 3425 921 3493 haee
951 3425 1112 3493 doctrina
1147 3425 1244 3495 valet
1271 3420 1350 3491 solun

214 3530 255 3600 de
272 3541 439 3621 conceptu
454 3531 595 3599 secundo
613 3534 850 3615 intercalandi,
870 3534 906 3601 h.
921 3558 951 3603 e.
968 3541 1142 3626 quatenus
1160 3556 1182 3602 a
1196 3534 1349 3602 nobisur

214 3638 345 3727 cipitur
367 3639 457 3707 illud
481 3639 639 3729 simplex,
666 3642 755 3732 quod
772 3663 813 3708 ex
831 3647 930 3729 parte
954 3640 1080 3710 obiecti
1103 3641 1282 3731 respondet
1293 3628 1349 3704 bnis

213 3747 346 3813 notioni
365 3771 514 3835 persono
541 3746 674 3829 divina,
692 3750 790 3817 modo
805 3772 866 3839 per
882 3742 1044 3839 aenigma
1058 3750 1232 3818 essentiae
1246 3748 1348 3816 creat&
1379 3760 1381 3765 '

214 3856 289 3939 (per
305 3853 415 3920 ideam
432 3854 602 3923 essentiae
618 3853 813 3945 derivatam
826 3878 867 3923 ex
885 3856 1028 3939 creatis)
1041 3856 1140 3924 modo
1153 3878 1214 3946 per
1225 3852 1348 3937 aenigw

213 3955 396 4025 relationis
419 3968 567 4029 creatae.
590 3961 641 4027 At
662 3963 774 4049 primo
799 3961 1079 4028 intentionaliter
1101 3961 1153 4048 (h.
1172 3985 1202 4030 e.
1221 3961 1250 4028 si
1269 3946 1345 4027 maol·

267 4136 309 4209 (1)
327 4142 427 4194 Verrio
446 4143 540 4195 latins
558 4142 593 4194 ab
613 4143 675 4210 ipso
694 4144 864 4197 Bessarionc
883 4148 984 4211 postea
1009 4143 1149 4197 adornata
1168 4144 1250 4210 paulo
1268 4131 1343 4208 quill!

215 4228 333 4282 liberior
352 4235 413 4295 est,
436 4231 484 4284 sed
504 4232 589 4283 etiam
609 4233 781 4299 explicatior
796 4248 880 4298 qnam
899 4237 999 4285 textus
1019 4247 1147 4298 graecus:
1164 4234 1205 4285 sic
1223 4249 1246 4285 o.
1263 4247 1286 4296 ε.
1299 4216 1343 4276 llll

214 4335 275 4373 sum
295 4322 425 4375 ultimum
443 4323 563 4376 citatum
577 4321 611 4375 de
630 4323 835 4377 constitutione
849 4338 1034 4389 personarum
1049 4326 1141 4376 solnm
1153 4324 1185 4375 iu
1199 4308 1343 4377 veniensis·

215 4411 278 4462 tina
297 4426 461 4479 expressum
481 4416 534 4465 est.
