3172 4950
556 366 594 385 ..
615 334 656 398 83
676 342 715 384 ..’

57 451 133 522 olim
144 449 200 519 ed.
213 449 257 518 de
268 445 403 518 Rubeis
415 442 564 516 uvflu
580 468 614 535 p.
630 442 688 529 94)
700 442 745 512 ad
755 466 791 512 v.
802 441 835 511 8.
848 442 912 511 ait:
929 469 946 506 a
961 442 998 510 in
1011 439 1221 534 quibusdam

55 560 143 630 libris
156 557 349 627 attexiturz
363 561 400 625 et
415 553 454 627 hi
467 560 541 623 tres
556 575 662 621 unum
676 559 770 638 sunt;
786 551 846 621 sed
862 551 927 621 hoc
942 551 980 618 iu
996 550 1090 618 veris
1106 572 1217 618 exem·

55 667 200 760 pluribus
223 687 294 735 non
317 663 479 749 habetur,
505 662 564 730 sed
587 660 626 728 in
649 660 856 752 quibusdam
872 658 974 727 libris
997 657 1129 727 dicitur
1146 681 1220 728 esse

54 776 239 868 'appositum
262 775 307 843 ab
331 771 520 841 haereticis
542 769 689 837 Arianis
719 769 765 838 ad
788 768 1033 838 ervertendum
1059 766 1219 836 intellec·

54 891 116 954 tum
144 905 273 952 sanum
304 879 529 950 auctoritatis
562 875 773 968 praemissae
797 878 910 963 (v.7)
934 875 976 944 de
1005 876 1144 944 unitate
1167 898 1219 944 es·

56 991 182 1063 sentiali
195 991 310 1060 trium
325 1008 552 1081 personarum
569 1013 601 1055 n.
619 985 719 1054 Alibi
735 1010 771 1054 v.
786 985 819 1053 8.
838 983 985 1073 legitur:
1006 989 1074 1052 aet
1089 984 1129 1052 hi
1145 990 1219 1058 tres

57 1101 190 1170 innubis
199 1105 328 1184 sunta,
347 1104 388 1167 ut
403 1118 506 1189 penes
521 1100 696 1164 auctorem
708 1093 793 1163 libri
806 1092 976 1160 adversus
987 1090 1217 1161 Varimadum

58 1209 147 1298 (Bibl.
159 1209 258 1280 Max.
280 1207 322 1278 Τ.
337 1206 382 1276 V.
400 1232 434 1296 p.
449 1203 557 1293 729),
587 1209 711 1276 auctor
733 1202 760 1271 1.
780 1201 822 1271 de
840 1203 935 1293 bapt.
956 1201 1123 1272 haeretic.
1143 1224 1215 1271 sae·

58 1317 119 1386 culo
139 1317 212 1386 111.
230 1315 324 1405 legit
338 1314 461 1398 latine,
487 1311 580 1381 sicut
603 1311 711 1382 estin
729 1331 875 1399 graeco:
904 1316 972 1378 aet
994 1309 1058 1377 isti
1080 1316 1154 1380 tres
1179 1312 1219 1377 in

58 1449 142 1492 osam
164 1433 254 1494 sunt
276 1429 399 1514 (supra
421 1445 454 1512 p.
466 1420 524 1507 70)
540 1444 548 1507 ;
568 1419 656 1488 alibi
670 1418 815 1488 additur
831 1417 946 1487 instar
958 1417 1215 1509 explicationisr

60 1533 117 1603 rbi
135 1540 213 1604 tras
235 1555 345 1600 unum
368 1529 511 1599 suntin
535 1526 676 1597 Christo
690 1526 773 1596 Iesu
792 1553 824 1612 n,
851 1533 892 1595 ut
915 1527 952 1595 in
976 1525 1124 1617 Speculo
1142 1527 1216 1597 Au·

59 1639 179 1730 gusiiui
202 1639 283 1728 (ed.
297 1637 427 1725 nai.);
453 1638 499 1706 of.
516 1634 759 1704 Cassiodorum
790 1656 851 1703 seu
875 1635 1101 1724 interpetrem
1125 1656 1214 1703 oom-

59 1746 207 1817 nentarii
221 1745 412 1815 Clementis
427 1743 529 1812 Alex.
546 1743 583 1816 iu
601 1742 696 1811 1.10.
713 1741 820 1828 (Bibl.
832 1740 926 1810 Max.
944 1741 985 1809 Τ.
997 1740 1066 1810 ΙΙΙ.
1082 1741 1214 1832 p.234).

59 1852 269 1923 Cassiodorus
282 1853 358 1944 ipse
377 1852 415 1919 in
435 1850 736 1941 complexionibus
748 1850 800 1919 ed.
812 1848 933 1918 llaffei
944 1873 978 1940 p.
989 1850 1053 1917 145
1067 1850 1216 1919 incisum

60 1961 115 2031 r.8
135 1960 289 2043 omittit,
323 1963 360 2028 et
382 1981 416 2027 v.
437 1959 458 2026 7
480 1958 580 2048 ponit
608 1957 946 2047 interpretationem:
985 1962 1056 2025 aet
1078 1957 1117 2025 bi
1142 1964 1216 2025 tres

60 2088 133 2138 unus
146 2074 203 2138 eat
212 2069 309 2136 Deus
322 2093 355 2135 s.
371 2066 467 2135 Haeo
482 2065 681 2151 ostendunt,
697 2086 861 2154 magnum
878 2086 1011 2156 semper
1028 2065 1216 2135 discrimen

61 2177 165 2247 saltem
186 2177 225 2246 in
249 2198 354 2245 sensu
377 2175 487 2244 luisse
503 2175 663 2263 agnitum
679 2174 791 2265 quoad
810 2176 917 2244 verba
943 2197 1081 2242 aunum
1098 2183 1213 2243 saints

60 2285 135 2355 iuter
157 2285 231 2355 v.7
254 2291 291 2354 et
312 2306 348 2354 v.
364 2283 397 2353 8.
422 2283 582 2353 Ceterum
598 2282 701 2352 lectio
725 2308 761 2353 v.
776 2284 815 2351 8:
838 2279 878 2356 ἑις
893 2306 926 2348 το
939 2282 969 2348 ἓν
982 2279 1055 2363 εἱσι,
1073 2282 1216 2352 videtur

61 2393 133 2461 satis
153 2398 252 2461 certa
272 2397 350 2460 tum
373 2413 416 2459 ex
439 2390 606 2461 Patribus
628 2391 766 2480 graecis
788 2397 864 2460 tum
888 2413 931 2460 ex
954 2389 1143 2460 codicibus.
1171 2389 1214 2458 In

62 2501 120 2566 ui
141 2505 259 2568 antem
281 2497 383 2567 iuxta
405 2498 530 2567 Patres
559 2505 596 2566 et
620 2497 754 2568 codices
784 2498 935 2585 latinos,
960 2520 983 2566 a
1006 2499 1132 2590 quibus
1156 2497 1215 2566 bic

60 2609 163 2674 textus
184 2605 285 2674 nobis
309 2611 535 2675 conservatus
551 2612 616 2690 est,
635 2611 729 2675 etex
746 2606 1024 2676 collationecum
1040 2605 1097 2685 ΙΙο.
1109 2606 1155 2674 X.
1171 2604 1216 2673 30

63 2709 97 2795 (a
111 2709 208 2800 ἐσμεν)
229 2733 315 2783 vera
338 2713 508 2783 censenda
530 2721 584 2783 est
606 2713 711 2783 lectio
735 2712 767 2779 ἐν
793 2711 864 2802 εἱσι,
880 2722 923 2785 ut
945 2715 1077 2785 citatur
1092 2737 1115 2782 a
1128 2713 1214 2783 Con·

60 2819 128 2889 cilio
148 2820 269 2890 Later.
283 2820 336 2891 IV
359 2822 463 2890 etiam
495 2822 532 2890 in
555 2822 716 2891 versione
747 2844 873 2915 graeca
896 2822 1028 2911 (Hard.
1042 2823 1068 2892 l.
1085 2828 1152 2910 c),
1178 2827 1215 2892 et

59 2936 160 2998 metat
181 2930 221 2997 in
245 2928 319 2997 cod.
342 2952 397 3018 gr.
412 2928 621 2998 Dnblinensi
644 2929 732 2998 Coll.
750 2928 814 2999 SS.
835 2929 1024 2998 Trinitatis
1049 2929 1099 3017 (l)
1123 2930 1215 3023 (qui

58 3035 184 3106 videtur
206 3058 283 3106 esse
304 3036 394 3106 idem
418 3060 496 3107 cnm
519 3037 593 3107 cod.
622 3038 818 3106 britannico
840 3037 1019 3124 Erasmi),
1045 3047 1150 3131 atque
1173 3039 1211 3108 in

57 3143 147 3213 editis
161 3145 268 3214 etiam
292 3167 395 3235 penes
411 3145 653 3215 schismaticos
669 3145 820 3216 Graecos
844 3147 944 3235 (vide
960 3147 1212 3217 Professionem

55 3248 143 3321 Fidei
154 3251 366 3323 orthodoxae
378 3253 857 3343 probatama4Patriarchis
869 3255 1017 3348 aliisque
1028 3254 1215 3346 Episcopis'

54 3357 277 3429 schismaticis
299 3360 352 3430 ed.
368 3359 510 3450 Lipsiae
533 3361 573 3431 P.
589 3361 619 3430 Ι.
635 3387 668 3456 q.
685 3363 718 3432 9.
734 3387 774 3453 p.
784 3362 855 3448 25).

107 3467 182 3538 Hoc
205 3467 320 3559 posito
343 3467 380 3536 in
405 3468 523 3536 verbis
545 3469 633 3559 ipsis
664 3471 886 3539 manifestum
910 3476 980 3554 est,
1004 3470 1112 3539 aliam
1135 3469 1212 3538 uni·

50 3581 149 3645 tatem
171 3573 353 3644 enuntiari
369 3573 499 3660 Patris,
518 3574 627 3645 Verbi
649 3583 685 3647 et
707 3577 863 3668 Spiritus
887 3577 1021 3664 Sancti,
1047 3587 1084 3647 et
1105 3577 1212 3645 aliam

46 3684 208 3773 spiritus,
241 3703 351 3774 aquae
384 3689 422 3751 et
451 3684 647 3773 sanguinis.
684 3686 808 3771 Pater,
842 3685 1015 3772 Verbum,
1054 3686 1212 3776 Spiritus

45 3789 191 3861 Sanctus
213 3790 381 3859 dicuntur
396 3796 469 3859 tres
484 3812 558 3860 esse
574 3816 677 3858 unam
694 3793 921 3883 simpliciter,
941 3793 1102 3884 spiritus,
1121 3813 1213 3884 aqua

43 3899 235 3989 atsanguis
250 3898 416 3968 dicuntur
438 3922 513 3969 esse
529 3902 567 3966 in
582 3926 699 3984 anum,
713 3901 887 3992 pertinere
899 3903 1034 3971 seilicet
1049 3902 1094 3971 ad
1107 3925 1212 3971 unam

39 4008 249 4099 undamque
262 4007 447 4077 veritatem
459 4008 761 4078 demonstrandam
773 4031 813 4081 ac
825 4009 1033 4095 testandam,
1050 4010 1125 4079 siva
1137 4031 1212 4081 esse

40 4143 147 4191 unum
169 4115 384 4188 testimonio.

11 4280 16 4289 .
100 4225 339 4298 concedamus
361 4228 446 4296 varo
469 4224 746 4318 parallelismum
762 4225 950 4314 verbalem,
966 4226 1082 4320 qualis
1098 4226 1135 4296 in
1152 4248 1211 4296 no·

107 4371 154 4449 (1)
170 4374 215 4428 Dr
231 4372 283 4427 boo
299 4370 393 4426 oodlos
410 4372 471 4440 legi
483 4377 606 4443 possunt
624 4372 769 4431 vindicias
783 4374 860 4445 apud
878 4375 1009 4431 carolum
1027 4375 1145 4431 Forstss·
1155 4374 1213 4430 Au·

38 4467 187 4534 pileum
204 4464 289 4533 oper.
301 4462 451 4518 us.c.x1.

1102 4560 1119 4598 a
