3172 4950
650 305 828 381 ..aar-

188 418 275 495 atur,
302 410 395 503 quod
412 433 504 479 unus
524 410 620 479 Deus
636 415 690 479 est
704 411 810 480 Pater
826 417 862 480 et
877 409 992 479 Filius
1008 416 1044 480 et
1061 410 1218 502 Spiritus
1240 412 1325 481 San·

188 540 241 603 ua,
263 526 348 587 tres·
362 539 528 608 personae
552 518 697 587 realiter
721 518 815 587 inter
838 542 874 588 se
899 518 1098 588 distinctae.

220 626 437 717 Simplicitas
459 626 573 695 divini
596 626 688 697 Essa
706 626 742 694 in
767 626 968 695 definitione
990 628 1221 698 Lateranensi
1248 633 1326 719 ipsa

188 734 253 804 elnt
274 734 538 804 fundamentum
562 735 775 824 supponitur
798 734 842 802 ad
866 734 1133 821 declarandum,
1160 736 1250 828 quod
1274 738 1325 805 di-

188 842 414 912 incessentia
438 843 515 932 ipsa
538 848 593 911 est
614 841 720 910 Pater
736 847 772 911 et
785 841 903 909 Filius
926 849 962 911 et
985 842 1143 931 Spiritus
1160 844 1323 929 Sanctus,

188 956 258 1041 tque
280 949 358 1018 ideo
381 972 449 1017 non
473 948 626 1017 essentia
648 948 809 1017 absoluta
832 971 854 1015 a
876 950 1033 1038 personis
1059 951 1154 1019 inter
1178 974 1213 1020 se
1237 951 1325 1019 rela-

188 1056 243 1125 iris
264 1059 332 1126 aed·
346 1063 483 1125 tantum
507 1078 673 1147 personae
696 1056 789 1124 inter
812 1080 848 1125 se
871 1056 1017 1126 realiter
1039 1057 1323 1147 distinguuntur.

188 1166 300 1255 *ropter
322 1164 413 1233 hanc
436 1164 657 1232 identitatem
681 1164 852 1233 essentiae
876 1164 982 1233 unius
1006 1188 1082 1233 oum
1110 1166 1225 1235 tribus
1249 1190 1324 1257 per·

188 1273 249 1341 onia
270 1272 371 1342 docet
392 1272 585 1341 Concilium
610 1295 677 1340 non
701 1294 775 1341 esse
799 1274 1070 1365 quaternitatem
1096 1280 1156 1362 (ut
1170 1275 1325 1344 Ioaohim

188 1376 331 1449 llorensis
354 1381 472 1449 Abbas
496 1381 668 1449 obiecerat
690 1380 911 1466 Lombardo),
938 1381 998 1450 sed
1022 1382 1233 1450 Trinitatem
1247 1390 1325 1451 tan·
1354 1396 1358 1405 '

188 1488 328 1556 ammodo
353 1511 588 1578 personarum.
607 1488 662 1556 Ex
676 1488 793 1556 eadem
809 1488 949 1556 infinita
973 1488 1210 1579 simplicitate,
1230 1490 1325 1558 utin

188 1592 319 1664 niversa
342 1596 504 1664 doctrina
527 1597 731 1687 Scripturas
755 1601 791 1663 et
812 1596 955 1664 Petrum
981 1601 1017 1664 et
1040 1618 1061 1663 a
1084 1596 1238 1665 Concilio
1261 1598 1325 1665 ite·

188 1722 234 1769 um
255 1702 430 1793 proposita
453 1710 526 1789 est,
551 1726 654 1794 porro
681 1702 925 1792 consequitur,
950 1725 1019 1770 non
1045 1725 1144 1793 posse
1175 1725 1196 1769 a
1226 1704 1325 1771 nobis

188 1810 427 1882 maidarationo
443 1813 569 1882 mentis
585 1812 760 1902 distingui
780 1810 890 1879 ullam
912 1812 978 1879 Dei
1001 1812 1247 1902 perfectionem
1263 1820 1326 1882 aut
1422 1870 1438 1901 ,

188 1920 332 1989 ormalem
355 1921 539 2008 rationem,
559 1922 644 2013 quin
667 1921 803 2006 eadem,
822 1921 992 1990 obiective
1015 1928 1051 1990 et
1074 1922 1174 1990 utin
1199 1943 1234 1991 se
1257 1928 1323 2007 est,

188 2026 312 2097 roludat
334 2052 396 2098 seu
419 2030 543 2099 melius
566 2030 715 2120 ipsamet
737 2030 786 2097 sit
809 2029 953 2098 realiter
977 2029 1155 2099 infinitum
1171 2031 1258 2099 ane
1273 2030 1325 2099 di·

188 2134 275 2205 inum
298 2159 339 2207 ee
362 2139 456 2208 entia
479 2138 633 2206 absoluti
655 2137 851 2227 plenitudo.
1256 2204 1259 2211 .

205 2242 321 2337 Itaqpe
338 2247 369 2313 1·
386 2247 572 2315 tenendum
595 2252 660 2332 est,
687 2269 754 2314 non
778 2245 885 2313 aliam
908 2268 981 2315 rem
997 2270 1071 2316 esse
1087 2248 1272 2317 essentiam
1290 2256 1327 2316 et

188 2350 260 2424 liam
281 2353 485 2423 relationem
508 2353 546 2421 in
569 2353 641 2422 Deo
665 2353 724 2422 sed
749 2354 888 2421 omnino
912 2376 984 2424 rem
998 2356 1152 2442 eandem,
1171 2360 1325 2423 attamen

188 2462 228 2531 lia
247 2471 299 2533 est
322 2462 481 2531 formalis
504 2462 595 2531 ratic
618 2462 790 2531 essentiae
806 2468 841 2530 et
857 2460 929 2529 alia
952 2462 1146 2548 relationis,
1172 2464 1324 2555 haecque

188 2570 332 2642 istinctic
355 2577 409 2639 est
433 2593 510 2639 cum
534 2570 761 2639 fundamento
786 2571 823 2637 in
846 2593 895 2639 re.
937 2598 942 2607 ·

223 2678 311 2763 Quia
334 2701 397 2746 nos
419 2678 622 2767 imperfecto
645 2683 764 2745 nostro
788 2678 886 2746 modo
910 2676 1139 2766 cognoscendi
1164 2700 1232 2745 non
1248 2698 1323 2767 pos·

188 2808 270 2856 unus
300 2809 369 2855 uno
399 2790 568 2874 conceptu
599 2783 780 2874 complecti
808 2790 918 2852 totam
949 2784 1201 2875 plenitudinem
1233 2783 1325 2853 eutis

188 2893 381 2983 &omnino
405 2893 565 2976 confuse,
592 2891 668 2960 ideo
691 2890 736 2959 ad
759 2889 1013 2959 distinctiorem
1036 2889 1190 2982 aliquam
1220 2889 1324 2957 intel·

188 3002 333 3072 tationem
367 3000 433 3069 Dei
467 2997 715 3068 efformandam
746 2998 860 3088 ipsum
892 3021 999 3065 unum
1029 2997 1117 3064 Erre
1147 2996 1325 3066 infinitum

188 3130 315 3180 mamur
335 3108 475 3200 assequi
492 3107 605 3176 veluti
620 3128 682 3198 per
698 3112 817 3197 partes
834 3107 897 3175 sub
917 3105 1067 3174 diversis
1082 3105 1325 3197 inadaequatis

188 3220 372 3309 suceptibus
395 3215 659 3308 perfectionum,
685 3204 868 3298 essentiae,
886 3214 1098 3299 intellectus,
1117 3213 1322 3298 voluntatis,

188 3326 354 3414 apientiae,
370 3323 538 3392 bonitatis
550 3328 631 3406 etc,
644 3322 770 3413 quibus
784 3322 940 3390 omnibus
953 3321 1173 3411 conceptibus
1186 3343 1324 3411 respon·

188 3426 331 3503 latunum
343 3434 431 3501 Esse
446 3430 635 3516 infinitum;
661 3429 806 3497 realiter
828 3428 919 3498 enim
942 3427 1033 3497 illud
1053 3434 1108 3496 est
1122 3435 1158 3497 et
1173 3429 1325 3498 essentia

188 3538 410 3610 tintellectus
434 3543 470 3607 et
493 3537 658 3605 voluntas
681 3541 748 3604 etc.
768 3536 820 3604 At
838 3534 928 3602 haec
952 3532 1067 3601 omnia
1084 3556 1151 3601 non
1175 3541 1229 3602 ast
1243 3533 1325 3601 aliia

188 3646 291 3718 taliis
313 3646 588 3741 perfectionibus
614 3669 675 3715 seu
698 3644 922 3714 realitatibus
940 3643 978 3712 in
993 3644 1066 3712 Deo
1089 3643 1164 3732 ipso
1180 3640 1325 3711 realiter

188 3747 341 3843 llatinctis,
368 3757 428 3826 sed
452 3761 506 3824 est
529 3776 599 3822 una
622 3754 763 3822 infinita
786 3752 916 3821 entitas
947 3751 1134 3821 secundum
1165 3749 1326 3819 diversas

188 3858 254 3933 velut
278 3866 474 3935 functiones
503 3862 728 3955 aequivalens
759 3860 816 3929 his
847 3860 1005 3928 omnibus
1037 3857 1322 3950 perfectionibus.

188 3958 256 4045 laod
275 3973 486 4063 concipimus
510 3972 575 4040 sub
598 3970 677 4039 idea
701 3993 730 4037 e.
750 3995 785 4058 g.
806 3968 998 4058 sapientiae
1026 3966 1186 4035 infinitae
1203 3987 1326 4035 revera

188 4077 266 4147 utin
285 4082 356 4151 Deo
378 4087 415 4150 et
437 4085 491 4149 est
513 4079 608 4147 Deus
632 4078 729 4168 ipse,
756 4076 816 4145 sed
840 4075 957 4144 eadem
985 4097 1041 4144 res
1073 4073 1249 4143 obiectiva
1271 4094 1324 4141 re-

188 4186 320 4265 ondens
342 4189 426 4258 huic
450 4187 632 4285 conceptui
655 4184 847 4275 sapientiae
863 4188 916 4253 est
931 4183 1037 4252 etiam
1060 4181 1322 4272 omnipotentia,

189 4278 293 4363 lustitia
304 4303 386 4382 etc,
402 4296 484 4388 quia
499 4301 555 4364 est
570 4295 647 4384 ipsa
662 4293 754 4361 entis
770 4292 923 4360 absoluti
939 4290 1131 4381 plenitudo.
1146 4288 1221 4356 Iam
1235 4286 1324 4380 quod

191 4394 315 4481 selcia
337 4403 552 4495 concipimus
575 4403 639 4471 sub
663 4401 751 4470 ideis
774 4398 981 4491 sapientiae,
1007 4398 1168 4467 iustitiae
1183 4402 1220 4465 et
1235 4400 1325 4464 ceto·
