<?xml version="1.0" encoding="UTF-8"?>
<!DOCTYPE html PUBLIC "-//W3C//DTD XHTML 1.0 Transitional//EN"
    "http://www.w3.org/TR/xhtml1/DTD/xhtml1-transitional.dtd">
<html xmlns="http://www.w3.org/1999/xhtml" xml:lang="en" lang="en">
 <head>
  <title>
</title>
<meta http-equiv="Content-Type" content="text/html;charset=utf-8" />
  <meta name='ocr-system' content='tesseract 3.04.00' />
  <meta name='ocr-capabilities' content='ocr_page ocr_carea ocr_par ocr_line ocrx_word'/>
</head>
<body>
  <div class='ocr_page' id='page_1' title='image "./tractatusdedeot00frangoog/tractatusdedeot00frangoog_0312.png"; bbox 0 0 3172 4950; ppageno 0'>
   <div class='ocr_carea' id='block_1_1' title="bbox 188 318 1340 4089">
    <p class='ocr_par' dir='ltr' id='par_1_1' title="bbox 647 318 826 383">
     <span class='ocr_line' id='line_1_1' title="bbox 647 318 826 383; baseline 0.006 -15"><span class='ocrx_word' id='word_1_1' title='bbox 647 352 686 368; x_wconf 91' lang='grc'><strong>..</strong></span> <span class='ocrx_word' id='word_1_2' title='bbox 707 318 765 383; x_wconf 79' lang='grc'><strong>301</strong></span> <span class='ocrx_word' id='word_1_3' title='bbox 788 353 826 369; x_wconf 88' lang='grc'><strong>..</strong></span> 
     </span>
    </p>

    <p class='ocr_par' dir='ltr' id='par_1_2' title="bbox 188 423 1330 2876">
     <span class='ocr_line' id='line_1_2' title="bbox 188 423 1320 518; baseline -0.007 -19"><span class='ocrx_word' id='word_1_4' title='bbox 188 451 197 499; x_wconf 63' lang='grc' dir='ltr'><em>ι</em></span> <span class='ocrx_word' id='word_1_5' title='bbox 215 449 274 518; x_wconf 88' lang='lat' dir='ltr'><strong>per</strong></span> <span class='ocrx_word' id='word_1_6' title='bbox 297 423 588 517; x_wconf 72' lang='lat' dir='ltr'><strong>comparationem</strong></span> <span class='ocrx_word' id='word_1_7' title='bbox 611 426 763 518; x_wconf 87' lang='lat' dir='ltr'><strong>adeoque</strong></span> <span class='ocrx_word' id='word_1_8' title='bbox 785 426 985 496; x_wconf 88' lang='lat' dir='ltr'><strong>notionibus</strong></span> <span class='ocrx_word' id='word_1_9' title='bbox 1008 425 1226 515; x_wconf 62' lang='lat' dir='ltr'><strong>carimeris,</strong></span> <span class='ocrx_word' id='word_1_10' title='bbox 1251 447 1320 493; x_wconf 90' lang='lat' dir='ltr'><strong>non</strong></span> 
     </span>
     <span class='ocr_line' id='line_1_3' title="bbox 188 532 1319 626; baseline -0.005 -20"><span class='ocrx_word' id='word_1_11' title='bbox 188 543 265 606; x_wconf 84' lang='lat' dir='ltr'><strong>rtem</strong></span> <span class='ocrx_word' id='word_1_12' title='bbox 286 534 377 605; x_wconf 87' lang='lat' dir='ltr'><strong>ideis</strong></span> <span class='ocrx_word' id='word_1_13' title='bbox 398 557 441 604; x_wconf 86' lang='lat' dir='ltr'><strong>ex</strong></span> <span class='ocrx_word' id='word_1_14' title='bbox 464 534 653 603; x_wconf 75' lang='lat' dir='ltr'><strong>intuitione</strong></span> <span class='ocrx_word' id='word_1_15' title='bbox 675 534 801 605; x_wconf 89' lang='lat' dir='ltr'><strong>obiecti</strong></span> <span class='ocrx_word' id='word_1_16' title='bbox 824 536 861 603; x_wconf 92' lang='lat' dir='ltr'><strong>in</strong></span> <span class='ocrx_word' id='word_1_17' title='bbox 885 557 921 604; x_wconf 91' lang='lat' dir='ltr'><strong>se</strong></span> <span class='ocrx_word' id='word_1_18' title='bbox 936 535 1012 626; x_wconf 87' lang='lat' dir='ltr'><strong>ipso</strong></span> <span class='ocrx_word' id='word_1_19' title='bbox 1029 532 1202 618; x_wconf 81' lang='lat' dir='ltr'><strong>formatis,</strong></span> <span class='ocrx_word' id='word_1_20' title='bbox 1222 532 1319 601; x_wconf 91' lang='lat' dir='ltr'><strong>adeo·</strong></span> 
     </span>
     <span class='ocr_line' id='line_1_4' title="bbox 188 641 1321 735; baseline -0.004 -20"><span class='ocrx_word' id='word_1_21' title='bbox 188 669 218 716; x_wconf 80' lang='lat' dir='ltr'><strong>se</strong></span> <span class='ocrx_word' id='word_1_22' title='bbox 244 667 313 714; x_wconf 92' lang='lat' dir='ltr'><strong>non</strong></span> <span class='ocrx_word' id='word_1_23' title='bbox 343 643 545 713; x_wconf 89' lang='lat' dir='ltr'><strong>notionibus</strong></span> <span class='ocrx_word' id='word_1_24' title='bbox 570 646 729 735; x_wconf 84' lang='lat' dir='ltr'><strong>propriis</strong></span> <span class='ocrx_word' id='word_1_25' title='bbox 758 644 993 734; x_wconf 87' lang='lat' dir='ltr'><strong>concipimus,</strong></span> <span class='ocrx_word' id='word_1_26' title='bbox 1031 641 1118 735; x_wconf 74' lang='lat' dir='ltr'><strong>prid</strong></span> <span class='ocrx_word' id='word_1_27' title='bbox 1150 646 1198 709; x_wconf 84' lang='lat' dir='ltr'><strong>cir</strong></span> <span class='ocrx_word' id='word_1_28' title='bbox 1227 642 1321 711; x_wconf 90' lang='lat' dir='ltr'><strong>Dens</strong></span> 
     </span>
     <span class='ocr_line' id='line_1_5' title="bbox 188 749 1322 840; baseline -0.005 -17"><span class='ocrx_word' id='word_1_29' title='bbox 188 753 285 823; x_wconf 65' lang='lat' dir='ltr'><strong>rece.</strong></span> <span class='ocrx_word' id='word_1_30' title='bbox 310 753 354 821; x_wconf 91' lang='lat' dir='ltr'><strong>de</strong></span> <span class='ocrx_word' id='word_1_31' title='bbox 374 751 474 839; x_wconf 89' lang='lat' dir='ltr'><strong>Deo).</strong></span> <span class='ocrx_word' id='word_1_32' title='bbox 507 751 566 819; x_wconf 89' lang='lat' dir='ltr'><strong>Ita</strong></span> <span class='ocrx_word' id='word_1_33' title='bbox 587 750 692 820; x_wconf 91' lang='lat' dir='ltr'><strong>etiam</strong></span> <span class='ocrx_word' id='word_1_34' title='bbox 717 751 799 819; x_wconf 87' lang='lat' dir='ltr'><strong>dum</strong></span> <span class='ocrx_word' id='word_1_35' title='bbox 822 775 890 820; x_wconf 90' lang='lat' dir='ltr'><strong>non</strong></span> <span class='ocrx_word' id='word_1_36' title='bbox 912 752 983 818; x_wconf 91' lang='lat' dir='ltr'><strong>iam</strong></span> <span class='ocrx_word' id='word_1_37' title='bbox 1006 772 1048 818; x_wconf 84' lang='lat' dir='ltr'><strong>ex</strong></span> <span class='ocrx_word' id='word_1_38' title='bbox 1072 750 1234 840; x_wconf 82' lang='lat' dir='ltr'><strong>oporibus</strong></span> <span class='ocrx_word' id='word_1_39' title='bbox 1256 749 1322 819; x_wconf 92' lang='lat' dir='ltr'><strong>Dei</strong></span> 
     </span>
     <span class='ocr_line' id='line_1_6' title="bbox 188 857 1321 950; baseline -0.004 -20"><span class='ocrx_word' id='word_1_40' title='bbox 188 859 352 930; x_wconf 85' lang='lat' dir='ltr'><strong>isibilibus</strong></span> <span class='ocrx_word' id='word_1_41' title='bbox 374 857 571 927; x_wconf 87' lang='lat' dir='ltr'><strong>invisibilia</strong></span> <span class='ocrx_word' id='word_1_42' title='bbox 592 858 657 927; x_wconf 91' lang='lat' dir='ltr'><strong>Dei</strong></span> <span class='ocrx_word' id='word_1_43' title='bbox 679 858 860 928; x_wconf 88' lang='lat' dir='ltr'><strong>intellecta</strong></span> <span class='ocrx_word' id='word_1_44' title='bbox 883 858 1126 950; x_wconf 87' lang='lat' dir='ltr'><strong>conspiciende</strong></span> <span class='ocrx_word' id='word_1_45' title='bbox 1148 865 1243 943; x_wconf 88' lang='lat' dir='ltr'><strong>sunt,</strong></span> <span class='ocrx_word' id='word_1_46' title='bbox 1262 858 1321 927; x_wconf 91' lang='lat' dir='ltr'><strong>sed</strong></span> 
     </span>
     <span class='ocr_line' id='line_1_7' title="bbox 188 966 1322 1058; baseline -0.007 -18"><span class='ocrx_word' id='word_1_47' title='bbox 188 992 216 1040; x_wconf 84' lang='lat' dir='ltr'><strong>er</strong></span> <span class='ocrx_word' id='word_1_48' title='bbox 233 969 378 1038; x_wconf 81' lang='lat' dir='ltr'><strong>verbum</strong></span> <span class='ocrx_word' id='word_1_49' title='bbox 407 967 472 1035; x_wconf 91' lang='lat' dir='ltr'><strong>Dei</strong></span> <span class='ocrx_word' id='word_1_50' title='bbox 501 966 674 1036; x_wconf 89' lang='lat' dir='ltr'><strong>credenda</strong></span> <span class='ocrx_word' id='word_1_51' title='bbox 702 971 965 1058; x_wconf 88' lang='lat' dir='ltr'><strong>proponuntur,</strong></span> <span class='ocrx_word' id='word_1_52' title='bbox 999 966 1085 1036; x_wconf 90' lang='lat' dir='ltr'><strong>haec</strong></span> <span class='ocrx_word' id='word_1_53' title='bbox 1115 966 1181 1036; x_wconf 90' lang='lat' dir='ltr'><strong>Dei</strong></span> <span class='ocrx_word' id='word_1_54' title='bbox 1215 966 1322 1037; x_wconf 91' lang='lat' dir='ltr'><strong>verba</strong></span> 
     </span>
     <span class='ocr_line' id='line_1_8' title="bbox 188 1073 1322 1169; baseline -0.004 -23"><span class='ocrx_word' id='word_1_55' title='bbox 188 1082 289 1169; x_wconf 85' lang='lat' dir='ltr'><strong>portet</strong></span> <span class='ocrx_word' id='word_1_56' title='bbox 310 1096 386 1144; x_wconf 89' lang='lat' dir='ltr'><strong>esse</strong></span> <span class='ocrx_word' id='word_1_57' title='bbox 409 1074 511 1166; x_wconf 87' lang='lat' dir='ltr'><strong>signa</strong></span> <span class='ocrx_word' id='word_1_58' title='bbox 534 1074 710 1160; x_wconf 89' lang='lat' dir='ltr'><strong>idearum,</strong></span> <span class='ocrx_word' id='word_1_59' title='bbox 736 1096 884 1167; x_wconf 88' lang='lat' dir='ltr'><strong>querum</strong></span> <span class='ocrx_word' id='word_1_60' title='bbox 900 1074 1068 1164; x_wconf 84' lang='lat' dir='ltr'><strong>analogas</strong></span> <span class='ocrx_word' id='word_1_61' title='bbox 1084 1075 1242 1143; x_wconf 89' lang='lat' dir='ltr'><strong>notiones</strong></span> <span class='ocrx_word' id='word_1_62' title='bbox 1258 1073 1322 1142; x_wconf 87' lang='lat' dir='ltr'><strong>ali·</strong></span> 
     </span>
     <span class='ocr_line' id='line_1_9' title="bbox 188 1182 1318 1274; baseline -0.004 -20"><span class='ocrx_word' id='word_1_63' title='bbox 188 1206 242 1254; x_wconf 85' lang='lat' dir='ltr'><strong>uae</strong></span> <span class='ocrx_word' id='word_1_64' title='bbox 262 1183 430 1274; x_wconf 84' lang='lat' dir='ltr'><strong>primitus</strong></span> <span class='ocrx_word' id='word_1_65' title='bbox 452 1204 494 1251; x_wconf 87' lang='lat' dir='ltr'><strong>ex</strong></span> <span class='ocrx_word' id='word_1_66' title='bbox 518 1182 693 1251; x_wconf 90' lang='lat' dir='ltr'><strong>creaturis</strong></span> <span class='ocrx_word' id='word_1_67' title='bbox 716 1183 895 1252; x_wconf 86' lang='lat' dir='ltr'><strong>derivatas</strong></span> <span class='ocrx_word' id='word_1_68' title='bbox 918 1184 988 1250; x_wconf 89' lang='lat' dir='ltr'><strong>iam</strong></span> <span class='ocrx_word' id='word_1_69' title='bbox 1011 1189 1123 1251; x_wconf 89' lang='lat' dir='ltr'><strong>mente</strong></span> <span class='ocrx_word' id='word_1_70' title='bbox 1156 1203 1318 1272; x_wconf 87' lang='lat' dir='ltr'><strong>praecon-</strong></span> 
     </span>
     <span class='ocr_line' id='line_1_10' title="bbox 188 1288 1323 1384; baseline -0.004 -23"><span class='ocrx_word' id='word_1_71' title='bbox 188 1294 326 1384; x_wconf 80' lang='lat' dir='ltr'><strong>epimus3</strong></span> <span class='ocrx_word' id='word_1_72' title='bbox 354 1312 453 1360; x_wconf 89' lang='lat' dir='ltr'><strong>secus</strong></span> <span class='ocrx_word' id='word_1_73' title='bbox 474 1289 566 1361; x_wconf 87' lang='lat' dir='ltr'><strong>enim</strong></span> <span class='ocrx_word' id='word_1_74' title='bbox 590 1292 698 1361; x_wconf 87' lang='lat' dir='ltr'><strong>verba</strong></span> <span class='ocrx_word' id='word_1_75' title='bbox 720 1288 820 1360; x_wconf 89' lang='lat' dir='ltr'><strong>nobis</strong></span> <span class='ocrx_word' id='word_1_76' title='bbox 843 1314 911 1360; x_wconf 88' lang='lat' dir='ltr'><strong>non</strong></span> <span class='ocrx_word' id='word_1_77' title='bbox 935 1296 1051 1360; x_wconf 85' lang='lat' dir='ltr'><strong>essent</strong></span> <span class='ocrx_word' id='word_1_78' title='bbox 1066 1292 1170 1380; x_wconf 84' lang='lat' dir='ltr'><strong>signa</strong></span> <span class='ocrx_word' id='word_1_79' title='bbox 1186 1290 1229 1358; x_wconf 88' lang='lat' dir='ltr'><strong>ad</strong></span> <span class='ocrx_word' id='word_1_80' title='bbox 1246 1312 1323 1359; x_wconf 91' lang='lat' dir='ltr'><strong>con·</strong></span> 
     </span>
     <span class='ocr_line' id='line_1_11' title="bbox 188 1397 1323 1491; baseline -0.004 -23"><span class='ocrx_word' id='word_1_81' title='bbox 188 1398 329 1491; x_wconf 86' lang='lat' dir='ltr'><strong>ipiendas</strong></span> <span class='ocrx_word' id='word_1_82' title='bbox 352 1398 448 1467; x_wconf 86' lang='lat' dir='ltr'><strong>ideas</strong></span> <span class='ocrx_word' id='word_1_83' title='bbox 470 1397 689 1487; x_wconf 81' lang='lat' dir='ltr'><strong>significatas</strong></span> <span class='ocrx_word' id='word_1_84' title='bbox 712 1398 852 1489; x_wconf 82' lang='lat' dir='ltr'><strong>perillo</strong></span> <span class='ocrx_word' id='word_1_85' title='bbox 868 1398 927 1467; x_wconf 87' lang='lat' dir='ltr'><strong>sed</strong></span> <span class='ocrx_word' id='word_1_86' title='bbox 945 1421 1059 1467; x_wconf 88' lang='lat' dir='ltr'><strong>merus</strong></span> <span class='ocrx_word' id='word_1_87' title='bbox 1075 1397 1323 1467; x_wconf 85' lang='lat' dir='ltr'><strong>vocabulorum</strong></span> 
     </span>
     <span class='ocr_line' id='line_1_12' title="bbox 188 1503 1325 1596; baseline -0.005 -20"><span class='ocrx_word' id='word_1_88' title='bbox 188 1529 269 1576; x_wconf 85' lang='lat' dir='ltr'><strong>onus.</strong></span> <span class='ocrx_word' id='word_1_89' title='bbox 286 1505 329 1573; x_wconf 93' lang='lat' dir='ltr'><strong>In</strong></span> <span class='ocrx_word' id='word_1_90' title='bbox 352 1528 391 1574; x_wconf 92' lang='lat' dir='ltr'><strong>re</strong></span> <span class='ocrx_word' id='word_1_91' title='bbox 413 1505 589 1596; x_wconf 74' lang='lat' dir='ltr'><strong>praesenti</strong></span> <span class='ocrx_word' id='word_1_92' title='bbox 612 1504 694 1574; x_wconf 89' lang='lat' dir='ltr'><strong>dum</strong></span> <span class='ocrx_word' id='word_1_93' title='bbox 717 1506 861 1576; x_wconf 90' lang='lat' dir='ltr'><strong>docetur</strong></span> <span class='ocrx_word' id='word_1_94' title='bbox 883 1506 1001 1591; x_wconf 87' lang='lat' dir='ltr'><strong>Pater,</strong></span> <span class='ocrx_word' id='word_1_95' title='bbox 1019 1505 1147 1589; x_wconf 83' lang='lat' dir='ltr'><strong>Filius,</strong></span> <span class='ocrx_word' id='word_1_96' title='bbox 1167 1503 1325 1594; x_wconf 83' lang='lat' dir='ltr'><strong>Spiritus</strong></span> 
     </span>
     <span class='ocr_line' id='line_1_13' title="bbox 188 1611 1320 1699; baseline -0.005 -15"><span class='ocrx_word' id='word_1_97' title='bbox 188 1616 306 1684; x_wconf 75' lang='lat' dir='ltr'><strong>tanetus</strong></span> <span class='ocrx_word' id='word_1_98' title='bbox 329 1629 422 1683; x_wconf 84' lang='lat' dir='ltr'><strong>uuus</strong></span> <span class='ocrx_word' id='word_1_99' title='bbox 445 1613 559 1699; x_wconf 85' lang='lat' dir='ltr'><strong>Deus,</strong></span> <span class='ocrx_word' id='word_1_100' title='bbox 585 1636 656 1683; x_wconf 87' lang='lat' dir='ltr'><strong>una</strong></span> <span class='ocrx_word' id='word_1_101' title='bbox 678 1613 791 1683; x_wconf 90' lang='lat' dir='ltr'><strong>deitas</strong></span> <span class='ocrx_word' id='word_1_102' title='bbox 814 1620 850 1683; x_wconf 88' lang='lat' dir='ltr'><strong>et</strong></span> <span class='ocrx_word' id='word_1_103' title='bbox 873 1621 945 1684; x_wconf 88' lang='lat' dir='ltr'><strong>tres</strong></span> <span class='ocrx_word' id='word_1_104' title='bbox 968 1616 1062 1683; x_wconf 87' lang='lat' dir='ltr'><strong>inter</strong></span> <span class='ocrx_word' id='word_1_105' title='bbox 1086 1628 1122 1682; x_wconf 81' lang='lat' dir='ltr'><strong>se</strong></span> <span class='ocrx_word' id='word_1_106' title='bbox 1145 1611 1320 1696; x_wconf 88' lang='lat' dir='ltr'><strong>distincti,</strong></span> 
     </span>
     <span class='ocr_line' id='line_1_14' title="bbox 188 1722 1324 1817; baseline -0.006 -23"><span class='ocrx_word' id='word_1_107' title='bbox 188 1725 275 1817; x_wconf 71' lang='lat' dir='ltr'><strong>niet</strong></span> <span class='ocrx_word' id='word_1_108' title='bbox 296 1722 433 1812; x_wconf 82' lang='lat' dir='ltr'><strong>singuli</strong></span> <span class='ocrx_word' id='word_1_109' title='bbox 455 1730 491 1792; x_wconf 90' lang='lat' dir='ltr'><strong>et</strong></span> <span class='ocrx_word' id='word_1_110' title='bbox 512 1728 585 1791; x_wconf 88' lang='lat' dir='ltr'><strong>tres</strong></span> <span class='ocrx_word' id='word_1_111' title='bbox 612 1722 717 1792; x_wconf 87' lang='lat' dir='ltr'><strong>simul</strong></span> <span class='ocrx_word' id='word_1_112' title='bbox 742 1729 826 1792; x_wconf 89' lang='lat' dir='ltr'><strong>sunt</strong></span> <span class='ocrx_word' id='word_1_113' title='bbox 855 1723 950 1791; x_wconf 89' lang='lat' dir='ltr'><strong>Deus</strong></span> <span class='ocrx_word' id='word_1_114' title='bbox 981 1744 1082 1790; x_wconf 88' lang='lat' dir='ltr'><strong>unns:</strong></span> <span class='ocrx_word' id='word_1_115' title='bbox 1115 1742 1324 1812; x_wconf 89' lang='lat' dir='ltr'><strong>praesuppo-</strong></span> 
     </span>
     <span class='ocr_line' id='line_1_15' title="bbox 188 1829 1326 1921; baseline -0.004 -21"><span class='ocrx_word' id='word_1_116' title='bbox 188 1839 288 1903; x_wconf 79' lang='lat' dir='ltr'><strong>untur</strong></span> <span class='ocrx_word' id='word_1_117' title='bbox 309 1834 347 1902; x_wconf 91' lang='lat' dir='ltr'><strong>in</strong></span> <span class='ocrx_word' id='word_1_118' title='bbox 369 1835 483 1901; x_wconf 90' lang='lat' dir='ltr'><strong>mente</strong></span> <span class='ocrx_word' id='word_1_119' title='bbox 505 1836 626 1900; x_wconf 87' lang='lat' dir='ltr'><strong>nostra</strong></span> <span class='ocrx_word' id='word_1_120' title='bbox 648 1830 807 1899; x_wconf 89' lang='lat' dir='ltr'><strong>notiones</strong></span> <span class='ocrx_word' id='word_1_121' title='bbox 822 1829 1036 1921; x_wconf 80' lang='lat' dir='ltr'><strong>multiplices</strong></span> <span class='ocrx_word' id='word_1_122' title='bbox 1059 1829 1183 1899; x_wconf 88' lang='lat' dir='ltr'><strong>saltem</strong></span> <span class='ocrx_word' id='word_1_123' title='bbox 1208 1829 1326 1897; x_wconf 85' lang='lat' dir='ltr'><strong>confu-</strong></span> 
     </span>
     <span class='ocr_line' id='line_1_16' title="bbox 188 1939 1326 2032; baseline -0.009 -20"><span class='ocrx_word' id='word_1_124' title='bbox 188 1962 220 2012; x_wconf 80' lang='grc' dir='ltr'><strong>ιο</strong></span> <span class='ocrx_word' id='word_1_125' title='bbox 237 1939 500 2032; x_wconf 78' lang='lat' dir='ltr'><strong>perfectionum,</strong></span> <span class='ocrx_word' id='word_1_126' title='bbox 521 1940 596 2008; x_wconf 89' lang='lat' dir='ltr'><strong>sine</strong></span> <span class='ocrx_word' id='word_1_127' title='bbox 614 1939 741 2032; x_wconf 90' lang='lat' dir='ltr'><strong>quibus</strong></span> <span class='ocrx_word' id='word_1_128' title='bbox 755 1940 850 2008; x_wconf 89' lang='lat' dir='ltr'><strong>Deus</strong></span> <span class='ocrx_word' id='word_1_129' title='bbox 873 1939 1008 2029; x_wconf 90' lang='lat' dir='ltr'><strong>concipi</strong></span> <span class='ocrx_word' id='word_1_130' title='bbox 1023 1961 1092 2006; x_wconf 89' lang='lat' dir='ltr'><strong>non</strong></span> <span class='ocrx_word' id='word_1_131' title='bbox 1108 1942 1233 2028; x_wconf 81' lang='lat' dir='ltr'><strong>potest3</strong></span> <span class='ocrx_word' id='word_1_132' title='bbox 1251 1941 1326 2004; x_wconf 88' lang='lat' dir='ltr'><strong>tum</strong></span> 
     </span>
     <span class='ocr_line' id='line_1_17' title="bbox 188 2042 1329 2137; baseline -0.007 -19"><span class='ocrx_word' id='word_1_133' title='bbox 188 2048 311 2118; x_wconf 73' lang='lat' dir='ltr'><strong>odones</strong></span> <span class='ocrx_word' id='word_1_134' title='bbox 347 2046 543 2133; x_wconf 87' lang='lat' dir='ltr'><strong>essentiae,</strong></span> <span class='ocrx_word' id='word_1_135' title='bbox 580 2068 773 2137; x_wconf 88' lang='lat' dir='ltr'><strong>personae,</strong></span> <span class='ocrx_word' id='word_1_136' title='bbox 812 2046 1047 2136; x_wconf 79' lang='lat' dir='ltr'><strong>generationis</strong></span> <span class='ocrx_word' id='word_1_137' title='bbox 1082 2067 1143 2114; x_wconf 90' lang='lat' dir='ltr'><strong>seu</strong></span> <span class='ocrx_word' id='word_1_138' title='bbox 1178 2042 1329 2133; x_wconf 86' lang='lat' dir='ltr'><strong>originis</strong></span> 
     </span>
     <span class='ocr_line' id='line_1_18' title="bbox 188 2151 1329 2242; baseline -0.007 -17"><span class='ocrx_word' id='word_1_139' title='bbox 188 2156 264 2225; x_wconf 86' lang='lat' dir='ltr'><strong>nius</strong></span> <span class='ocrx_word' id='word_1_140' title='bbox 284 2157 329 2224; x_wconf 88' lang='lat' dir='ltr'><strong>ab</strong></span> <span class='ocrx_word' id='word_1_141' title='bbox 346 2154 470 2239; x_wconf 89' lang='lat' dir='ltr'><strong>altero,</strong></span> <span class='ocrx_word' id='word_1_142' title='bbox 490 2153 707 2238; x_wconf 82' lang='lat' dir='ltr'><strong>identitatis,</strong></span> <span class='ocrx_word' id='word_1_143' title='bbox 733 2153 971 2222; x_wconf 86' lang='lat' dir='ltr'><strong>distinctionis</strong></span> <span class='ocrx_word' id='word_1_144' title='bbox 995 2159 1078 2237; x_wconf 83' lang='lat' dir='ltr'><strong>etc,</strong></span> <span class='ocrx_word' id='word_1_145' title='bbox 1104 2151 1178 2221; x_wconf 87' lang='lat' dir='ltr'><strong>sine</strong></span> <span class='ocrx_word' id='word_1_146' title='bbox 1202 2152 1329 2242; x_wconf 88' lang='lat' dir='ltr'><strong>quibus</strong></span> 
     </span>
     <span class='ocr_line' id='line_1_19' title="bbox 188 2259 1328 2354; baseline -0.008 -21"><span class='ocrx_word' id='word_1_147' title='bbox 188 2286 254 2333; x_wconf 83' lang='lat' dir='ltr'><strong>rens</strong></span> <span class='ocrx_word' id='word_1_148' title='bbox 273 2286 343 2331; x_wconf 90' lang='lat' dir='ltr'><strong>non</strong></span> <span class='ocrx_word' id='word_1_149' title='bbox 365 2261 496 2354; x_wconf 86' lang='lat' dir='ltr'><strong>poterit</strong></span> <span class='ocrx_word' id='word_1_150' title='bbox 522 2268 560 2331; x_wconf 90' lang='lat' dir='ltr'><strong>et</strong></span> <span class='ocrx_word' id='word_1_151' title='bbox 582 2261 709 2354; x_wconf 90' lang='lat' dir='ltr'><strong>quibus</strong></span> <span class='ocrx_word' id='word_1_152' title='bbox 740 2259 956 2352; x_wconf 85' lang='lat' dir='ltr'><strong>praehabitis</strong></span> <span class='ocrx_word' id='word_1_153' title='bbox 986 2259 1118 2350; x_wconf 87' lang='lat' dir='ltr'><strong>poterit</strong></span> <span class='ocrx_word' id='word_1_154' title='bbox 1147 2259 1328 2326; x_wconf 87' lang='lat' dir='ltr'><strong>efformare</strong></span> 
     </span>
     <span class='ocr_line' id='line_1_20' title="bbox 188 2367 1329 2465; baseline -0.007 -24"><span class='ocrx_word' id='word_1_155' title='bbox 188 2370 308 2465; x_wconf 82' lang='lat' dir='ltr'><strong>liquem</strong></span> <span class='ocrx_word' id='word_1_156' title='bbox 331 2371 456 2439; x_wconf 88' lang='lat' dir='ltr'><strong>saltem</strong></span> <span class='ocrx_word' id='word_1_157' title='bbox 480 2371 662 2439; x_wconf 87' lang='lat' dir='ltr'><strong>confusum</strong></span> <span class='ocrx_word' id='word_1_158' title='bbox 676 2376 878 2460; x_wconf 89' lang='lat' dir='ltr'><strong>conceptum</strong></span> <span class='ocrx_word' id='word_1_159' title='bbox 901 2368 954 2436; x_wconf 91' lang='lat' dir='ltr'><strong>rei</strong></span> <span class='ocrx_word' id='word_1_160' title='bbox 968 2367 1012 2436; x_wconf 90' lang='lat' dir='ltr'><strong>ad</strong></span> <span class='ocrx_word' id='word_1_161' title='bbox 1029 2367 1235 2436; x_wconf 89' lang='lat' dir='ltr'><strong>credendum</strong></span> <span class='ocrx_word' id='word_1_162' title='bbox 1251 2387 1329 2456; x_wconf 94' lang='lat' dir='ltr'><strong>pro·</strong></span> 
     </span>
     <span class='ocr_line' id='line_1_21' title="bbox 188 2472 1330 2568; baseline -0.01 -20"><span class='ocrx_word' id='word_1_163' title='bbox 188 2478 311 2568; x_wconf 72' lang='lat' dir='ltr'><strong>ecee,</strong></span> <span class='ocrx_word' id='word_1_164' title='bbox 337 2478 541 2548; x_wconf 87' lang='lat' dir='ltr'><strong>removendo</strong></span> <span class='ocrx_word' id='word_1_165' title='bbox 571 2481 628 2565; x_wconf 88' lang='lat' dir='ltr'><strong>(ut</strong></span> <span class='ocrx_word' id='word_1_166' title='bbox 649 2477 691 2545; x_wconf 94' lang='lat' dir='ltr'><strong>de</strong></span> <span class='ocrx_word' id='word_1_167' title='bbox 715 2476 937 2567; x_wconf 86' lang='lat' dir='ltr'><strong>conceptibus</strong></span> <span class='ocrx_word' id='word_1_168' title='bbox 952 2474 1184 2545; x_wconf 87' lang='lat' dir='ltr'><strong>rationalibus</strong></span> <span class='ocrx_word' id='word_1_169' title='bbox 1196 2472 1330 2542; x_wconf 89' lang='lat' dir='ltr'><strong>dictum</strong></span> 
     </span>
     <span class='ocr_line' id='line_1_22' title="bbox 188 2581 1329 2680; baseline -0.007 -24"><span class='ocrx_word' id='word_1_170' title='bbox 188 2591 233 2673; x_wconf 76' lang='lat' dir='ltr'><strong>sc)</strong></span> <span class='ocrx_word' id='word_1_171' title='bbox 244 2613 303 2680; x_wconf 90' lang='lat' dir='ltr'><strong>per</strong></span> <span class='ocrx_word' id='word_1_172' title='bbox 325 2585 426 2656; x_wconf 48' lang='lat' dir='ltr'><strong>viam*</strong></span> <span class='ocrx_word' id='word_1_173' title='bbox 444 2587 644 2678; x_wconf 70' lang='lat' dir='ltr'><strong>cepaticum</strong></span> <span class='ocrx_word' id='word_1_174' title='bbox 666 2591 703 2655; x_wconf 88' lang='lat' dir='ltr'><strong>et</strong></span> <span class='ocrx_word' id='word_1_175' title='bbox 717 2587 1024 2675; x_wconf 76' lang='lat' dir='ltr'><strong>supereminentiae</strong></span> <span class='ocrx_word' id='word_1_176' title='bbox 1038 2581 1329 2673; x_wconf 81' lang='lat' dir='ltr'><strong>imperfectiones,</strong></span> 
     </span>
     <span class='ocr_line' id='line_1_23' title="bbox 188 2688 1330 2788; baseline -0.01 -21"><span class='ocrx_word' id='word_1_177' title='bbox 188 2717 250 2788; x_wconf 76' lang='lat' dir='ltr'><strong>puae</strong></span> <span class='ocrx_word' id='word_1_178' title='bbox 274 2697 372 2767; x_wconf 89' lang='lat' dir='ltr'><strong>hisce</strong></span> <span class='ocrx_word' id='word_1_179' title='bbox 394 2696 480 2788; x_wconf 85' lang='lat' dir='ltr'><strong>ipsis</strong></span> <span class='ocrx_word' id='word_1_180' title='bbox 503 2695 579 2764; x_wconf 86' lang='lat' dir='ltr'><strong>sive</strong></span> <span class='ocrx_word' id='word_1_181' title='bbox 602 2693 773 2763; x_wconf 85' lang='lat' dir='ltr'><strong>absolutis</strong></span> <span class='ocrx_word' id='word_1_182' title='bbox 797 2691 1069 2784; x_wconf 79' lang='lat' dir='ltr'><strong>perfectionibus</strong></span> <span class='ocrx_word' id='word_1_183' title='bbox 1093 2690 1168 2760; x_wconf 85' lang='lat' dir='ltr'><strong>sive</strong></span> <span class='ocrx_word' id='word_1_184' title='bbox 1191 2688 1330 2758; x_wconf 87' lang='lat' dir='ltr'><strong>relatio-</strong></span> 
     </span>
     <span class='ocr_line' id='line_1_24' title="bbox 188 2803 746 2876; baseline -0.004 -3"><span class='ocrx_word' id='word_1_185' title='bbox 188 2805 265 2875; x_wconf 79' lang='lat' dir='ltr'><strong>nibus</strong></span> <span class='ocrx_word' id='word_1_186' title='bbox 287 2806 325 2875; x_wconf 91' lang='lat' dir='ltr'><strong>in</strong></span> <span class='ocrx_word' id='word_1_187' title='bbox 348 2805 521 2876; x_wconf 77' lang='lat' dir='ltr'><strong>creaturis</strong></span> <span class='ocrx_word' id='word_1_188' title='bbox 543 2803 746 2872; x_wconf 88' lang='lat' dir='ltr'><strong>adbaerent.</strong></span> 
     </span>
    </p>

    <p class='ocr_par' dir='ltr' id='par_1_3' title="bbox 188 2908 1334 3647">
     <span class='ocr_line' id='line_1_25' title="bbox 231 2908 1330 3003; baseline -0.009 -20"><span class='ocrx_word' id='word_1_189' title='bbox 231 2914 423 2984; x_wconf 86' lang='lat' dir='ltr'><strong>Discrimen</strong></span> <span class='ocrx_word' id='word_1_190' title='bbox 445 2912 559 3003; x_wconf 86' lang='lat' dir='ltr'><strong>igitur</strong></span> <span class='ocrx_word' id='word_1_191' title='bbox 582 2912 677 2980; x_wconf 89' lang='lat' dir='ltr'><strong>inter</strong></span> <span class='ocrx_word' id='word_1_192' title='bbox 700 2916 888 3000; x_wconf 89' lang='lat' dir='ltr'><strong>conceptus</strong></span> <span class='ocrx_word' id='word_1_193' title='bbox 911 2908 1103 2978; x_wconf 87' lang='lat' dir='ltr'><strong>rationales</strong></span> <span class='ocrx_word' id='word_1_194' title='bbox 1119 2913 1155 2976; x_wconf 88' lang='lat' dir='ltr'><strong>et</strong></span> <span class='ocrx_word' id='word_1_195' title='bbox 1171 2928 1330 2997; x_wconf 88' lang='lat' dir='ltr'><strong>superra-</strong></span> 
     </span>
     <span class='ocr_line' id='line_1_26' title="bbox 188 3016 1332 3111; baseline -0.007 -21"><span class='ocrx_word' id='word_1_196' title='bbox 188 3019 309 3092; x_wconf 75' lang='lat' dir='ltr'><strong>tionales</strong></span> <span class='ocrx_word' id='word_1_197' title='bbox 332 3022 376 3091; x_wconf 89' lang='lat' dir='ltr'><strong>de</strong></span> <span class='ocrx_word' id='word_1_198' title='bbox 397 3022 492 3108; x_wconf 91' lang='lat' dir='ltr'><strong>Dec,</strong></span> <span class='ocrx_word' id='word_1_199' title='bbox 518 3025 560 3089; x_wconf 90' lang='lat' dir='ltr'><strong>ut</strong></span> <span class='ocrx_word' id='word_1_200' title='bbox 582 3019 745 3111; x_wconf 88' lang='lat' dir='ltr'><strong>superins</strong></span> <span class='ocrx_word' id='word_1_201' title='bbox 761 3018 831 3086; x_wconf 88' lang='lat' dir='ltr'><strong>iam</strong></span> <span class='ocrx_word' id='word_1_202' title='bbox 848 3017 1004 3087; x_wconf 88' lang='lat' dir='ltr'><strong>indicavi</strong></span> <span class='ocrx_word' id='word_1_203' title='bbox 1021 3016 1089 3104; x_wconf 89' lang='lat' dir='ltr'><strong>(th.</strong></span> <span class='ocrx_word' id='word_1_204' title='bbox 1104 3016 1252 3103; x_wconf 91' lang='lat' dir='ltr'><strong>XVH.),</strong></span> <span class='ocrx_word' id='word_1_205' title='bbox 1264 3038 1332 3083; x_wconf 91' lang='lat' dir='ltr'><strong>non</strong></span> 
     </span>
     <span class='ocr_line' id='line_1_27' title="bbox 188 3124 1334 3222; baseline -0.007 -22"><span class='ocrx_word' id='word_1_206' title='bbox 188 3135 223 3199; x_wconf 74' lang='lat' dir='ltr'><strong>ec</strong></span> <span class='ocrx_word' id='word_1_207' title='bbox 239 3132 273 3200; x_wconf 91' lang='lat' dir='ltr'><strong>in</strong></span> <span class='ocrx_word' id='word_1_208' title='bbox 295 3153 359 3216; x_wconf 91' lang='lat' dir='ltr'><strong>eo,</strong></span> <span class='ocrx_word' id='word_1_209' title='bbox 385 3129 476 3222; x_wconf 90' lang='lat' dir='ltr'><strong>quod</strong></span> <span class='ocrx_word' id='word_1_210' title='bbox 499 3128 795 3220; x_wconf 88' lang='lat' dir='ltr'><strong>superrationales</strong></span> <span class='ocrx_word' id='word_1_211' title='bbox 819 3127 988 3197; x_wconf 82' lang='lat' dir='ltr'><strong>veritates</strong></span> <span class='ocrx_word' id='word_1_212' title='bbox 1011 3125 1109 3195; x_wconf 89' lang='lat' dir='ltr'><strong>nullo</strong></span> <span class='ocrx_word' id='word_1_213' title='bbox 1132 3124 1242 3209; x_wconf 90' lang='lat' dir='ltr'><strong>modo,</strong></span> <span class='ocrx_word' id='word_1_214' title='bbox 1275 3125 1334 3193; x_wconf 86' lang='lat' dir='ltr'><strong>vel</strong></span> 
     </span>
     <span class='ocr_line' id='line_1_28' title="bbox 188 3233 1334 3329; baseline -0.01 -19"><span class='ocrx_word' id='word_1_215' title='bbox 188 3240 254 3328; x_wconf 74' lang='lat' dir='ltr'><strong>quod</strong></span> <span class='ocrx_word' id='word_1_216' title='bbox 279 3239 471 3310; x_wconf 87' lang='lat' dir='ltr'><strong>rationales</strong></span> <span class='ocrx_word' id='word_1_217' title='bbox 500 3238 589 3309; x_wconf 92' lang='lat' dir='ltr'><strong>ideis</strong></span> <span class='ocrx_word' id='word_1_218' title='bbox 612 3240 790 3329; x_wconf 81' lang='lat' dir='ltr'><strong>propriis,</strong></span> <span class='ocrx_word' id='word_1_219' title='bbox 819 3235 1113 3327; x_wconf 86' lang='lat' dir='ltr'><strong>superrationales</strong></span> <span class='ocrx_word' id='word_1_220' title='bbox 1141 3233 1334 3324; x_wconf 80' lang='lat' dir='ltr'><strong>acclopicis</strong></span> 
     </span>
     <span class='ocr_line' id='line_1_29' title="bbox 188 3342 1334 3439; baseline -0.003 -25"><span class='ocrx_word' id='word_1_221' title='bbox 188 3349 420 3439; x_wconf 85' lang='lat' dir='ltr'><strong>concipiamus;</strong></span> <span class='ocrx_word' id='word_1_222' title='bbox 446 3347 623 3438; x_wconf 88' lang='lat' dir='ltr'><strong>utrimque</strong></span> <span class='ocrx_word' id='word_1_223' title='bbox 646 3346 739 3415; x_wconf 89' lang='lat' dir='ltr'><strong>enim</strong></span> <span class='ocrx_word' id='word_1_224' title='bbox 762 3349 949 3436; x_wconf 88' lang='lat' dir='ltr'><strong>conceptus</strong></span> <span class='ocrx_word' id='word_1_225' title='bbox 972 3349 1057 3412; x_wconf 88' lang='lat' dir='ltr'><strong>sunt</strong></span> <span class='ocrx_word' id='word_1_226' title='bbox 1086 3342 1263 3432; x_wconf 86' lang='lat' dir='ltr'><strong>analogiei</strong></span> <span class='ocrx_word' id='word_1_227' title='bbox 1285 3344 1334 3411; x_wconf 84' lang='lat' dir='ltr'><strong>ef·</strong></span> 
     </span>
     <span class='ocr_line' id='line_1_30' title="bbox 188 3449 1334 3545; baseline -0.01 -20"><span class='ocrx_word' id='word_1_228' title='bbox 188 3451 306 3525; x_wconf 76' lang='lat' dir='ltr'><strong>forneti</strong></span> <span class='ocrx_word' id='word_1_229' title='bbox 328 3479 371 3525; x_wconf 87' lang='lat' dir='ltr'><strong>ex</strong></span> <span class='ocrx_word' id='word_1_230' title='bbox 394 3453 671 3545; x_wconf 88' lang='lat' dir='ltr'><strong>praeintelleetis</strong></span> <span class='ocrx_word' id='word_1_231' title='bbox 695 3452 984 3543; x_wconf 79' lang='lat' dir='ltr'><strong>perfectionibus,</strong></span> <span class='ocrx_word' id='word_1_232' title='bbox 1011 3457 1052 3519; x_wconf 88' lang='lat' dir='ltr'><strong>ut</strong></span> <span class='ocrx_word' id='word_1_233' title='bbox 1074 3455 1159 3518; x_wconf 90' lang='lat' dir='ltr'><strong>sunt</strong></span> <span class='ocrx_word' id='word_1_234' title='bbox 1181 3449 1217 3517; x_wconf 91' lang='lat' dir='ltr'><strong>in</strong></span> <span class='ocrx_word' id='word_1_235' title='bbox 1241 3469 1334 3516; x_wconf 85' lang='lat' dir='ltr'><strong>crea-</strong></span> 
     </span>
     <span class='ocr_line' id='line_1_31' title="bbox 188 3553 1222 3647; baseline -0.009 -19"><span class='ocrx_word' id='word_1_236' title='bbox 188 3556 364 3646; x_wconf 73' lang='lat' dir='ltr'><strong>bris3&#39;sed</strong></span> <span class='ocrx_word' id='word_1_237' title='bbox 393 3557 579 3627; x_wconf 85' lang='lat' dir='ltr'><strong>discrimen</strong></span> <span class='ocrx_word' id='word_1_238' title='bbox 614 3557 712 3626; x_wconf 88' lang='lat' dir='ltr'><strong>alind</strong></span> <span class='ocrx_word' id='word_1_239' title='bbox 742 3562 797 3626; x_wconf 91' lang='lat' dir='ltr'><strong>est</strong></span> <span class='ocrx_word' id='word_1_240' title='bbox 820 3555 978 3647; x_wconf 88' lang='lat' dir='ltr'><strong>illudque</strong></span> <span class='ocrx_word' id='word_1_241' title='bbox 1001 3553 1141 3643; x_wconf 81' lang='lat' dir='ltr'><strong>duplex.</strong></span> <span class='ocrx_word' id='word_1_242' title='bbox 1214 3591 1222 3609; x_wconf 80' lang='lat'><strong>·</strong></span> 
     </span>
    </p>

    <p class='ocr_par' dir='ltr' id='par_1_4' title="bbox 188 3661 1340 4089">
     <span class='ocr_line' id='line_1_32' title="bbox 231 3661 1335 3754; baseline -0.01 -17"><span class='ocrx_word' id='word_1_243' title='bbox 231 3666 369 3737; x_wconf 79' lang='lat' dir='ltr'><strong>Etenim</strong></span> <span class='ocrx_word' id='word_1_244' title='bbox 384 3665 428 3734; x_wconf 89' lang='lat'><strong>1·.</strong></span> <span class='ocrx_word' id='word_1_245' title='bbox 447 3666 485 3733; x_wconf 90' lang='lat' dir='ltr'><strong>in</strong></span> <span class='ocrx_word' id='word_1_246' title='bbox 501 3665 716 3737; x_wconf 88' lang='lat' dir='ltr'><strong>veritatibus</strong></span> <span class='ocrx_word' id='word_1_247' title='bbox 732 3664 967 3735; x_wconf 86' lang='lat' dir='ltr'><strong>rationalibus</strong></span> <span class='ocrx_word' id='word_1_248' title='bbox 982 3664 1024 3733; x_wconf 94' lang='lat' dir='ltr'><strong>de</strong></span> <span class='ocrx_word' id='word_1_249' title='bbox 1039 3664 1111 3731; x_wconf 92' lang='lat' dir='ltr'><strong>Deo</strong></span> <span class='ocrx_word' id='word_1_250' title='bbox 1129 3661 1241 3754; x_wconf 87' lang='lat' dir='ltr'><strong>quoad</strong></span> <span class='ocrx_word' id='word_1_251' title='bbox 1258 3682 1335 3728; x_wconf 89' lang='lat' dir='ltr'><strong>eon·</strong></span> 
     </span>
     <span class='ocr_line' id='line_1_33' title="bbox 188 3768 1336 3868; baseline -0.008 -23"><span class='ocrx_word' id='word_1_252' title='bbox 188 3782 285 3868; x_wconf 76' lang='lat' dir='ltr'><strong>optus</strong></span> <span class='ocrx_word' id='word_1_253' title='bbox 308 3776 402 3867; x_wconf 89' lang='lat' dir='ltr'><strong>ipsos</strong></span> <span class='ocrx_word' id='word_1_254' title='bbox 417 3775 662 3866; x_wconf 82' lang='lat' dir='ltr'><strong>progredimur</strong></span> <span class='ocrx_word' id='word_1_255' title='bbox 684 3797 747 3865; x_wconf 92' lang='lat' dir='ltr'><strong>per</strong></span> <span class='ocrx_word' id='word_1_256' title='bbox 771 3775 866 3844; x_wconf 82' lang='lat' dir='ltr'><strong>viam</strong></span> <span class='ocrx_word' id='word_1_257' title='bbox 889 3772 1130 3854; x_wconf 81' lang='lat' dir='ltr'><strong>cocoolirotie,</strong></span> <span class='ocrx_word' id='word_1_258' title='bbox 1148 3791 1217 3863; x_wconf 87' lang='lat' dir='ltr'><strong>qua</strong></span> <span class='ocrx_word' id='word_1_259' title='bbox 1233 3768 1336 3838; x_wconf 89' lang='lat' dir='ltr'><strong>intel-</strong></span> 
     </span>
     <span class='ocr_line' id='line_1_34' title="bbox 188 3882 1338 3980; baseline -0.011 -19"><span class='ocrx_word' id='word_1_260' title='bbox 188 3886 308 3980; x_wconf 76' lang='lat' dir='ltr'><strong>igimm</strong></span> <span class='ocrx_word' id='word_1_261' title='bbox 335 3890 379 3960; x_wconf 85' lang='lat' dir='ltr'><strong>de</strong></span> <span class='ocrx_word' id='word_1_262' title='bbox 409 3890 506 3974; x_wconf 84' lang='lat' dir='ltr'><strong>Deo,</strong></span> <span class='ocrx_word' id='word_1_263' title='bbox 539 3888 626 3978; x_wconf 81' lang='lat' dir='ltr'><strong>quia</strong></span> <span class='ocrx_word' id='word_1_264' title='bbox 656 3900 726 3966; x_wconf 79' lang='lat' dir='ltr'><strong>eet,·</strong></span> <span class='ocrx_word' id='word_1_265' title='bbox 756 3891 832 3953; x_wconf 89' lang='lat' dir='ltr'><strong>tum</strong></span> <span class='ocrx_word' id='word_1_266' title='bbox 862 3905 924 3975; x_wconf 83' lang='lat' dir='ltr'><strong>per</strong></span> <span class='ocrx_word' id='word_1_267' title='bbox 954 3883 1050 3954; x_wconf 86' lang='lat' dir='ltr'><strong>viam</strong></span> <span class='ocrx_word' id='word_1_268' title='bbox 1081 3882 1278 3970; x_wconf 76' lang='lat' dir='ltr'><strong>repetieris</strong></span> <span class='ocrx_word' id='word_1_269' title='bbox 1302 3885 1338 3948; x_wconf 82' lang='lat' dir='ltr'><strong>et</strong></span> 
     </span>
     <span class='ocr_line' id='line_1_35' title="bbox 188 3985 1340 4089; baseline -0.015 -20"><span class='ocrx_word' id='word_1_270' title='bbox 188 4000 493 4089; x_wconf 65' lang='lat' dir='ltr'><strong>rperemireentiae,</strong></span> <span class='ocrx_word' id='word_1_271' title='bbox 518 4016 589 4087; x_wconf 84' lang='lat' dir='ltr'><strong>qua</strong></span> <span class='ocrx_word' id='word_1_272' title='bbox 615 3993 720 4085; x_wconf 84' lang='lat' dir='ltr'><strong>paulo</strong></span> <span class='ocrx_word' id='word_1_273' title='bbox 749 3992 957 4062; x_wconf 86' lang='lat' dir='ltr'><strong>distinctius</strong></span> <span class='ocrx_word' id='word_1_274' title='bbox 990 3990 1226 4081; x_wconf 84' lang='lat' dir='ltr'><strong>concipimus,</strong></span> <span class='ocrx_word' id='word_1_275' title='bbox 1253 3985 1340 4078; x_wconf 80' lang='lat' dir='ltr'><strong>perid</strong></span> 
     </span>
    </p>
   </div>
   <div class='ocr_carea' id='block_1_2' title="bbox 188 4094 1340 4514">
    <p class='ocr_par' dir='ltr' id='par_1_5' title="bbox 188 4094 1340 4514">
     <span class='ocr_line' id='line_1_36' title="bbox 188 4094 1340 4200; baseline -0.01 -26"><span class='ocrx_word' id='word_1_276' title='bbox 188 4121 235 4192; x_wconf 79' lang='lat' dir='ltr'><strong>et,</strong></span> <span class='ocrx_word' id='word_1_277' title='bbox 259 4105 421 4200; x_wconf 86' lang='lat' dir='ltr'><strong>quamvis</strong></span> <span class='ocrx_word' id='word_1_278' title='bbox 444 4103 557 4173; x_wconf 86' lang='lat' dir='ltr'><strong>solum</strong></span> <span class='ocrx_word' id='word_1_279' title='bbox 581 4103 763 4191; x_wconf 76' lang='lat' dir='ltr'><strong>acciepice</strong></span> <span class='ocrx_word' id='word_1_280' title='bbox 787 4108 824 4169; x_wconf 90' lang='lat' dir='ltr'><strong>et</strong></span> <span class='ocrx_word' id='word_1_281' title='bbox 847 4123 916 4168; x_wconf 92' lang='lat' dir='ltr'><strong>non</strong></span> <span class='ocrx_word' id='word_1_282' title='bbox 935 4100 1092 4189; x_wconf 82' lang='lat' dir='ltr'><strong>proprie,</strong></span> <span class='ocrx_word' id='word_1_283' title='bbox 1118 4102 1160 4165; x_wconf 91' lang='lat' dir='ltr'><strong>ut</strong></span> <span class='ocrx_word' id='word_1_284' title='bbox 1183 4096 1278 4164; x_wconf 84' lang='lat' dir='ltr'><strong>Deua</strong></span> <span class='ocrx_word' id='word_1_285' title='bbox 1302 4094 1340 4162; x_wconf 86' lang='lat' dir='ltr'><strong>in</strong></span> 
     </span>
     <span class='ocr_line' id='line_1_37' title="bbox 188 4205 1339 4298; baseline -0.013 -14"><span class='ocrx_word' id='word_1_286' title='bbox 188 4220 289 4284; x_wconf 82' lang='lat' dir='ltr'><strong>aest.</strong></span> <span class='ocrx_word' id='word_1_287' title='bbox 309 4215 361 4283; x_wconf 89' lang='lat' dir='ltr'><strong>At</strong></span> <span class='ocrx_word' id='word_1_288' title='bbox 383 4234 466 4284; x_wconf 91' lang='lat' dir='ltr'><strong>vero</strong></span> <span class='ocrx_word' id='word_1_289' title='bbox 490 4211 527 4279; x_wconf 93' lang='lat' dir='ltr'><strong>in</strong></span> <span class='ocrx_word' id='word_1_290' title='bbox 551 4210 764 4281; x_wconf 87' lang='lat' dir='ltr'><strong>veritatibus</strong></span> <span class='ocrx_word' id='word_1_291' title='bbox 788 4206 1127 4298; x_wconf 86' lang='lat' dir='ltr'><strong>superrationalibus</strong></span> <span class='ocrx_word' id='word_1_292' title='bbox 1150 4205 1249 4273; x_wconf 91' lang='lat' dir='ltr'><strong>locus</strong></span> <span class='ocrx_word' id='word_1_293' title='bbox 1271 4226 1339 4271; x_wconf 93' lang='lat' dir='ltr'><strong>non</strong></span> 
     </span>
     <span class='ocr_line' id='line_1_38' title="bbox 188 4306 1338 4401; baseline -0.016 -7"><span class='ocrx_word' id='word_1_294' title='bbox 188 4328 221 4394; x_wconf 79' lang='lat' dir='ltr'><strong>e</strong></span> <span class='ocrx_word' id='word_1_295' title='bbox 241 4319 458 4394; x_wconf 87' lang='lat' dir='ltr'><strong>conclusioni</strong></span> <span class='ocrx_word' id='word_1_296' title='bbox 482 4319 526 4387; x_wconf 88' lang='lat' dir='ltr'><strong>ab</strong></span> <span class='ocrx_word' id='word_1_297' title='bbox 548 4317 732 4387; x_wconf 88' lang='lat' dir='ltr'><strong>effectibus</strong></span> <span class='ocrx_word' id='word_1_298' title='bbox 749 4306 800 4385; x_wconf 86' lang='lat' dir='ltr'><strong>¹ad</strong></span> <span class='ocrx_word' id='word_1_299' title='bbox 825 4334 986 4399; x_wconf 88' lang='lat' dir='ltr'><strong>causam,</strong></span> <span class='ocrx_word' id='word_1_300' title='bbox 1012 4319 1049 4382; x_wconf 91' lang='lat' dir='ltr'><strong>et</strong></span> <span class='ocrx_word' id='word_1_301' title='bbox 1079 4312 1155 4382; x_wconf 88' lang='lat' dir='ltr'><strong>ideo</strong></span> <span class='ocrx_word' id='word_1_302' title='bbox 1184 4328 1247 4401; x_wconf 92' lang='lat' dir='ltr'><strong>pro</strong></span> <span class='ocrx_word' id='word_1_303' title='bbox 1277 4309 1338 4378; x_wconf 85' lang='lat' dir='ltr'><strong>via</strong></span> 
     </span>
     <span class='ocr_line' id='line_1_39' title="bbox 188 4418 1339 4514; baseline -0.01 -18"><span class='ocrx_word' id='word_1_304' title='bbox 188 4430 386 4496; x_wconf 72' lang='lat' dir='ltr'><strong>curalirotie</strong></span> <span class='ocrx_word' id='word_1_305' title='bbox 409 4425 461 4494; x_wconf 92' lang='lat' dir='ltr'><strong>ibi</strong></span> <span class='ocrx_word' id='word_1_306' title='bbox 483 4424 680 4495; x_wconf 83' lang='lat' dir='ltr'><strong>necessarie</strong></span> <span class='ocrx_word' id='word_1_307' title='bbox 702 4429 757 4492; x_wconf 85' lang='lat' dir='ltr'><strong>est</strong></span> <span class='ocrx_word' id='word_1_308' title='bbox 780 4420 935 4514; x_wconf 87' lang='lat' dir='ltr'><strong>positiva</strong></span> <span class='ocrx_word' id='word_1_309' title='bbox 960 4418 1140 4497; x_wconf 59' lang='lat' dir='ltr'><strong>,revelatio</strong></span> <span class='ocrx_word' id='word_1_310' title='bbox 1170 4440 1231 4510; x_wconf 89' lang='lat' dir='ltr'><strong>per</strong></span> <span class='ocrx_word' id='word_1_311' title='bbox 1263 4438 1339 4486; x_wconf 89' lang='lat' dir='ltr'><strong>ver·</strong></span> 
     </span>
    </p>
   </div>
   <div class='ocr_carea' id='block_1_3' title="bbox 0 0 1592 4950">
    <p class='ocr_par' dir='ltr' id='par_1_6' title="bbox 0 0 1592 4950">
     <span class='ocr_line' id='line_1_40' title="bbox 0 0 1592 4950; baseline 0 0"><span class='ocrx_word' id='word_1_312' title='bbox 0 0 1592 4950; x_wconf 95' lang='lat' dir='ltr'><strong> </strong></span> 
     </span>
    </p>
   </div>
  </div>
 </body>
</html>
