3172 4950
868 346 907 360 -
927 315 988 377 200
1010 346 1049 360 -

373 427 480 509 ditae,
506 423 703 493 declaratae
726 421 912 491 humanam
936 423 1117 510 rationem,
1144 404 1401 519 philosophiam
1415 430 1521 519 proice

374 535 465 605 sioni
489 534 569 601 fidei
586 532 834 600 subiiciendam
851 555 925 601 esse
941 535 1214 620 consentiebant,
1233 536 1338 605 iuxta
1357 536 1524 607 doctrinan
1565 526 1568 533 ¹

375 642 550 734 Apostoli:
573 639 749 708 «consilia
766 638 953 728 (λογισμσυς)
970 642 1189 710 destruentes
1211 648 1249 711 et
1270 665 1404 712 omnem
1425 644 1526 714 altitu·
1566 637 1572 645 ’

375 754 490 822 dinem
514 750 735 819 extollentem
760 772 795 816 se
818 749 988 816 adversus
1012 750 1194 818 scientiam
1217 751 1296 836 Dei,
1322 752 1418 821 etin
1441 752 1527 844 eapti·

377 862 523 930 vitatem
540 858 740 946 redigentes
756 880 887 924 omnem
903 856 1119 926 intellectum
1135 859 1173 926 in
1195 859 1398 952 obsequium
1417 859 1530 930 Christi
1567 859 1580 899 '¹

380 964 663 1055 (ἀιχααὶωτιζεντες
680 989 740 1030 παν
758 988 854 1050 verpa
871 960 912 1036 εἰς
929 965 1064 1033 macena
1081 989 1132 1030 rev
1149 966 1288 1058 χριστου)
1310 969 1346 1037 2.
1360 967 1439 1038 Cer.
1454 969 1493 1037 X.
1503 948 1543 1037 5..
1572 969 1580 991 ““

377 1075 555 1145 Haeretici
579 1075 634 1142 sin
658 1074 772 1142 minus
796 1072 914 1141 verbis
930 1081 1022 1142 certe
1039 1074 1145 1142 factis
1163 1075 1421 1146 contendebant
1434 1078 1531 1148 ordine
1572 1078 1580 1101 ²

304 1181 309 1189 ’
377 1186 518 1254 inverso
541 1183 712 1251 subiicere
735 1181 983 1251 revelationem
1006 1182 1168 1250 attidem
1191 1183 1324 1251 rationi
1345 1205 1387 1253 ac
1403 1184 1532 1276 philoso-
1574 1192 1580 1255 ἑ

376 1294 480 1387 phiae
496 1300 673 1383 tamqnam
686 1312 866 1380 supremae
879 1312 1017 1359 normae
1031 1291 1346 1380 interpretationis,
1362 1316 1430 1362 non
1442 1292 1531 1363 solun
1571 1301 1580 1321 ·’

378 1423 481 1471 sensu
504 1401 665 1488 aepactae
682 1395 879 1487 postulatae
895 1421 962 1465 non
980 1399 1235 1488 repugnantiae
1252 1400 1311 1469 sed
1330 1403 1439 1470 etiam
1450 1422 1531 1471 ecum
1567 1407 1572 1415 '

372 1513 525 1602 positivo
549 1511 748 1597 perspectae
772 1507 1033 1595 congruentiae.

444 1613 520 1680 Iam
543 1611 592 1678 ΙΙ.
612 1617 649 1679 et
671 1610 739 1677 ΙΠ.
759 1610 896 1678 saeculo
920 1609 1177 1679 monarchianis
1193 1631 1299 1680 cansa
1314 1613 1531 1704 neganditres
1565 1626 1568 1631 '

378 1721 566 1790 distinctas
590 1741 753 1810 personas
776 1741 844 1786 nou
867 1725 945 1786 erat
967 1719 1060 1804 alia,
1094 1741 1196 1811 quam
1227 1720 1320 1812 qued
1343 1722 1530 1794 rationein·

377 1830 497 1919 telligi
520 1852 587 1896 nen
611 1828 722 1917 possit
745 1827 864 1894 unitas
887 1827 952 1895 Dei
976 1827 1081 1896 simul
1105 1849 1182 1896 cum
1198 1827 1377 1899 Trinitate
1394 1853 1529 1922 persona·

379 1961 469 2008 rum.
496 1937 619 2004 Patres
643 1958 725 2003 vero
749 1958 817 2002 non
839 1934 908 2002 iam
932 1934 1068 2002 ratione
1092 1935 1151 2003 sed
1167 1937 1268 2004 unice
1285 1939 1528 2028 appellandast
1563 1966 1580 1975 ··

147 2008 150 2012 λ
247 2063 250 2067 ·
379 2045 628 2115 revelationem
650 2043 688 2110 in
712 2041 909 2130 Scriptura,
928 2042 964 2108 in
980 2043 1113 2111 tradito
1129 2044 1173 2110 ab
1188 2045 1370 2134 Apostolls
1384 2046 1526 2137 symbolo,

379 2154 418 2222 in
442 2153 653 2244 professione
677 2158 713 2220 et
736 2150 956 2219 consensione
979 2151 1090 2220 totius
1112 2151 1290 2221 Ecclesiae
1319 2154 1525 2240 manifestem,
1564 2166 1580 2171 “

381 2262 664 2332 demonstrabant
687 2267 870 2350 utramque
894 2259 1078 2327 veritatem
1103 2281 1210 2352 aeque
1233 2261 1438 2333 credendam
1461 2284 1526 2346 ese,

382 2373 465 2464 quia
489 2394 596 2464 aeque
619 2393 639 2436 a
663 2371 735 2437 Deo
758 2369 917 2437 revelata
940 2374 1003 2436 est.
1030 2367 1269 2438 Concedebant
1292 2394 1388 2456 vero,
1413 2368 1526 2440 anobis

381 2504 449 2550 non
473 2480 542 2547 nisi
566 2481 638 2547 Deo
662 2477 804 2545 docente
828 2477 1013 2545 veritatem
1037 2475 1127 2545 hanc
1151 2478 1325 2566 cognosci,
1351 2504 1457 2573 neque
1469 2501 1526 2571 sep

382 2589 496 2681 posite
519 2587 625 2655 etiam
642 2586 855 2654 revelatione
878 2585 1034 2674 intelligi
1050 2585 1087 2652 in
1104 2608 1140 2652 se
1163 2586 1241 2676 ipsa
1264 2610 1375 2677 pesse.
1396 2588 1451 2658 Sic
1468 2610 1524 2676 ag.

382 2698 506 2766 Patres
530 2694 665 2784 Syncdi
688 2693 927 2761 Antiochense
951 2701 1072 2761 contra
1102 2695 1250 2764 Paulum
1281 2695 1525 2766 Samosatcuun:

387 2804 637 2874 «decrevimus
667 2801 768 2869 fidem
793 2802 922 2891 scripto
945 2802 1066 2885 edere,
1098 2824 1201 2894 quam
1224 2826 1245 2869 a
1269 2804 1441 2896 principio
1459 2821 1527 2871 ecce
1551 2854 1558 2861 -

383 2914 498 3004 pimus
509 2919 544 2979 et
555 2910 723 2978 traditam
736 2909 902 2977 habemus
914 2932 955 2978 ac
971 2911 1181 2979 custoditam
1197 2910 1234 2978 in
1251 2910 1425 2981 catholica
1436 2916 1531 2981 saucb

383 3021 542 3090 Ecclesia
557 3042 666 3111 usque
680 3019 723 3087 ad
737 3019 938 3087 hodiernam
951 3019 1042 3087 diem
1055 3017 1243 3088 secundum
1257 3016 1533 3090 successioneneb
1548 3034 1564 3071 .-

384 3128 582 3220 Apostolis.
598 3180 629 3196 ..
656 3127 828 3210 Quoniam
852 3129 945 3195 Deus
968 3137 1023 3196 est
1046 3128 1246 3218 ingenitus,
1278 3152 1434 3200 unus...
1457 3147 1539 3223 quen

383 3237 505 3306 nullus
528 3236 704 3303 hominum
728 3235 821 3303 vidit
843 3257 953 3326 neque
984 3236 1102 3304 videre
1129 3244 1256 3326 potest;
1283 3238 1387 3306 cuius
1412 3236 1541 3329 glorian
1574 3238 1580 3303 ·;

385 3367 447 3414 eeu
470 3342 748 3433 magnitudinem
779 3343 872 3411 siout
895 3351 967 3427 est,
1001 3344 1106 3433 digne
1137 3345 1288 3415 veritate
1317 3346 1472 3436 cogitare
1496 3338 1545 3412 vel

385 3474 549 3523 enarrare
573 3451 743 3520 humanae
766 3459 913 3520 naturae
937 3459 992 3520 est
1015 3452 1228 3543 impossibile
1259 3448 1448 3543 (ἀνθρωπιηι
1473 3470 1546 3544 pura

386 3557 550 3653 ἀνεφικτον)
557 3581 568 3640 ;
589 3562 761 3628 notionem
780 3583 861 3628 vero
877 3561 952 3628 eins
967 3568 1151 3652 utcumque
1165 3561 1369 3629 mediocrem
1382 3561 1549 3631 revelante

385 3669 479 3738 Filio
502 3670 629 3737 habere
653 3670 751 3736 nobis
774 3669 927 3736 sufficiat
949 3675 1096 3757 oportet,
1124 3669 1313 3758 sicutipse
1337 3668 1440 3738 dicite
1463 3686 1550 3738 neno

386 3776 488 3846 novit
510 3778 650 3869 ¹Patrem
673 3775 743 3846 nisi
765 3776 894 3860 Filius,
920 3786 957 3845 et
980 3777 1036 3844 cui
1059 3775 1174 3842 Filius
1205 3775 1434 3846 revelaverit.
1460 3776 1552 3844 Hunc

387 3895 502 3954 autem
526 3886 656 3954 Filium
681 3885 881 3975 genitum...
900 3909 967 3953 non
985 3885 1266 3974 praecognitione
1285 3885 1345 3954 sed
1360 3885 1510 3954 essentia
1522 3886 1555 3951 et

387 3994 573 4083 hypostasi
596 3994 718 4078 Deum,
745 4017 823 4062 cum
846 3993 883 4060 in
908 3993 1021 4061 veteri
1044 3999 1080 4060 et
1095 4014 1184 4059 novo
1200 3991 1426 4061 Testamenta
1441 4013 1554 4083 cogno·

387 4103 553 4185 venimus,
573 4101 777 4171 confitemur
792 4107 828 4168 et
845 4099 1096 4189 praedicamus.
1117 4099 1188 4182 Qui
1203 4106 1320 4168 autem
1338 4096 1552 4183 contradicit,

388 4214 526 4285 credere
550 4235 586 4280 se
608 4219 645 4278 et
668 4211 825 4280 confiteri
848 4209 978 4277 Filium
1002 4209 1067 4278 Dei
1092 4233 1159 4277 non
1176 4230 1249 4277 esse
1264 4208 1376 4276 Deum
1395 4217 1557 4278 antecen-

389 4323 608 4392 stituticnem
631 4319 764 4404 mundi,
791 4318 945 4409 dicitque
961 4317 1048 4386 duos
1065 4317 1260 4408 praedicari
1275 4317 1379 4402 Deos,
1402 4319 1435 4386 si
1449 4315 1561 4385 Filius

387 4431 454 4500 Dei
477 4432 572 4499 Deus
594 4427 832 4521 praedicetur,
858 4427 951 4496 hunc
974 4424 1169 4495 iudicamus
1200 4424 1354 4493 alienum
1384 4426 1431 4494 ab
1456 4420 1557 4494 eccle·
