3172 4950
695 351 733 367 -
754 317 815 381 595
835 349 874 367 ..

200 453 328 500 rum.»
355 425 531 510 Quomodo
554 425 624 494 iam
646 423 684 495 id
699 422 934 514 intelligitur?
946 424 1102 514 profecto
1116 422 1208 491 enim
1231 421 1371 492 eviden-

200 546 256 610 ter
280 537 408 605 falsum
432 539 498 619 est,
523 533 561 602 in
585 533 697 603 veteri
721 532 941 601 Testamento
975 536 1117 622 peccata
1139 529 1239 598 nulla
1262 530 1372 598 fuisse

201 645 374 728 remissa,
409 648 473 711 aut
506 665 574 709 non
607 639 717 709 fuisse
750 641 897 709 remissa
929 661 991 729 per
1026 637 1179 728 gratiam
1214 636 1371 728 Spiritus

201 751 338 842 Sancti.
353 749 482 818 Sensus
505 747 657 838 Ruperti
680 747 863 836 colligitur
894 744 1094 828 extribus,
1127 765 1214 835 quae
1244 742 1372 810 ibidem

201 861 314 929 docet.
340 860 376 943 a)
403 858 517 925 aSinc
539 841 677 946 Spiritu
700 856 823 923 Sancto
848 852 928 920 dato
952 852 1070 918 nuilus
1085 875 1244 942 umquam
1269 851 1372 916 bomi-

200 991 283 1032 num
306 964 440 1032 salvari
456 966 578 1054 potuit
602 978 663 1029 aut
680 964 813 1052 poterit
831 989 848 1024 n
874 984 903 1029 c.
924 960 978 1028 18.
999 959 1088 1027 Tum
1113 959 1146 1042 b)
1168 981 1238 1026 non
1260 955 1373 1026 solum

200 1071 401 1141 hominibus
424 1071 628 1140 viventibus
650 1071 688 1139 in
711 1092 800 1139 novo
825 1069 1046 1138 Testamento
1061 1066 1120 1135 sed
1137 1066 1245 1134 etiam
1267 1064 1373 1133 iustis

201 1178 380 1249 defunctis
409 1178 448 1245 in
477 1178 592 1247 veteri
623 1178 843 1246 Testamento
878 1175 1035 1266 Spiritus
1068 1174 1106 1242 in
1138 1171 1373 1242 remissionem

199 1289 423 1376 peccatorum
461 1286 611 1353 dabatur
648 1283 819 1375 completa
856 1283 991 1354 demum
1027 1281 1187 1372 passione
1223 1279 1370 1349 Christi.

203 1420 220 1455 u
235 1392 321 1459 Cum
344 1391 508 1460 Christus
530 1391 639 1461 dicit:
664 1392 696 1460 si
718 1392 810 1460 enim
832 1413 901 1460 non
923 1390 1060 1474 abiero,
1078 1388 1283 1458 Paracletus
1305 1408 1374 1454 nou

201 1497 322 1567 veniet
344 1498 389 1566 ad
412 1520 503 1583 vos,
528 1499 579 1566 sic
603 1498 760 1588 intelligi
784 1497 887 1583 vult,
912 1497 1007 1567 acsi
1030 1495 1202 1566 dixisset:
1229 1497 1261 1561 si
1284 1496 1373 1561 enim

195 1629 263 1696 per
280 1607 476 1694 passionem
497 1607 618 1671 mortis
641 1630 709 1671 non
734 1608 903 1671 transiero
927 1629 969 1672 cor
1002 1607 1061 1671 boc
1092 1603 1238 1688 mundo,
1262 1624 1373 1693 neque
1482 1655 1492 1675 .

201 1711 314 1797 vobis,
340 1736 448 1803 neque
470 1714 741 1804 antiquioribus,
765 1733 875 1803 neque
898 1712 1060 1782 venturis
1090 1717 1170 1803 post
1191 1733 1254 1782 vos
1277 1709 1373 1780 dabi-

200 1826 264 1889 tur
288 1820 443 1910 Spiritus
467 1819 619 1890 Sanctus
643 1821 832 1891 secundum
854 1822 919 1889 hoc
942 1820 1079 1905 datum,
1106 1819 1196 1911 quod
1219 1825 1274 1889 est
1297 1841 1373 1910 pec·

200 1933 360 1997 catorum
383 1927 576 1996 remissio»
602 1951 633 1997 c.
653 1928 707 1998 19.
733 1926 891 2019 Denique
915 1930 945 2012 c)
961 1926 1282 1997 hancdonationem
1294 1925 1374 2017 Spi-

200 2033 298 2102 ritus
332 2032 454 2103 Sancti
489 2034 666 2124 propriam
699 2034 784 2103 novi
810 2033 1025 2102 Testamenti
1048 2054 1137 2125 quae
1164 2041 1219 2103 est
1248 2034 1285 2101 in
1313 2054 1373 2101 re-

200 2139 400 2208 missionem
432 2145 675 2231 peccatorum,
700 2142 825 2232 probat
853 2163 896 2210 ex
927 2141 1043 2210 verbis
1074 2140 1219 2210 Christi:
1249 2146 1375 2231 apost·

203 2267 308 2338 quam
333 2247 447 2332 sbiit,
473 2247 611 2317 rediens
634 2255 670 2317 et
693 2253 791 2317 stans
813 2248 851 2316 in
874 2247 985 2317 medio
1015 2247 1267 2338 discipulorum
1296 2270 1373 2317 suo-

200 2375 282 2421 rum
306 2352 493 2422 insufflans
516 2360 553 2422 et
575 2354 719 2423 dicens:
744 2353 893 2443 accipite
917 2352 1090 2444 Spiritum
1106 2353 1285 2438 Sanctum,
1304 2359 1374 2423 sta·

200 2460 269 2528 tim
292 2459 503 2530 subiunxit:
529 2484 675 2552 quorum
705 2460 914 2530 remiseritis
944 2467 1112 2552 peccota,
1143 2462 1374 2531 remittuntur

201 2567 255 2635 eis
273 2593 290 2627 n
316 2589 346 2636 c.
362 2568 416 2636 19.
442 2569 621 2660 Repertus
638 2569 757 2660 itaque
772 2591 842 2638 uon
853 2567 942 2637 dicit
958 2569 996 2637 in
1023 2568 1136 2638 veteri
1153 2569 1374 2638 Testamenta

201 2672 335 2741 nemini
359 2674 495 2764 culpam
518 2677 628 2744 fuisse
652 2675 855 2758 remissam,
881 2674 939 2743 vel
963 2673 1000 2743 id
1015 2675 1148 2743 factum
1171 2694 1245 2742 esse
1267 2673 1373 2742 aliter

201 2800 307 2870 quam
333 2781 449 2849 «dato
480 2780 619 2871 Spiritu
654 2780 831 2865 Sancto»
865 2783 924 2850 scd
955 2780 1044 2851 dicit
1072 2780 1297 2849 contrarium.
1322 2780 1376 2851 At

201 2891 282 2976 post
304 2886 467 2956 meritum
490 2888 626 2957 Christi
649 2894 731 2958 actu
755 2888 961 2979 completum
978 2888 1135 2979 Spiritus
1151 2887 1302 2957 Sanctus
1314 2889 1374 2956 ds·

201 2999 264 3061 tur
288 2992 326 3061 iu
351 2994 587 3064 remissionem
609 3001 829 3086 peccatorum
859 2994 993 3084 duplici
1017 2995 1136 3079 modo,
1171 3017 1238 3087 quo
1268 3001 1374 3063 antee

200 3125 271 3170 non
295 3100 462 3170 dabutur:
496 3102 608 3191 primo
638 3102 677 3170 iu
704 3101 940 3171 remissionem
963 3101 1115 3170 omnium
1137 3101 1375 3193 privationum

202 3208 284 3277 boni
306 3213 342 3277 et
363 3229 578 3297 poenarum,
612 3231 700 3301 quse
730 3211 1026 3301 consequebantur
1056 3231 1099 3276 ex
1128 3214 1290 3297 peccat03
1323 3207 1375 3278 sio

201 3338 271 3383 non
294 3315 445 3383 dabatur
467 3314 538 3383 nisi
560 3323 640 3404 post
655 3317 859 3406 completam
874 3314 1010 3386 Christi
1025 3315 1218 3406 passionem
1234 3339 1275 3385 ao
1285 3337 1374 3385 mor·

201 3430 271 3493 tem
287 3423 393 3490 etiam
409 3421 515 3491 iustis
529 3425 799 3515 antiquioribus,
817 3424 878 3516 qui
895 3447 934 3493 eo
949 3447 1058 3518 usque
1073 3425 1263 3494 exulabant
1277 3444 1300 3490 a
1314 3444 1374 3513 pa-

201 3527 276 3596 tria
288 3528 409 3597 beatos
421 3528 569 3597 visionis
583 3529 649 3599 Dei
668 3531 715 3600 cf.
731 3530 768 3600 S.
781 3531 848 3599 Th.
865 3530 897 3598 1.
912 3530 995 3599 dist.
1015 3531 1070 3601 15.
1086 3556 1119 3621 q.
1138 3531 1171 3599 5.
1187 3552 1220 3599 a.
1235 3531 1268 3598 2.
1281 3530 1325 3597 ad
1337 3530 1371 3598 2.

201 3635 335 3704 Deinde
348 3637 453 3704 datur
469 3635 625 3727 Spiritus
638 3637 789 3707 Sanctus
811 3638 850 3706 in
872 3661 961 3708 novo
974 3639 1196 3706 Testamenta
1216 3638 1374 3727 Aposto-

202 3743 249 3811 lis
273 3749 309 3811 et
331 3743 587 3813 successoribus
603 3745 647 3812 sd
663 3751 869 3836 potestatem
883 3744 1086 3815 remittendi
1101 3751 1255 3834 peccata,
1274 3744 1373 3813 adeo·

203 3871 269 3939 quc
292 3848 330 3916 iu
353 3849 590 3919 remissionem
606 3857 825 3940 peccatorum
849 3851 949 3921 velut
975 3850 1139 3921 activam.
1162 3851 1258 3920 Haec
1290 3872 1374 3921 vero

203 3954 287 4046 quid
312 3954 356 4022 ad
379 3977 471 4040 rem,
497 3957 539 4025 de
562 3978 631 4048 qua
653 3957 817 4046 agimus?

270 4060 325 4128 Ex
349 4061 508 4130 omnibus
531 4085 553 4130 a
574 4063 719 4133 Petavio
741 4063 863 4133 allatis
891 4062 1058 4133 Patribus
1092 4070 1248 4131 remsnet
1283 4084 1375 4131 unus

203 4165 241 4234 S.
256 4165 415 4256 Cyrillus
439 4169 477 4236 in
499 4169 550 4237 Io.
571 4169 687 4238 T.IV.
703 4193 737 4260 p.
751 4170 830 4240 474.
848 4171 943 4257 475,
963 4170 1134 4239 Thessur.
1152 4170 1194 4237 T.
1212 4170 1258 4239 V.
1276 4170 1315 4238 P.
1339 4168 1370 4237 I.

202 4299 237 4364 p.
255 4275 414 4344 104-106.
442 4276 570 4345 Fateor
601 4277 744 4346 unicum
771 4279 965 4367 Cyrillum,
994 4279 1026 4346 si
1059 4300 1214 4346 seorsum
1245 4277 1375 4367 absque

203 4382 370 4470 prudenti
394 4382 579 4452 collatione
599 4383 741 4472 legetur
764 4389 801 4454 et
823 4383 944 4474 eliqua
967 4383 1043 4452 eius
1078 4385 1185 4452 verba
1218 4382 1375 4472 pressius

1157 4520 1159 4524 ’
1214 4508 1233 4544 0
