3180 4944
712 317 749 330 -
771 282 833 347 310
851 316 890 346 -,·

216 386 469 474 stinctionum,
495 393 531 457 et
553 388 703 458 unitatis
719 389 869 479 profecit
884 396 920 457 et
941 387 1093 478 proficit,
1111 391 1283 480 quantum
1295 385 1375 457 Deru

105 568 109 577 ,
214 493 278 564 SS.
297 493 464 564 Doctores
485 493 664 565 Ecclesiae
689 503 725 565 et
747 519 788 564 ex
813 518 931 566 eorum
953 493 1115 564 doctrina
1137 516 1202 563 noe
1224 491 1375 583 singulos

215 601 347 672 lumine
370 610 514 672 externo
537 610 574 673 et
595 603 734 673 interno
758 604 942 673 illustrare
965 602 1145 693 dignatur.

279 711 329 780 II.
354 711 457 781 Nunc
481 712 586 781 etiam
609 718 731 802 patet,
757 735 824 804 quo
848 735 953 782 sensu
976 711 1050 781 sint
1071 718 1110 781 et
1131 732 1199 802 qno
1221 731 1294 778 non
1316 708 1375 778 sim

216 847 233 882 a
245 818 401 888 rationes
423 818 636 890 necessariae
650 847 666 883 n
685 820 730 889 ad
747 820 959 910 probandam
974 819 1162 891 veritatem
1177 816 1375 888 existentia

127 960 130 965 ·
213 927 390 1016 mysterii.
414 927 472 997 Ad
488 928 643 997 rationes
665 928 756 998 enim
775 957 792 992 a
809 927 1054 998 necessariae»
1073 927 1254 1019 appellare
1269 926 1375 999 viden

93 1042 100 1055 '
213 1039 274 1105 tur
295 1034 500 1103 nominatim
525 1034 760 1105 S.Anselmus
784 1043 820 1106 et
849 1035 1050 1106 Richardus
1079 1035 1293 1106 Victorinus
1321 1056 1375 1105 nor

212 1140 328 1210 minus
351 1142 389 1211 in
410 1144 588 1234 probanda
611 1144 675 1214 SS.
704 1143 903 1230 Trinitate,
930 1165 1031 1237 quam
1054 1142 1093 1212 in
1115 1141 1375 1213 demonstrande

212 1250 363 1320 veritate
375 1250 543 1320 rationali
566 1253 775 1322 existentiae
798 1252 864 1322 Dei
884 1260 921 1322 et
943 1252 1196 1321 attributorum
1212 1249 1375 1331 absoluto

212 1380 303 1429 rum.
317 1357 402 1446 Illi,
429 1383 576 1454 quorum
591 1365 728 1451 'rogatu
751 1359 789 1429 S.
804 1360 992 1430 Anselmus
1015 1358 1256 1449 Monologium
1279 1356 1375 1448 scrip

213 1466 287 1552 sit,
316 1465 433 1537 ahane
457 1469 603 1536 formam
626 1467 931 1558 praestituerunt,
964 1472 1139 1558 quatenus
1169 1464 1375 1535 aucmriaa

212 1572 417 1664 Scripturas
440 1574 533 1645 nihil
555 1575 696 1666 penitus
718 1575 757 1644 in
780 1597 821 1644 ea
844 1574 1068 1644 meditatione
1091 1573 1375 1666 persuaderetur

213 1681 273 1751 aad
296 1682 469 1775 quidquid
491 1706 553 1774 per
584 1683 747 1773 singulas
776 1683 1069 1772 investigationes
1100 1680 1182 1749 finis
1214 1690 1375 1751 assereret

212 1788 262 1876 (h.
276 1812 306 1858 e.
322 1789 493 1881 quidquid
517 1790 754 1860 demonstrare
777 1789 994 1881 propositum
1013 1794 1104 1860 esset
1126 1793 1163 1858 et
1185 1787 1227 1858 in
1250 1787 1375 1859 conclu·

212 1895 307 1966 sione
330 1897 595 1984 contineretur),
621 1898 658 1968 id
682 1897 734 1967 ita
757 1920 832 1967 esse
855 1898 960 1989 plano
991 1897 1074 1967 stilo
1105 1903 1142 1967 et
1170 1896 1375 1986 vulgaribus

211 2005 430 2094 argumentis
453 2005 672 2098 simplicique
696 2005 933 2096 disputatione
955 2011 991 2075 at
1019 2006 1171 2073 rationis
1203 2006 1375 2072 necessita

213 2110 359 2179 breviter
376 2126 508 2202 caperet
538 2126 571 2179 et
600 2114 760 2180 cecitatis
790 2113 936 2181 claritas
964 2127 1127 2203 patenter
1162 2110 1353 2179 ostenderet

211 2215 367 2287 Praefat.
387 2218 431 2287 ad
446 2217 620 2309 Monolog.
639 2219 840 2289 Richardus
863 2242 946 2290 vero
969 2220 1006 2289 in
1030 2219 1104 2289 suis
1127 2218 1235 2287 libris
1248 2219 1293 2288 de
1308 2217 1375 2287 Tr:

211 2324 324 2394 nitate
346 2327 543 2415 profitetur:
572 2328 674 2398 uerit
696 2326 902 2396 intentionis
925 2335 1064 2398 nostras
1086 2328 1125 2397 in
1141 2326 1206 2395 hoc
1224 2349 1326 2418 opere
1340 2346 1375 2395 fl

211 2453 252 2502 ea
276 2454 364 2524 quae
387 2435 583 2522 credimus,
610 2436 648 2504 in
664 2442 833 2528 qnantum
849 2436 1019 2504 Dominus
1035 2435 1182 2520 dederit,
1202 2456 1272 2503 non
1288 2433 1375 2505 moe

211 2540 407 2630 probabiles
431 2565 552 2611 verum
576 2543 682 2611 etiam
705 2545 912 2610 carmarias
942 2545 1094 2610 rationes
1126 2539 1317 2626 adducere,

210 2646 293 2716 fidei
324 2654 464 2718 nostrae
495 2649 700 2719 documenta
730 2650 895 2720 veritatis
926 2650 1131 2719 enodatione
1159 2655 1197 2717 et
1219 2648 1375 2739 explan.

211 2752 306 2824 tione
336 2755 489 2825 condire.
523 2756 632 2826 Credo
667 2778 815 2848 namque
848 2758 923 2827 sine
954 2757 1077 2842 dubio,
1112 2757 1157 2826 ad
1193 2755 1375 2848 quorum:

211 2860 269 2931 bet
291 2862 583 2953 explanationem,
601 2886 690 2955 quae
712 2887 850 2934 necesse
873 2871 927 2933 est
949 2886 1034 2949 esse,
1053 2886 1121 2932 non
1146 2863 1246 2932 modo
1261 2862 1375 2953 prol:

210 2966 298 3037 bilia
319 2969 422 3038 immo
444 2969 551 3039 etiam
571 2973 762 3037 necessaria
778 2985 980 3061 arqamentc
995 2995 1063 3037 non
1081 2969 1203 3053 deesse,
1222 2991 1375 3062 quant

210 3074 275 3145 illa
291 3077 432 3145 interim
450 3077 633 3168 contingat
648 3085 803 3148 nostram
819 3077 1032 3148 industriam
1048 3077 1158 3146 latere
1176 3104 1193 3140 s
1211 3079 1264 3147 De
1281 3076 1375 3146 Tri·

210 3181 277 3252 l.I.
294 3207 323 3253 c.
344 3185 377 3253 4.
408 3185 457 3255 Et
479 3208 561 3256 sana
584 3193 732 3279 uterque
754 3187 942 3256 Anselmus
965 3209 1033 3255 non
1057 3186 1171 3253 minus
1196 3207 1300 3277 quam
1321 3182 1375 3253 Ι

209 3290 362 3360 chardus
385 3291 423 3360 in
446 3315 484 3363 re
509 3292 586 3384 ipsa
608 3301 643 3363 et
667 3295 705 3362 in
728 3294 826 3363 modo
849 3294 1073 3365 tractationis
1104 3293 1274 3365 videntur
1305 3311 1375 3362 cc:

209 3405 346 3467 stanter
368 3401 530 3492 prosequi
554 3423 646 3471 mere
669 3401 875 3471 rationalem
899 3401 1240 3471 demonstrationem.
1264 3400 1375 3493 Na·

210 3507 351 3577 videtur
374 3508 419 3577 ad
443 3531 564 3578 verum
588 3532 725 3579 sensnm
748 3510 919 3580 Richardi
950 3510 1106 3579 sufficere
1137 3511 1375 3600 interprete-

209 3613 246 3683 S.
262 3613 436 3702 Thomas,
463 3616 525 3708 qui
549 3617 613 3686 ait:
643 3617 881 3687 «intellectus
916 3616 1017 3686 illins
1048 3617 1149 3688 verbi
1173 3618 1237 3704 (de
1269 3640 1375 3687 nec-=

209 3723 314 3793 sariis
338 3726 556 3815 argumentis
579 3725 623 3795 ad
655 3748 770 3795 omnes
800 3727 1015 3803 necessarias
1046 3725 1217 3796 veritates
1247 3726 1375 3797 dem-

209 3832 393 3917 strandas)
418 3840 563 3922 apparet
586 3856 628 3902 ex
651 3833 738 3919 hoc,
766 3834 858 3927 quod
890 3835 1052 3927 sequitur
1076 3840 1204 3925 (penes
1234 3833 1375 3903 Richa-

208 3940 316 4026 dum):
336 3939 497 4031 quamvis
510 3941 695 4031 contingat
706 3950 860 4012 nostram
873 3943 1083 4012 industriam
1099 3943 1211 4013 latere
1223 3971 1239 4004 n
1260 3943 1297 4012 S.
1314 3934 1375 4011 Ι

209 4047 352 4117 inBoet.
365 4047 464 4116 Tria.
479 4049 633 4118 Prooem.
649 4075 682 4143 q.
694 4050 726 4119 l.
738 4073 771 4121 a.
785 4053 820 4121 4.
835 4052 880 4121 ad
897 4053 930 4119 7.
950 4051 1121 4134 Quamvis
1138 4050 1230 4120 enim
1246 4050 1375 4141 aliq-

207 4165 244 4227 et
266 4156 455 4250 aliquando
479 4157 613 4228 lateant
636 4166 844 4250 argumenta
860 4160 1067 4244 necessaria,
1084 4182 1154 4228 non
1176 4165 1294 4228 tamen
1309 4178 1375 4227 sa·

207 4264 256 4332 tit
277 4263 490 4351 Richardus,
516 4289 557 4335 ea
579 4267 735 4337 inveniri
759 4268 894 4336 ratione
918 4267 1072 4336 humana
1095 4290 1163 4335 non
1195 4289 1294 4358 posse
1316 4278 1375 4335 Ε

207 4371 244 4440 in
261 4374 429 4462 mysterio
453 4374 647 4444 Trinitatis
669 4374 737 4444 sibi
761 4374 828 4466 ipsi
853 4397 893 4446 ea
916 4375 1056 4464 deesse,
1083 4374 1186 4443 immo
1209 4373 1274 4459 ait,
1298 4382 1375 4442 su
