3172 4950
690 350 729 366 -
750 316 811 378 538
830 346 869 362 .-

197 446 337 494 causam
367 423 576 493 efficientem
597 427 634 492 et
656 422 909 512 exemplarem
935 421 973 488 in
997 440 1140 489 cauam
1163 419 1299 511 quidem
1317 419 1355 487 si·

197 531 393 616 finientem,
417 531 456 600 in
479 536 648 622 quantum
672 530 806 600 umus
823 526 1006 618 operativa
1027 526 1154 596 divina
1176 525 1310 619 aliquid
1327 525 1357 592 in

196 637 296 706 nobis
318 638 484 722 efficitnr3
500 636 538 704 in
552 658 691 705 musam
715 658 798 705 vero
817 635 1058 726 exemplarem,
1077 634 1269 704 secundum
1283 632 1358 725 quod

197 743 234 811 id
258 742 348 834 quod
371 743 409 810 in
431 742 531 812 nobis
553 764 575 810 a
597 742 670 811 Deo
693 748 769 827 est,
794 741 914 834 aliquo
937 741 1037 810 modo
1059 741 1173 809 Deum
1197 739 1357 808 imitetur.

196 849 282 918 Cum
305 871 388 938 ergo
411 849 530 918 eadem
552 849 670 918 virtus
682 849 731 918 eit
743 848 864 918 Petris
876 854 913 918 et
926 847 1015 917 Filii
1029 854 1067 917 et
1079 846 1241 938 Spiritus
1253 846 1360 915 Sancti

196 957 291 1026 sicut
312 962 350 1026 et
368 957 486 1025 eadem
505 956 669 1042 essentia,
685 963 822 1048 oportet
844 956 935 1048 quod
950 956 987 1024 id
1002 955 1092 1048 quod
1107 956 1207 1025 Deus
1222 954 1261 1023 in
1274 953 1360 1022 nobis

196 1062 331 1147 efficit,
357 1063 406 1130 sit
428 1062 522 1132 sicut
545 1084 567 1130 a
590 1084 696 1132 causa
719 1061 894 1132 eifioiente
917 1062 1023 1130 simul
1045 1083 1068 1130 a
1089 1062 1198 1131 Patre
1222 1068 1261 1131 et
1281 1060 1361 1130 Filio

197 1176 234 1239 et
265 1169 404 1259 Spiritu
435 1168 574 1239 Sancto.
609 1170 762 1238 Verbum
792 1175 907 1238 temen
942 1168 1145 1258 sapientiae¹
1173 1190 1244 1260 quo
1264 1168 1361 1237 Deum

198 1277 447 1365 cognoscimus,
473 1277 572 1345 nobis
595 1297 616 1343 a
638 1278 710 1345 Deo
733 1275 924 1345 immissum
947 1282 1003 1345 est
1015 1275 1157 1366 proprie
1172 1296 1361 1365 repraesen-

96 1425 98 1431 ,
197 1383 350 1452 tativum
372 1382 471 1467 Filii,
497 1389 534 1452 et
558 1381 723 1451 similiter
745 1403 842 1450 amor
864 1403 932 1472 quo
954 1380 1066 1450 Deum
1088 1380 1296 1470 diligimus,
1317 1385 1363 1447 eet

192 1493 375 1579 propriam
391 1492 717 1579 repraesentativum
732 1489 886 1577 Spiritus
909 1489 1042 1557 Sancti.
1066 1488 1118 1556 Et
1141 1487 1195 1556 sia
1218 1486 1362 1555 charitas

198 1619 286 1688 quae
309 1597 347 1664 in
370 1596 469 1664 nobis
486 1601 552 1680 est,
578 1595 662 1664 lieet
685 1595 734 1664 sit
756 1595 902 1664 effectus
925 1594 1045 1664 Petris
1067 1600 1105 1664 et
1125 1592 1218 1662 Filii
1240 1599 1277 1662 et
1296 1591 1362 1681 Spi-

196 1703 290 1772 ritus
322 1703 468 1786 Sancti,
494 1708 610 1771 temen
640 1702 790 1794 quadam
813 1701 958 1792 speciali
981 1700 1119 1769 ratione
1142 1699 1280 1770 dicitur
1298 1721 1362 1768 esse

196 1809 235 1878 in
258 1811 357 1878 nobis
387 1832 448 1900 per
473 1810 645 1900 Spiritum
676 1810 872 1879 Sanctum»
899 1809 935 1879 S.
952 1809 1019 1879 rh.
1043 1816 1156 1878 contr.
1182 1813 1283 1898 gent.
1304 1807 1360 1875 IV.

198 1937 228 1984 c.
252 1914 309 1982 21.
339 1915 393 1983 cf.
417 1915 453 1984 S.
471 1915 665 1986 Bonavent.
695 1915 727 1984 1.
754 1914 838 1984 dist.
866 1915 920 1983 17.
946 1915 986 1982 P.
1008 1914 1038 1983 Ι.
1065 1940 1100 2006 q.
1117 1913 1166 2000 1.;
1186 1912 1359 2004 Compsnd.

196 2021 305 2090 theol.
327 2022 434 2092 verit.
450 2045 480 2092 c.
496 2023 529 2090 9.

626 2193 769 2255 Tflasls
790 2195 933 2254 XLVIII.

391 2308 437 2370 De
458 2308 701 2369 inhabitatione
721 2306 866 2386 Spiritus
886 2307 1003 2370 Sanni
1024 2311 1061 2367 in
1083 2311 1183 2367 iustis

609 2407 726 2466 ueteris
751 2405 961 2466 Testamenti.

255 2538 439 2592 «Secundum
458 2538 658 2593 diversitatem
686 2544 716 2592 et
743 2540 944 2609 perlectionem
973 2537 1109 2592 donorum
1131 2538 1362 2593 sanetldeautiun

200 2627 400 2681 sadmIttendi
419 2629 506 2682 etiam
525 2632 595 2681 suut
613 2629 719 2694 gradus
738 2628 849 2682 diversi
867 2631 899 2682 in
917 2628 1066 2681 invisibili
1085 2628 1227 2682 missione
1247 2633 1277 2681 et
1292 2627 1363 2681 inbe-

199 2738 211 2764 r
228 2718 369 2770 bitetione
383 2717 510 2784 spititus
524 2717 632 2772 Sancti.
652 2718 810 2773 Secundum
822 2719 897 2772 banc
911 2718 1112 2772 diversitatem
1125 2717 1268 2783 graduum
1281 2717 1362 2784 ⁸11an

199 2803 275 2858 sss.
290 2807 391 2859 Patres
410 2805 610 2860 distinxerunt
635 2808 800 2861 missIonem
818 2812 848 2861 et
865 2807 1108 2861 iubebitetlonem
1128 2806 1259 2875 spiritus
1277 2804 1362 2860 deuoti

199 2910 277 2963 »pro
296 2911 369 2949 novo
389 2897 570 2950 Testamenta
590 2897 759 2951 noniustIm
778 2898 809 2951 in
829 2897 1015 2951 sanctificatis
1028 2897 1220 2962 pergratiam
1239 2895 1362 2964 baptismi

198 3003 211 3030 ι
227 2998 245 3035 a
262 2984 485 3051 participatione
505 2984 630 3038 eiusdem
649 2984 776 3052 Spiritus
795 2986 826 3038 iu
846 2985 955 3040 sanctis
975 2985 1084 3039 veteris
1099 2985 1296 3050 Testamenti,
1314 2997 1362 3037 uon

199 3092 211 3119 ι
227 3077 322 3126 eutem
334 3078 430 3141 potest
443 3074 567 3141 admitti,
582 3091 600 3128 a
612 3074 660 3129 SS.
671 3075 807 3129 Patribus
820 3075 960 3129 communi
970 3074 1117 3128 senentis
1130 3074 1362 3128 inhabitetiousu

198 3161 353 3228 »Sptritus
372 3166 402 3214 st
420 3163 600 3232 adoptionem
618 3163 761 3217 tilioruum
775 3179 825 3244 pro
839 3166 962 3231 tempore
983 3162 1091 3216 veteris
1110 3162 1290 3216 Testamenti
1306 3161 1361 3214 siu·

199 3269 211 3295 ι
227 3248 345 3316 pliciter
364 3251 455 3305 inisse
473 3255 639 3316 negatam.»

262 3389 305 3456 In
328 3389 394 3459 hau
418 3391 512 3459 thesi
542 3413 645 3484 quam
667 3391 870 3481 appendicis
893 3392 1007 3459 instar
1030 3390 1156 3460 haberi
1188 3392 1359 3472 volumus,

195 3496 413 3588 quaerimus,
440 3504 559 3567 utrum
582 3503 618 3568 et
641 3500 807 3591 quomodo
831 3499 1019 3568 discrimen
1050 3499 1146 3568 inter
1177 3499 1362 3569 metita·

194 3603 323 3672 tionem
345 3605 384 3672 in
408 3605 521 3674 veteri
544 3612 581 3674 et
612 3606 649 3675 in
683 3628 773 3675 novo
797 3607 1018 3675 Testamenta
1052 3605 1201 3675 admitti
1236 3606 1359 3675 debeat.

195 3707 283 3776 Visa
306 3717 422 3778 autem
445 3718 500 3780 est
523 3711 708 3803 inquisitio
732 3718 927 3802 opportuna
943 3718 1085 3802 propter
1102 3713 1298 3803 opinionem
1308 3712 1361 3780 Pe

194 3816 287 3884 tevii
310 3816 466 3906 theologi
490 3840 572 3886 sane
595 3819 812 3908 gravissimi,
829 3820 889 3910 qui
905 3818 1201 3889 inhabitationem
1217 3819 1362 3910 Spiritus

195 3919 317 3991 Sancti
340 3929 387 4007 et,
415 3925 505 4016 quod
528 3925 643 3994 adhuc
667 3925 792 3995 durius
815 3932 880 4010 est,
906 3926 1134 4016 adoptionem
1157 3925 1311 3995 liliorum
1330 3926 1362 3992 in

193 4028 299 4098 iustis
324 4031 455 4100 veteris
479 4032 696 4102 Testamenti
719 4033 915 4121 negandam
938 4055 1013 4103 esse
1043 4034 1206 4124 putavit.
1230 4035 1362 4104 Senten-

194 4135 280 4203 tiam
304 4137 373 4206 iam
398 4160 459 4228 per
483 4161 519 4207 se
543 4163 620 4207 cum
644 4144 774 4210 natura
789 4161 830 4208 ao
848 4140 964 4210 indole
986 4140 1261 4211 inhabitationis
1275 4162 1361 4210 sauc-

194 4241 365 4311 tificentis
389 4244 451 4314 vix
476 4246 728 4315 conciliandam
743 4247 1003 4316 contutabimus
1020 4247 1259 4338 explicatione
1272 4244 1362 4317 testi·

194 4350 413 4437 moniorum,
440 4353 566 4444 quibus
589 4353 759 4424 Petavius
782 4353 884 4424 unice
908 4353 1091 4425 innititur.
