3172 4950
871 337 909 351 -
934 304 991 366 158
1013 337 1051 351 ..

369 408 503 493 Deum,
530 406 651 478 divino
675 410 775 480 cultu
796 411 1032 499 adorandum
1058 410 1238 482 Christum
1260 410 1377 481 filium
1399 432 1422 479 a
1444 410 1547 479 Patre

370 516 576 587 distinctum
598 539 673 587 esse
699 518 800 587 illum
823 542 931 588 unum
955 542 1075 589 verum
1097 520 1221 604 Deum,
1239 519 1301 611 qui
1315 519 1354 588 iu
1369 518 1416 588 V.
1431 517 1476 587 Τ.
1491 540 1547 610 ap

371 625 491 718 paruit
513 632 548 694 et
564 649 601 696 se
616 627 790 697 revelavit
806 634 847 697 ut
869 628 979 698 Deum
1001 652 1121 698 unum.
1139 627 1281 697 Clarum
1304 632 1361 697 est
1383 625 1511 717 igitur,
1527 646 1547 693 a

371 734 537 804 Patribus
559 735 634 803 illis
649 737 806 805 omnibus
820 744 894 807 tam
916 736 1243 829 multiplicationem
1258 758 1364 828 quam
1387 734 1546 825 partitio

371 867 448 912 nem
461 844 603 913 deitatis
615 867 677 914 seu
688 852 836 917 naturae
848 847 989 917 divinae
1002 846 1123 916 haberi
1134 869 1177 916 ex
1189 844 1376 937 principiis
1387 841 1545 913 christia

371 951 428 1019 nis
452 958 492 1021 ut
507 953 704 1022 absurdam.
723 954 816 1024 Hinc
839 962 972 1025 certum
993 961 1058 1041 est,
1076 954 1329 1026 declarationes
1353 950 1545 1022 distinctio

373 1059 429 1128 nis
444 1059 551 1129 realis
562 1061 655 1129 inter
669 1062 820 1147 Patrem,
838 1060 984 1148 Filium,
1000 1061 1169 1153 Spiritum
1183 1061 1351 1131 Sanctum
1363 1079 1544 1151 numquam

373 1190 470 1258 posse
492 1191 596 1259 penes
618 1167 700 1238 illos
722 1169 879 1259 intelligi
901 1192 939 1240 eo
963 1192 1078 1254 sensu,
1096 1173 1138 1238 ut
1160 1166 1341 1237 distinctio
1370 1164 1545 1257 pertingat

373 1276 478 1346 etiam
504 1277 549 1345 ad
572 1298 677 1345 uuam
700 1277 991 1369 simplicissimam
1013 1282 1051 1347 et
1076 1299 1144 1346 non
1172 1273 1480 1367 multiplicabilam
1500 1294 1542 1343 aa

374 1385 521 1454 seutiam
535 1386 703 1456 divinam.

442 1494 475 1581 d)
492 1493 543 1563 De
555 1494 781 1565 distinctione
794 1518 1019 1587 personarum
1034 1495 1163 1587 duplex
1176 1502 1230 1566 est
1245 1496 1411 1566 diversus
1431 1494 1542 1564 modus

374 1602 579 1692 disputandi
602 1602 743 1672 illorum
766 1606 968 1674 Doctorum.
986 1604 1134 1687 Quando
1161 1603 1267 1673 simul
1289 1603 1481 1672 confutant
1498 1624 1541 1672 er·

373 1733 470 1780 rores
493 1710 667 1802 oppositos
682 1734 724 1781 ex
743 1735 812 1781 una
826 1720 927 1805 parte
949 1712 1183 1784 asserentium
1202 1735 1279 1781 cum
1295 1711 1439 1781 unitate
1452 1718 1541 1780 uatu-

374 1841 434 1888 raa
456 1818 562 1888 etiam
579 1820 749 1890 unitatem
765 1843 942 1912 personae,
960 1843 1003 1890 ex
1018 1827 1118 1912 parte
1134 1820 1247 1889 altera
1263 1817 1541 1889 distribuentium

376 1927 687 2020 quomodocumque
710 1929 816 1998 etiam
843 1936 1006 1997 naturam
1031 1951 1107 1998 cum
1130 1927 1357 1998 distinctione
1388 1946 1540 2018 persone

375 2058 464 2120 rum,
482 2044 524 2105 ut
547 2036 700 2105 vidimus
724 2059 826 2128 panes
847 2037 1033 2106 Callistum
1055 2043 1092 2106 et
1113 2036 1325 2126 Dionysium
1348 2035 1540 2121 Pontifices,

375 2149 439 2212 aut
461 2144 551 2236 quod
575 2146 648 2214 iere
671 2145 787 2215 eodem
810 2145 925 2231 redit,
952 2145 1088 2237 quando
1112 2145 1234 2213 Patres
1258 2143 1482 2213 vindicantes
1500 2141 1543 2211 di·

376 2251 596 2321 stinctiouam
612 2275 836 2343 personarum
854 2254 959 2322 simul
976 2253 1154 2343 repellunt
1166 2251 1377 2322 calumniam
1389 2251 1542 2321 adversa·

375 2359 519 2443 riorum,
538 2382 578 2429 ac
600 2359 632 2428 si
648 2360 712 2430 hoc
726 2361 802 2451 ipso
825 2359 1121 2450 multiplicaretur
1137 2365 1277 2443 natura,
1296 2364 1338 2428 ut
1364 2380 1468 2449 saepe
1482 2358 1542 2427 Ire·

375 2488 495 2551 naeus,
509 2489 578 2536 non
595 2489 675 2536 raro
691 2467 935 2537 Tertullianus
948 2467 1090 2559 aliique;
1105 2466 1143 2534 in
1158 2466 1224 2536 hac
1236 2465 1543 2558 inquamdisputa·

374 2576 468 2645 tione
484 2576 701 2667 coniungunt
718 2584 755 2646 et
769 2598 876 2670 aeque
891 2576 986 2646 clare
1000 2575 1193 2646 defendunt
1211 2573 1390 2642 unitatem
1405 2579 1545 2642 naturae

376 2691 412 2753 et
427 2684 684 2755 distinctionem
701 2707 938 2776 personarum.
958 2685 1011 2752 At
1038 2706 1120 2753 vero
1147 2684 1349 2775 frequenter
1374 2681 1545 2773 supposita

377 2793 513 2863 unitate
536 2793 679 2862 deitatis
703 2792 815 2862 solum
838 2815 922 2884 prae
939 2792 1050 2862 oculis
1066 2792 1195 2861 habent
1209 2790 1338 2860 realem
1356 2788 1545 2860 distinotio-

377 2925 454 2970 uem
477 2900 595 2970 Patris
609 2907 645 2970 et
659 2901 758 2986 Filii,
775 2923 876 2994 quarn
901 2900 1070 2969 haeretici
1092 2900 1279 2987 negabant.
1295 2897 1383 2966 Cum
1409 2899 1481 2967 iam
1497 2897 1547 2965 hic

377 3008 542 3077 Patribus
558 3009 759 3078 nullatenus
783 3008 895 3078 fuerit
910 3006 1128 3099 propositum
1152 3006 1331 3075 declarare
1355 3004 1546 3075 distinctio

378 3139 466 3202 nem,
485 3115 647 3208 quomodo
664 3119 724 3198 sit,
742 3117 801 3185 sed
823 3117 925 3185 unice
949 3117 1025 3185 eius
1039 3114 1248 3198 realitatem,
1268 3138 1314 3180 cn
1338 3117 1398 3196 sit,
1416 3120 1455 3184 ct
1477 3136 1547 3184 oum

377 3218 420 3294 de
436 3225 572 3293 unitata
595 3231 742 3293 naturae
758 3225 885 3317 absque
902 3223 1141 3294 controversia
1158 3245 1235 3292 cum
1251 3222 1470 3292 adversariis
1486 3245 1547 3292 mo·

378 3331 580 3403 marchianis
603 3332 849 3420 consentirent;
865 3355 933 3400 non
956 3337 1009 3402 cst
1031 3333 1169 3416 mirum,
1180 3331 1271 3424 quod
1287 3352 1388 3422 saepe
1403 3336 1549 3401 utuntur

379 3441 424 3511 iis
448 3440 611 3533 loquendi
634 3440 756 3525 modis,
776 3441 835 3533 qui
859 3464 920 3531 per
944 3463 980 3508 se
1004 3440 1153 3531 spectati
1183 3444 1325 3529 possent
1345 3461 1414 3508 non
1443 3439 1548 3509 solum

378 3571 602 3642 personarum
620 3549 679 3619 sed
696 3550 801 3618 ctiam
824 3554 1032 3618 naturarum
1055 3547 1314 3616 distinctionem
1337 3547 1547 3636 significare,

378 3659 563 3750 atquibus
586 3658 624 3726 in
647 3657 885 3748 disputatione
908 3656 992 3742 alia,
1008 3657 1068 3725 ubi
1091 3654 1304 3724 vindicanda
1327 3660 1419 3724 esset
1442 3655 1551 3725 deitas

378 3767 466 3836 Filii
478 3773 514 3835 et
529 3773 678 3835 naturae
694 3766 825 3850 unitas,
839 3787 950 3858 neque
962 3765 1031 3856 ipsi
1048 3765 1103 3833 usi
1119 3769 1246 3848 essent,
1261 3767 1297 3832 ct
1307 3764 1425 3832 minus
1440 3762 1551 3833 adhuc

379 3872 564 3964 posteriori
580 3878 696 3941 aetate
712 3873 767 3942 uti
784 3873 956 3942 commode
967 3894 1161 3964 possumus,
1177 3893 1254 3942 cum
1268 3871 1440 3940 formulae
1451 3871 1550 3941 etde·

380 3981 556 4050 finitiones
568 3982 746 4051 erroribus
757 3989 829 4050 tam
841 3981 1099 4051 monarchianis
1112 4003 1214 4073 quam
1226 3978 1412 4048 triusiauis
1425 3979 1552 4048 directe

380 4090 558 4182 oppositae
573 4089 643 4159 iam
665 4096 764 4160 ratae
786 4098 871 4159 suut
892 4112 934 4159 ac
949 4090 1050 4174 fixae,
1078 4110 1164 4180 quas
1180 4085 1351 4156 formulas
1367 4082 1465 4176 ipsas
1487 4108 1552 4155 nou

379 4197 448 4268 nisi
472 4198 642 4288 paulatim
665 4198 801 4288 peperit
822 4197 1031 4280 necessitas,
1057 4202 1099 4265 ut
1121 4196 1246 4285 dogma
1269 4191 1420 4262 unitatis
1444 4201 1482 4262 et
1502 4192 1550 4262 di·

380 4305 580 4376 stinctionis
602 4328 735 4396 semper
759 4305 930 4374 creditum
945 4303 1143 4373 muniretur
1158 4302 1329 4371 adversus
1344 4300 1549 4383 haereticos,

379 4423 416 4484 et
438 4413 581 4484 fraudes
597 4413 855 4504 detegerentur,
873 4412 1000 4504 quibus
1015 4432 1167 4482 errorem
1184 4409 1241 4479 illi
1261 4408 1497 4479 occultabant.
1524 4456 1529 4465 -
