3172 4950
712 281 892 348 -351-

216 414 294 477 men
316 390 514 464 attenditur
536 390 581 461 ad
605 389 742 461 modurn
764 390 955 476 diversum,
982 412 1052 483 qno
1074 412 1140 460 nos
1161 391 1369 478 oripinenet

215 503 417 570 relationem
440 499 664 590 concipimus,
684 521 848 589 personae
871 501 984 590 magis
1008 499 1149 591 proprie
1162 499 1367 573 relationibus

217 632 318 704 qnam
347 607 543 697 originibus
566 608 777 676 constitutae
800 607 1065 698 intelliguntur.

282 713 391 805 Origo
414 715 449 782 in
476 713 609 782 divinis
631 712 676 781 ad
699 736 771 780 rent
788 724 1004 803 praesentem
1028 713 1121 804 quod
1144 719 1288 804 spectat,
1303 713 1366 785 diei·

216 829 278 894 tur
300 836 375 892 tunt
399 824 497 909 oripo
521 824 637 889 action
660 827 837 912 (penerors
859 830 895 891 et
909 825 1047 912 spirare
1068 845 1130 892 seu
1153 822 1367 912 generatinis

217 930 365 1020 spiratio
387 930 518 1012 activa,
543 929 603 1021 qui
627 929 733 996 etiarn
758 934 842 997 sunt
867 937 904 996 et
925 927 1093 998 dicuntur
1117 943 1214 997 notris
1235 932 1366 997 notiow

216 1036 264 1105 les
280 1038 330 1121 (1)
346 1037 393 1107 ct.
409 1033 538 1106 Saurea
555 1036 580 1104 1.
596 1035 660 1103 VI.
674 1059 704 1104 c.
721 1036 754 1104 1.
769 1059 804 1103 n.
818 1033 852 1104 2.
868 1035 916 1119 3),
941 1045 1016 1105 turn
1034 1039 1132 1122 oripo
1149 1036 1367 1127 oelatpnssiss

217 1147 336 1232 (ρὶῃηὶ
357 1154 394 1213 et
415 1146 549 1234 spirari
571 1165 632 1212 een
663 1144 837 1212 nativitas
869 1152 907 1212 et
932 1145 1119 1234 processio)
1143 1144 1215 1230 (2);
1239 1144 1367 1238 adeoque

216 1254 315 1343 origo
339 1251 428 1321 idem
451 1258 506 1322 est
527 1273 568 1321 ac
596 1252 779 1342 productio
813 1274 917 1321 sensu
946 1253 1065 1321 activo
1088 1261 1125 1322 et
1146 1253 1298 1342 passivo,
1321 1272 1368 1323 see

210 1359 461 1454 producemus
483 1358 627 1450 produci
649 1360 847 1429 divinarum
883 1383 1119 1452 personarum.
1153 1356 1367 1444 Quoniamis

216 1471 458 1536 corretitatione
480 1489 705 1557 personarum
727 1466 915 1560 loquimur,
930 1467 1081 1559 seposita
1097 1466 1288 1559 spiratione
1301 1464 1365 1537 sct-

216 1598 263 1645 να
288 1598 375 1670 qnae
399 1597 575 1666 Personam
599 1599 667 1643 non
692 1577 888 1659 constituit,
914 1587 956 1646 ut
978 1584 1099 1667 postea
1121 1574 1363 1659 declarabimus.

215 1684 273 1756 hic
298 1688 333 1754 in
358 1683 666 1754 considerationem
691 1686 790 1754 venit
816 1684 994 1776 generatio
1018 1685 1132 1775 (origo
1154 1683 1300 1770 activa),
1322 1701 1364 1753 ut·

216 1793 344 1864 tinitas
366 1802 403 1862 et
429 1792 600 1883 processio
628 1793 770 1882 (duplex
795 1794 893 1883 origo
915 1792 1085 1884 passiva).

281 1899 356 1968 Iam
381 1900 469 1991 quod
495 1902 605 1991 primo
628 1899 703 1969 loco
733 1901 908 1986 diximus,
933 1901 1104 1990 originem
1125 1904 1164 1970 et
1185 1896 1364 1990 respondet·

214 2014 283 2080 tem
306 2007 510 2077 relationem
533 2009 569 2077 in
593 2008 727 2077 divinis
750 2008 893 2078 realiter
915 2031 989 2078 esse
1010 2008 1148 2076 omnino
1165 2007 1268 2090 iden,
1284 2003 1365 2077 iaoilt

215 2115 444 2206 intelligitur.
471 2114 624 2185 Divinus
647 2116 849 2186 intellectus
871 2139 938 2184 non
962 2122 1017 2185 est
1039 2116 1199 2206 potentia
1221 2115 1365 2184 distincte

214 2223 259 2291 ab
281 2232 386 2304 actu,
412 2221 472 2291 sed
497 2231 551 2291 est
573 2246 615 2292 ex
639 2223 831 2293 intrinseca
853 2244 917 2291 sna
939 2235 1070 2293 natura
1094 2245 1207 2312 purus
1228 2224 1364 2290 actnset

213 2330 461 2401 substantialis
479 2329 683 2416 intellectio;
703 2331 846 2422 proinde
868 2332 974 2400 etiam
999 2330 1202 2400 intellectus
1218 2336 1364 2423 qnatenus

214 2439 408 2531 producens
420 2436 571 2507 Verbum
596 2445 637 2506 ut
660 2461 760 2508 sunm
786 2440 971 2509 terminum
993 2439 1235 2523 intrinsecum,
1253 2438 1365 2505 nonest

214 2548 371 2639 potentia
393 2546 512 2615 exiens
537 2547 574 2614 in
598 2557 715 2618 actum
739 2548 978 2638 productionis
994 2547 1115 2631 Verbi,
1133 2547 1195 2616 scd
1210 2553 1265 2617 est
1278 2560 1364 2637 purus

214 2665 315 2725 aetus
338 2654 584 2723 substantialis
611 2655 860 2726 intellectionis
891 2678 933 2724 ex
957 2655 1151 2725 intrinseca
1174 2677 1239 2724 sna
1260 2664 1365 2722 natura

216 2770 273 2850 (et
295 2763 359 2832 hoc
382 2786 485 2832 sensu
511 2763 767 2848 essentialiter)
793 2763 1024 2855 productione
1047 2762 1169 2832 Verbi.
1202 2761 1299 2831 Unde
1316 2759 1365 2828 bot

214 2882 392 2942 aeternnm
416 2873 649 2941 necessariam
669 2869 855 2962 producere
878 2895 939 2942 sen
953 2896 1128 2962 penerors,
1147 2871 1249 2940 cuins
1269 2865 1364 2940 urnis

214 3000 282 3048 nus
305 2978 517 3049 intrinsecus
534 3002 640 3072 aeque
657 2980 874 3049 successarius
889 2990 945 3049 cst
960 2980 1124 3064 Verbum,
1143 3003 1211 3049 non
1227 2988 1280 3048 est
1294 2975 1363 3045 ertio

214 3085 335 3156 labens
359 3087 417 3157 sed
441 3095 495 3156 est
514 3088 663 3177 ipsamet
686 3089 932 3158 substantialis
956 3098 1100 3157 aeterna
1122 3085 1362 3157 immutabiliter

214 3217 418 3287 permanens
441 3204 477 3264 et
500 3197 694 3265 subsistens
718 3196 910 3267 intellectio
933 3196 1086 3265 relativa
1109 3195 1154 3263 ad
1179 3219 1279 3265 snum
1298 3192 1361 3261 Ver

214 3304 293 3371 bum
318 3304 559 3372 intrinsecum.
580 3305 682 3374 Sicut
695 3329 779 3395 ergo
794 3304 916 3373 divina
935 3304 1061 3373 relatio
1078 3304 1301 3394 paternitatis
1312 3319 1360 3369 non

213 3417 270 3478 est
292 3409 375 3502 quid
398 3412 628 3495 abstractum,
655 3412 714 3481 sed
738 3421 792 3481 est
814 3413 928 3502 ipsum
951 3412 1016 3480 hoc
1037 3412 1270 3481 substantiale
1284 3404 1357 3475 intel

215 3517 324 3603 lipers
345 3517 591 3608 productivum
616 3518 722 3588 Verbi
739 3526 774 3587 et
788 3519 864 3588 ideo
886 3541 929 3586 ex
951 3541 1017 3586 sna
1034 3525 1165 3587 natura
1180 3509 1357 3587 relaturnel

214 3624 385 3714 Verbnm;
412 3626 464 3693 ita
487 3627 586 3716 origo
609 3627 729 3695 activa
752 3648 839 3719 quae
865 3626 955 3694 nihil
988 3634 1042 3695 est
1072 3627 1175 3697 aliud
1199 3648 1295 3718 qnam
1312 3621 1356 3689 bot

267 3773 310 3847 (l)
327 3775 407 3829 Sient
424 3777 505 3825 notin
524 3780 570 3829 est
589 3776 734 3843 proprium
751 3777 781 3828 iu
804 3776 984 3843 oppositione
1005 3775 1040 3830 sd
1061 3790 1226 3842 commane,
1245 3776 1353 3842 quant!
1385 3768 1391 3785 ⁴

213 3880 264 3934 per
284 3865 356 3918 illud
378 3867 528 3918 innotescit
547 3882 667 3934 persons
684 3866 842 3931 distincta,
864 3867 907 3919 its
926 3871 1006 3919 sctns
1025 3868 1186 3919 notionnlis
1203 3870 1247 3919 est
1264 3856 1353 3933 ipsust

214 3954 294 4004 notio
314 3955 395 4007 velut
412 3957 527 4020 active,
548 3962 579 4007 et
597 3954 696 4007 itidem
717 3956 877 4006 notisnotis
891 3956 999 4010 dicitnr
1020 3962 1117 4023 actus,
1147 3958 1217 4025 qnia
1234 3971 1280 4025 per
1295 3950 1350 4005 illu

213 4040 365 4096 innotescit
384 4059 566 4111 personarum
594 4042 755 4098 distinctio.
1340 4112 1343 4117 ,

267 4130 309 4203 (2)
328 4134 459 4187 Notandn
478 4142 524 4187 est
542 4136 641 4203 aliqua
665 4137 838 4201 ambiguitas
865 4132 1086 4203 significationis
1112 4138 1142 4191 iu
1166 4136 1242 4191 bisse
1262 4124 1348 4189 reniti·

213 4221 267 4275 bus
283 4222 403 4288 spiratio
425 4226 531 4286 nelina,
551 4226 671 4290 spiratio
686 4227 808 4290 pessino,
828 4228 985 4292 processio,
1010 4243 1083 4295 quae
1103 4244 1190 4296 penes
1206 4228 1278 4295 ipsos
1293 4218 1347 4276 Seii·

208 4312 326 4366 lastioos
347 4313 492 4365 termulen
516 4317 654 4367 rationem
684 4332 759 4369 nunc
789 4316 913 4382 nriyinis
938 4332 1013 4370 nnnc
1037 4318 1190 4370 relationis
1215 4304 1344 4383 sipontini

213 4401 250 4454 er.
262 4401 336 4456 nun
358 4402 433 4471 erip.
448 4405 493 4457 as.
505 4412 574 4459 seni.
589 4407 615 4460 a.
628 4421 657 4462 a.
671 4408 698 4459 a.
712 4408 754 4460 10.
767 4406 840 4461 rrae
851 4405 880 4459 s.
892 4407 945 4463 na.
958 4409 983 4461 1.
999 4422 1028 4477 q.
1040 4404 1086 4462 ee.
1098 4423 1125 4462 ι.
1138 4409 1176 4476 1.;
1187 4424 1215 4479 q.
1225 4398 1326 4467 arat
