3172 4950
709 364 747 380 -
768 331 826 394 σοι
850 362 887 380 -

536 461 642 530 snpra
665 438 848 522 rationem,
867 459 936 506 non
958 443 1075 507 tamen
1090 444 1206 530 potest

536 546 697 616 convinci
719 566 793 614 esse
817 549 939 613 eontra
961 544 1159 614 rationem.
1189 536 1290 638 pap.
1317 548 1384 618 313

207 654 272 722 Tu.
299 653 398 724 XXI
477 653 528 723 De
550 651 738 721 identitate
760 649 849 719 reali
870 655 907 719 et
922 649 1181 721 distinctione
1170 675 1208 721 ιιι

536 760 600 829 SS.
613 758 790 827 Trinitate
802 780 864 847 per
875 756 1134 827 distructionem
1150 760 1206 827 ab

533 865 643 935 soluti
665 886 707 934 ae
729 864 874 933 relativi
889 913 1195 935 ......
1248 896 1264 931 n
1313 861 1385 939 328

205 972 271 1043 Tu.
298 973 416 1042 XXII.
480 972 682 1042 Relationes
697 971 839 1039 divinae
852 975 936 1038 sunt
951 970 1063 1042 reales
1076 978 1112 1041 et
1126 972 1204 1042 ideo

533 1076 783 1148 substantiales
832 1129 1198 1149 .......
1251 1109 1266 1144 n
1316 1082 1383 1150 336

205 1187 271 1256 Tu.
298 1186 435 1256 XXIII.
476 1184 700 1271 Declaratio,
732 1186 900 1277 quomodo
923 1185 1065 1255 divinae
1088 1209 1202 1276 perso·

409 1322 419 1339 ·
532 1315 596 1363 nae
620 1293 852 1380 relationibus
875 1293 1043 1363 constitui
1063 1293 1195 1364 intelli·

532 1405 665 1490 gantur
716 1451 1201 1470 .........
1252 1431 1268 1465 n
1316 1405 1383 1475 342

207 1510 273 1578 Tu.
299 1509 431 1579 XXIV.
475 1508 526 1577 De
542 1508 640 1576 modo
657 1507 893 1597 significandi,
909 1529 1009 1601 quem
1025 1508 1130 1578 habet
1146 1532 1204 1579 uo·

534 1637 609 1684 meu
628 1639 796 1705 persona.
821 1622 857 1684 et
876 1615 917 1684 de
933 1614 1094 1705 opinione
1109 1618 1204 1685 theo·

532 1723 693 1813 logorum
708 1722 938 1791 asserentium
954 1722 992 1790 in
1006 1722 1079 1792 Deo
1099 1724 1205 1790 subsi-

416 1836 420 1845 '
533 1835 695 1899 scentiam
714 1830 904 1897 absolutam
952 1883 1200 1901 .....
1252 1861 1267 1894 n
1317 1832 1382 1902 361

207 1939 272 2008 Tu.
296 1937 412 2008 XXV.
476 1939 527 2008 De
549 1936 749 2007 notionibus
780 1939 986 2026 spirationis
1013 1941 1146 2005 activas
1170 1946 1207 2008 et

536 2046 688 2134 inqenc'ti
717 2095 1203 2116 .........
1254 2074 1270 2111 n
1318 2046 1383 2116 371

206 2153 271 2222 Tu.
297 2152 429 2224 XXVI.
473 2153 598 2223 Modus
629 2151 859 2243 processionis
881 2151 990 2221 Verbi
1016 2175 1079 2243 per
1101 2152 1203 2223 intel·

531 2260 673 2345 lectum,
692 2259 849 2351 Spiritus
862 2258 983 2328 Sancti
1001 2282 1063 2350 per
1081 2261 1203 2330 volun·

534 2372 642 2436 tutem
666 2389 709 2436 ex
733 2365 918 2456 Scriptura
934 2371 971 2435 et
985 2367 1131 2436 Petrum
1149 2368 1206 2437 do·

534 2474 650 2544 ctrina
673 2473 934 2543 demonstratur
957 2525 1203 2543 .....
1253 2500 1270 2536 n
1318 2473 1386 2542 384

207 2581 272 2650 Tu.
298 2581 450 2652 XXVII.
477 2580 665 2673 Supposita
687 2580 753 2650 hac
770 2579 924 2651 veritate
941 2581 1127 2652 deducitur
1142 2580 1206 2648 ali-

533 2708 602 2779 que
627 2686 811 2776 analogica
846 2686 1038 2758 intellectio
1072 2710 1205 2778 proees-

535 2793 670 2862 sionum
693 2793 892 2863 divinarum
896 2844 1201 2863 ......
1253 2822 1269 2860 n
1317 2795 1384 2863 396

207 2901 271 2970 rs.
291 2901 462 2973 XXVIII.
476 2902 528 2970 De
551 2901 787 2971 intellectione
817 2908 854 2971 et
875 2901 1062 2971 dilectione
1084 2901 1205 2970 notio-

533 3006 607 3076 nali
630 3015 830 3099 comparate
845 3030 923 3077 cum
938 3007 1124 3077 attributis
1146 3009 1204 3075 ab·

530 3115 680 3200 solutis,
712 3120 749 3183 et
778 3114 821 3183 de
852 3137 994 3185 numero
1016 3115 1204 3207 processio·

533 3246 617 3293 num
639 3222 677 3292 in
700 3223 772 3293 Deo
776 3273 1201 3292 ........
1253 3250 1268 3286 n
1316 3223 1383 3292 405

206 3328 270 3399 Τιι.
297 3329 431 3400 XXIX.
479 3330 530 3399 De
554 3329 710 3414 obiectis,
737 3350 884 3421 quorum
907 3328 1147 3400 intellectione
1170 3341 1206 3400 et

533 3437 719 3508 dilectione
750 3438 823 3507 sint
854 3437 1091 3529 processiones
1113 3437 1204 3506 divi-

532 3567 612 3631 nae;
638 3552 674 3615 et
697 3547 863 3637 quomodo
885 3546 992 3614 Pater
1011 3545 1127 3614 Verbo
1151 3566 1203 3611 sa·

532 3652 643 3742 piens
654 3653 759 3721 Pater
773 3651 936 3722 etFilins
953 3651 1093 3741 Spiritu
1117 3649 1202 3718 Sen-

532 3763 588 3828 eto
610 3780 729 3827 amans
753 3759 823 3829 dici
845 3758 956 3849 possit
1015 3809 1023 3826 .
1075 3809 1082 3825 .
1134 3806 1141 3823 .
1194 3808 1201 3825 .
1253 3785 1268 3819 n
1315 3756 1383 3826 410

206 3866 271 3935 Is.
297 3865 412 3936 XXX.
472 3866 525 3935 De
540 3865 650 3950 modo,
669 3887 735 3959 quo
750 3867 922 3955 processio
945 3865 1115 3934 secundae
1131 3886 1204 3955 per-

532 3993 635 4041 sonae
651 3979 695 4041 ut
707 3975 910 4062 peucetio,
931 3972 1104 4063 processio
1120 3993 1204 4041 vero

533 4077 660 4148 tertiae
683 4100 850 4168 personae
874 4085 917 4147 ut
939 4077 1012 4147 elia
1034 4077 1204 4148 distincta

533 4184 814 4255 manifestatur
803 4208 841 4254 ιιι
864 4185 1078 4256 revelatione
1133 4237 1140 4253 .
1194 4236 1201 4251 .
1251 4213 1267 4248 n
1314 4185 1382 4256 422

206 4295 272 4367 Τιι.
296 4294 431 4366 XXXI.
476 4293 527 4364 De
543 4292 699 4379 ratione,
723 4315 785 4362 cur
800 4293 973 4384 processio
987 4292 1115 4362 tertiae
1130 4315 1204 4382 per·

532 4421 635 4470 sonas
658 4422 726 4470 non
749 4398 800 4469 sit
821 4403 1022 4492 peroratio.
1073 4453 1080 4468 .
1132 4451 1139 4468 .
1192 4451 1199 4467 .
1251 4426 1267 4460 n
1314 4397 1382 4468 488
