3172 4950
658 358 698 377 ·-
719 331 778 391 391
801 364 839 377 -

188 456 236 501 em
257 434 330 523 ipae
352 432 547 499 naturalem
570 434 670 501 labet
692 439 923 517 sanctitatem,
940 458 1009 503 non
1025 436 1144 524 gratia
1159 443 1336 533 acceptam

188 538 473 626 adessentialcm,
489 539 579 607 unde
607 546 644 607 et
669 542 900 630 sinpnlariter
927 541 1194 631 appellationem
1217 544 1339 612 Sancti

188 647 328 717 ›bdnetn
354 672 409 739 cp.
428 649 505 717 159.
523 673 558 717 ιι.
578 648 611 717 2.
627 651 673 719 ci.
689 673 742 741 ep.
757 651 813 719 38.
827 675 862 720 ιι.
884 650 918 721 4.
940 652 1079 721 Pariter
1102 652 1251 741 Gregor.
1268 652 1338 722 Na-

188 754 352 825 tianzcnus
378 757 493 825 tradit
523 757 746 826 sanctitatem
782 759 882 827 velut
917 756 1151 829 characterem
1183 759 1338 851 Spiritus

188 858 299 931 ancti:
320 892 336 927 a
350 863 497 931 definias
512 870 665 933 nostram
679 866 771 955 pium
787 865 901 949 fidem,
920 865 1086 935 docens...
1101 866 1240 935 Patrem
1257 890 1339 937 uere

188 970 346 1041 Patrem...
368 971 500 1041 Filium
535 997 617 1044 vere
650 973 824 1043 Filium...
848 974 1020 1065 Spiritum
1055 974 1223 1045 Sanctum
1257 996 1340 1045 vere

188 1074 352 1167 Sanctum
378 1104 488 1173 neque
511 1080 602 1150 enim
625 1081 718 1151 alius
740 1080 827 1150 talis
850 1090 904 1150 est
926 1105 989 1151 nco
1011 1082 1146 1169 taliter,
1164 1105 1273 1176 neque
1296 1105 1339 1151 ex

188 1190 359 1259 accessione
382 1191 556 1260 sanctitas
571 1191 631 1260 sed
647 1199 700 1259 est
723 1194 801 1281 ipsa
824 1194 992 1259 sanctitas
1018 1186 1236 1280 (iutoayarm)
1249 1191 1337 1261 Nan.

188 1296 293 1364 ιι.25.
307 1297 355 1365 al.
371 1296 427 1365 23.
442 1321 479 1365 n.
497 1297 552 1366 16.
576 1297 758 1367 Consentit
781 1322 858 1368 cum
881 1298 938 1365 his
955 1297 991 1366 S.
1013 1297 1172 1388 cyrillus
1195 1322 1264 1368 non
1287 1322 1339 1368 so-

188 1401 299 1472 lumin
321 1427 360 1473 re
384 1406 443 1473 sed
467 1406 572 1474 etiam
596 1407 694 1476 modo
716 1407 879 1499 loquendi
903 1414 939 1475 et
961 1407 1243 1495 argumentandi:
1261 1406 1340 1498 Spi-

190 1509 273 1594 titus,
296 1511 423 1603 iuquit,
450 1536 492 1582 cx
514 1513 608 1582 Filio
631 1520 697 1598 cst,
724 1514 817 1582 sicut
843 1513 1013 1582 «dulcedo
1038 1538 1080 1581 etc
1106 1515 1217 1597 melle,
1247 1515 1341 1581 calor

192 1620 318 1709 ccipere,
336 1621 564 1711 refriperatio
588 1647 629 1688 ea
650 1647 799 1715 aqna...
815 1622 945 1691 Dicant
959 1622 1070 1707 nobis,
1090 1623 1151 1713 qui
1167 1621 1339 1712 Spiritum

193 1746 222 1793 er
233 1727 495 1818 participatione
519 1732 650 1799 audent
672 1731 786 1800 dicere
803 1737 962 1801 sanctum
978 1737 1014 1800 et
1028 1755 1096 1799 non
1112 1731 1338 1816 naturaliter,

194 1834 333 1923 quidnam
355 1836 469 1925 igitur
492 1838 566 1927 ipse
581 1862 642 1928 per
656 1862 692 1908 se
715 1846 751 1907 et
772 1839 810 1907 in
834 1840 976 1931 propria
993 1839 1178 1930 hypostasi
1193 1848 1248 1909 est
1264 1839 1341 1932 Spi-

194 1939 286 2010 ritual
308 1945 360 2013 At
383 1944 474 2013 nihil
504 1944 603 2013 aliud
634 1968 737 2036 quam
761 1947 922 2015 Sanctam
952 1970 994 2016 ex
1024 1946 1219 2037 Scripturis
1243 1948 1342 2017 audi-

196 2048 302 2139 rimus;
329 2076 397 2122 non
420 2053 534 2142 igitur
556 2054 826 2144 participatione
844 2054 901 2125 vel
925 2056 1170 2146 compositione
1186 2064 1340 2143 sanctus,

196 2156 238 2226 ted
250 2166 299 2229 est
312 2159 465 2229 essentia
485 2167 521 2230 et
543 2168 672 2230 natura
688 2162 923 2247 sanctificans,
943 2169 1048 2255 atque
1064 2168 1265 2232 sanctitatis
1277 2164 1344 2231 Dei

197 2266 366 2350 ocPatris,
392 2272 434 2336 ut
455 2268 509 2336 ita
531 2267 667 2359 loquar,
693 2269 862 2360 qualitas,
887 2273 976 2337 sicut
1003 2268 1141 2337 dulcedo
1175 2295 1216 2338 ea
1246 2271 1345 2338 melle
1472 2304 1475 2309 ·

197 2373 329 2442 alonae
352 2375 435 2442 odor
458 2400 499 2443 ea
515 2376 662 2463 flora...
676 2376 772 2446 Haec
801 2377 915 2466 ipsius
943 2377 1157 2467 appellatio,
1184 2379 1269 2470 quid
1293 2401 1343 2448 se·

196 2482 320 2553 eundum
344 2484 531 2553 essentiam
548 2485 607 2569 sit,
629 2485 825 2575 significat;
845 2486 1092 2555 Sanctasenim
1113 2486 1340 2578 appellatura

197 2584 299 2677 cyrill.
317 2592 421 2662 Thes.
440 2595 482 2661 Τ.
500 2594 596 2662 V.P.
611 2594 641 2663 I.
665 2618 698 2684 p.
723 2593 801 2678 350,
818 2594 897 2663 351.
919 2595 1036 2664 «Tale
1061 2595 1145 2685 quid
1168 2594 1237 2662 imo
1260 2617 1344 2664 vero

198 2714 281 2785 supra
301 2700 337 2769 id
361 2700 403 2768 de
427 2700 498 2769 Deo
521 2706 558 2768 et
580 2700 708 2770 Sancto
733 2701 871 2792 Spiritu
895 2702 1047 2792 cogites:
1066 2708 1121 2771 est
1136 2702 1227 2771 enim
1243 2702 1345 2772 velut

198 2800 259 2869 ota
279 2807 420 2898 qnidam
441 2809 655 2875 susbstantiac
678 2812 771 2892 eins,·
795 2809 921 2880 vivant
943 2816 981 2879 et
1003 2810 1144 2897 efficax,
1171 2813 1232 2903 qui
1256 2832 1344 2904 quae

196 2910 280 2981 cca
291 2924 383 3001 sunt,
399 2923 581 2986 creaturae
596 2919 823 3003 transmittit,
838 2926 874 2988 et
890 2941 1071 3009 supremae
1089 2918 1239 2987 omnium
1265 2919 1343 2987 sub·
1468 2962 1475 2969 -

198 3020 323 3093 ttantiae
346 3047 408 3113 per
440 3026 591 3115 seipsum
621 3025 928 3116 participationem
956 3026 1113 3096 inserita
1139 3036 1207 3095 etc.
1230 3025 1279 3094 id.
1306 3025 1344 3093 in

197 3116 270 3196 lal.
285 3130 349 3199 XI.
369 3133 411 3199 Τ.
430 3131 494 3199 IV.
514 3156 548 3221 p.
573 3131 740 3200 930-932.
770 3133 955 3201 Pertinant
979 3132 1049 3201 huc
1080 3132 1226 3201 Petrum
1249 3131 1345 3202 dicta

199 3234 298 3321 onnia,
323 3238 450 3331 quibus
474 3238 574 3308 velut
596 3240 739 3329 propria
761 3239 858 3307 notio
885 3238 1041 3329 Spiritus
1065 3238 1188 3309 Sancti
1211 3262 1253 3309 ex
1270 3239 1345 3330 ipso

198 3345 400 3422 processionis
422 3345 521 3414 modo
552 3347 609 3415 vel
640 3347 696 3415 vis
727 3345 982 3415 sanctificatrix
1010 3344 1187 3436 (ἀγιαστικη
1206 3341 1341 3433 incapte)

199 3443 241 3513 vel
258 3452 411 3523 formulis
435 3454 526 3523 ratio
550 3453 632 3520 loni
654 3454 839 3523 exhibetur
862 3454 951 3541 (vid.
967 3454 1089 3524 Petav.
1106 3457 1132 3523 l.
1145 3456 1247 3525 VIII.
1264 3478 1294 3524 c.
1308 3454 1342 3541 85

197 3540 266 3623 Ruiz
280 3560 368 3651 disp.
388 3562 443 3629 75.
459 3565 540 3647 ete).
555 3561 613 3630 Ad
634 3561 706 3631 vim
722 3560 846 3628 harum
864 3561 1225 3651 circumscriptionum
1241 3581 1345 3649 penes

197 3650 296 3736 Pares
318 3668 584 3759 intelligendam
607 3668 741 3737 iuverit
765 3672 922 3737 conferre
939 3667 1204 3756 explicationem
1220 3667 1345 3756 Augu·

196 3768 278 3843 tini:
305 3777 494 3867 uSpiritus
517 3776 669 3846 Sanctus
692 3776 729 3843 in
752 3775 869 3845 eadem
898 3776 1035 3843 unitate
1066 3780 1102 3843 et
1130 3774 1345 3866 aequalitate

195 3878 267 3963 (cum
289 3885 395 3953 Patre
418 3892 454 3954 et
476 3884 583 3972 Filio)
606 3884 780 3967 consistit,
807 3886 882 3952 sive
904 3882 996 3952 enim
1019 3882 1068 3951 sit
1090 3884 1209 3949 onitas
1235 3882 1345 3948 anto·

192 4007 261 4074 mn,
285 3996 356 4060 sios
377 3995 558 4073 sanctitas,
576 3996 646 4059 sice
661 3995 827 4074 claritas,
847 3992 923 4059 sive
938 3989 1016 4058 idac
1035 3992 1154 4057 unitas
1168 3992 1254 4081 puio
1269 3988 1346 4054 cla·

189 4096 281 4178 ritas,
306 4113 339 4165 et
362 4098 438 4166 ileo
462 4086 615 4165 claritas
639 4100 724 4190 qnia
747 4100 935 4179 sanctitas,
964 4096 1190 4165 manifestum
1212 4103 1267 4165 est
1289 4100 1346 4183 (ex

188 4205 434 4292 revelatione),
461 4205 551 4299 quod
574 4229 641 4273 non
665 4205 796 4297 aliquis
825 4205 972 4273 duorum
995 4212 1072 4289 est,
1099 4226 1167 4295 quo
1198 4213 1346 4294 uterque

188 4312 430 4405 nniungiturr
456 4320 522 4383 etc.
543 4317 638 4404 Aug.
655 4313 754 4383 Trin.
770 4314 796 4382 1.
814 4314 879 4384 VI.
895 4338 926 4384 c.
941 4316 974 4382 5.
988 4337 1024 4381 n.
1040 4313 1072 4381 7.

239 4420 425 4493 Adversus
447 4433 716 4513 argumentum,
743 4423 834 4515 quod
856 4445 899 4494 ex
923 4421 1019 4492 hisee
1043 4419 1203 4490 omnibus
1227 4417 1345 4513 Scrip-
