3172 4950
706 318 745 332 -
767 286 828 350 302
847 318 886 334 ..

209 398 289 464 bum
312 394 401 479 Dei,
428 394 503 463 sine
526 415 595 487 qua
617 393 661 463 ad
684 392 767 461 illos
790 399 977 484 conceptus
999 414 1191 485 numquam
1204 393 1350 486 pertinge·

207 527 335 573 remus.
351 502 444 586 Quia
467 524 548 573 vero
571 500 741 571 revelatio
764 500 902 569 modum
924 501 1157 590 cognoscendi
1179 503 1274 571 nobis
1294 526 1351 572 con·

208 612 403 681 naturalem
427 633 495 678 non
518 609 704 695 immutat,
739 609 887 699 ipsamet
916 608 1058 678 exbibet
1088 610 1310 699 perfectiones
1325 632 1353 681 ac

209 721 367 788 internas
382 704 569 786 relationes
584 716 650 784 Dei
667 715 963 806 superrationales
979 716 1168 786 secundum
1185 718 1356 808 analogian

209 835 245 897 ct
275 851 317 896 ex
345 825 510 916 analogia
541 824 722 894 notionum
756 823 1008 910 rationalium,
1034 847 1124 917 quas
1146 849 1188 894 ox
1212 825 1358 895 creaturis

209 935 510 1027 praeconcepimus
533 933 596 1021 (1).
626 932 743 1016 Quare
767 932 948 1022 supposita
969 932 1186 1003 revelatione
1209 934 1359 1021 (sicutis

210 1044 444 1114 rationalibus
475 1041 656 1133 supposita
686 1044 745 1109 oio
769 1044 1018 1130 coronulirotis),
1036 1065 1223 1132 possumus
1237 1042 1302 1109 iam
1319 1039 1359 1112 ni

209 1161 246 1222 et
276 1150 470 1221 necessario
498 1150 632 1218 utimur
655 1151 714 1217 oio
736 1154 936 1240 negationis
958 1157 995 1220 et
1008 1149 1359 1240 supereminentiaesl

209 1261 360 1353 aliquem
391 1258 681 1349 superrationalis
712 1244 876 1328 veritatis
900 1281 962 1328 seu
997 1258 1125 1329 obiecb'
1155 1256 1301 1328 revelati
1322 1257 1360 1327 ii-

209 1363 425 1432 stinctiorem
457 1361 643 1451 analogum
668 1370 883 1453 conceptum,
904 1360 990 1453 qnid
1008 1364 1068 1430 sit.

276 1470 547 1539 eutitianae
572 1469 677 1538 dictis
699 1477 820 1560 patet,
847 1469 1034 1539 discrimen
1064 1476 1120 1539 est
1149 1468 1264 1561 quoad
1290 1466 1360 1537 iuli·

170 1605 172 1611 ·
211 1580 301 1648 cium
326 1581 553 1646 consensionis
580 1582 641 1664 (on
672 1582 746 1668 sit).
780 1579 855 1648 Hoc
885 1579 977 1648 enim
1008 1578 1183 1648 iudicium
1214 1583 1360 1670 quatenu

209 1691 304 1758 Deus
326 1688 461 1757 ratione
484 1688 722 1778 intelligitur,
741 1687 904 1777 exsurgit
918 1711 960 1756 ex
976 1693 1160 1777 perspecta
1177 1685 1360 1756 connexione

209 1797 396 1865 effectuum
420 1819 497 1865 cum
521 1818 681 1886 suprema
696 1817 889 1882 ausaausa,
907 1795 945 1864 in
962 1795 1176 1865 veritatibus
1191 1800 1302 1864 antem
1318 1815 1361 1861 sn·

210 1903 506 1994 perrationalibus
529 1904 698 1974 revelatis
723 1905 824 1974 unice
847 1904 979 1974 nititur
1008 1903 1222 1973 auctoritate
1243 1903 1304 1972 Dei
1322 1901 1361 1971 rsss

212 2011 375 2082 volantis.
401 2011 568 2081 Attamen
594 2013 687 2081 sicut
709 2013 747 2079 in
770 2011 1006 2081 rationalibus
1024 2011 1226 2081 notionibus
1248 2011 1287 2079 de
1307 2010 1362 2079 on

209 2119 331 2188 mod-us
354 2118 534 2209 analogice
558 2119 789 2209 concipiendi,
812 2117 898 2210 qnid
920 2122 981 2202 sit,
1006 2121 1163 2188 refertur
1185 2119 1231 2188 ni
1253 2119 1362 2210 perles·

209 2226 323 2296 tiones
346 2249 413 2294 non
437 2226 673 2296 abstrahendo
697 2228 740 2294 ab
763 2247 883 2295 earum
906 2226 1096 2296 existentia
1110 2226 1172 2295 sed
1190 2225 1362 2295 formaliter

211 2341 252 2403 ut
274 2333 472 2403 intellectas
495 2334 532 2402 in
554 2333 751 2403 necessaria
773 2334 984 2418 existentia,
1009 2334 1062 2403 ita
1093 2334 1132 2401 in
1155 2333 1245 2424 ipsis
1266 2352 1360 2422 super

210 2442 444 2512 rationalibus
467 2440 612 2511 obiectis
636 2441 717 2509 fidei
741 2442 863 2511 modus
879 2441 1096 2532 concipiendi
1112 2448 1275 2511 versatur
1286 2441 1361 2509 ciros

210 2553 302 2639 illa,
327 2558 498 2645 quatenns
522 2550 564 2618 de
587 2572 706 2618 corum
729 2550 921 2619 existentia
937 2550 1005 2618 fide
1023 2556 1162 2619 constat
1177 2549 1357 2620 certissime.

211 2660 302 2728 Hinc
326 2666 440 2728 motus
463 2666 499 2729 et
522 2666 667 2729 conatus
691 2684 733 2730 cx
757 2660 932 2751 analogiis
965 2660 1172 2730 distinctius
1195 2682 1251 2729 res
1272 2654 1358 2728 conoi-

210 2766 329 2856 piendi
352 2791 420 2835 non
443 2767 558 2836 tendit
580 2768 624 2836 ad
649 2767 924 2858 intelligentiam
947 2790 1063 2837 rerum
1095 2775 1137 2838 ut
1167 2766 1356 2858 possibilium
1383 2826 1386 2869 ÷

262 2982 305 3059 (1)
327 2989 392 3040 «De
413 2988 586 3041 substantiis
599 2989 662 3042 illis
674 2989 916 3044 immaterialibus
935 2988 1088 3043 seeundum
1098 2994 1207 3043 statum
1223 2992 1285 3045 vise
1299 2988 1355 3041 nulls

210 3076 290 3130 modo
310 3094 460 3145 possumus
480 3079 561 3144 scire,
576 3080 696 3146 quidest
710 3080 889 3153 (notionibus
908 3077 1054 3152 propriis),
1067 3097 1124 3134 non
1142 3084 1234 3135 solnm
1248 3079 1353 3149 perusa

212 3168 355 3221 naturalis
375 3168 550 3239 cognitionis
564 3168 613 3220 sed
632 3185 683 3222 nec
697 3171 783 3223 etiam
801 3186 851 3239 per
875 3171 952 3222 viam
970 3170 1170 3236 revelationis,
1184 3171 1251 3238 quio
1270 3169 1353 3222 divisos

210 3258 391 3309 revelationis
409 3259 508 3309 rodino
527 3259 565 3309 od
583 3275 634 3310 nos
650 3262 780 3325 persenit
800 3261 951 3313 seeundum
971 3261 1082 3312 modum
1106 3269 1248 3324 nostrum,
1271 3256 1350 3312 ornis

212 3348 314 3413 nysius
335 3346 417 3401 dicit.
434 3350 563 3410 momnis
577 3351 650 3401 enim
664 3368 718 3415 per
731 3352 928 3404 resolutionem
947 3353 1081 3404 elevemur
1098 3353 1138 3403 od
1149 3352 1261 3419 aliquid
1279 3362 1350 3414 cogar

210 3437 358 3501 scendum,
381 3438 457 3504 quod
476 3440 549 3489 alios
569 3447 634 3490 esset
649 3441 730 3492 nobis
750 3442 888 3506 ignotum,
905 3458 965 3493 non
983 3450 1074 3493 tumen
1097 3441 1134 3493 od
1152 3443 1214 3504 boc,
1229 3439 1298 3507 qaod
1312 3433 1351 3487 oio
1382 3410 1386 3511 ¹,

212 3527 292 3577 modo
313 3543 507 3594 cognoscamus
519 3528 577 3578 nisi
585 3545 636 3593 per
648 3529 805 3580 sensibilia.
817 3528 896 3582 Unde
909 3531 1067 3596 Dionysius
1084 3528 1222 3602 (Goelcst.
1235 3523 1350 3582 fflennt
1384 3522 1386 3559 ³

210 3636 233 3671 r.
248 3616 286 3688 1.)
306 3618 396 3683 dicit,
419 3618 493 3685 qnod
516 3619 694 3686 impossibile
717 3625 762 3673 est
785 3621 867 3675 nobis
887 3621 976 3675 aliter
998 3624 1180 3687 superlucere
1200 3621 1315 3674 divinum
1325 3629 1351 3667 n·

211 3709 287 3762 dium
300 3709 359 3761 nisi
369 3709 603 3763 circumvelatum
618 3712 759 3765 varietate
779 3727 922 3765 sacrorum
943 3713 1125 3765 velaminum.
1138 3711 1194 3764 Via
1208 3716 1352 3775 anmmqw

211 3803 255 3851 est
274 3813 325 3865 per
347 3800 507 3865 sensibilia,
526 3816 581 3852 non
605 3802 708 3855 sufficit
725 3803 761 3854 ad
781 3801 938 3856 ducendum
959 3802 989 3854 in
1013 3803 1196 3855 substantias
1216 3796 1352 3868 superstit·

210 3890 285 3941 rales
306 3887 457 3941 secundum
476 3891 676 3956 cognitionem,
690 3893 760 3958 qroid
781 3901 829 3945 est.
843 3893 881 3945 Et
901 3894 942 3946 sic
962 3895 1062 3958 restat,
1076 3891 1267 3960 qooifonneo
1283 3891 1353 3942 inne

212 3979 329 4031 terialss
353 3995 408 4032 non
431 3985 501 4034 sunt
521 3982 604 4034 nobis
627 3987 711 4036 notae
734 3984 896 4049 cognitione
920 3983 992 4050 quiri
1017 3991 1073 4047 est,
1100 3983 1151 4036 sed
1175 3984 1264 4036 solum
1285 3971 1352 4041 conl

213 4071 289 4121 tione
310 4087 348 4121 on
369 4079 424 4137 cst,
448 4073 510 4124 sive
526 4075 655 4125 naturali
676 4075 788 4126 ratione
810 4075 872 4126 sive
896 4075 979 4126 eriam
1002 4090 1034 4124 on
1058 4075 1245 4137 revelatione,
1260 4067 1353 4139 gereret·l

206 4175 257 4223 per
273 4160 475 4213 similitudines
495 4181 512 4212 o
531 4163 711 4215 sensibilibus
732 4173 862 4230 sumptos.
878 4165 931 4218 Est
953 4169 1046 4217 tamen
1067 4162 1235 4230 sciendum,
1255 4158 1318 4230 qnod
1331 4153 1353 4206 ll

212 4249 294 4302 nulla
312 4264 342 4301 re
367 4254 463 4317 potest
484 4251 552 4304 sciri
575 4267 611 4303 sn
632 4256 693 4315 est,
719 4253 778 4305 nisi
799 4253 993 4321 quoquomodo
1019 4252 1053 4304 cis
1071 4269 1103 4304 eo
1122 4253 1229 4304 sciatur
1251 4247 1352 4319 quidet

212 4339 257 4391 vel
270 4340 431 4404 cognitione
449 4341 576 4407 perlecta
595 4344 642 4395 vel
656 4342 818 4408 cognitione
830 4343 972 4396 commea»
988 4345 1041 4395 etc.
1053 4341 1082 4394 S.
1096 4342 1196 4396 Thom.
1212 4341 1243 4395 in
1256 4329 1353 4394 noetis

211 4428 433 4484 ariminen.
446 4445 475 4497 q.
488 4431 514 4484 ὓ.
529 4445 555 4483 a.
571 4431 598 4483 3.
