3172 4950
687 352 727 369 ..
747 320 808 383 40⁴
827 350 867 368 ..

203 436 240 503 in
266 430 447 501 intellectu
464 427 671 518 concipitur,
689 428 733 495 eb
757 425 979 516 intelligente
1003 428 1154 519 quodem
1177 430 1290 523 modo}

202 542 320 611 cedere
343 540 379 607 in
402 545 570 631 quentnm
597 534 800 623 intelligens
826 540 901 618 est,
932 542 969 604 et
993 556 1058 603 sus
1082 537 1286 626 processione

202 652 276 740 ipsc
302 646 448 740 quodem
470 644 567 713 modo
590 642 849 731 distinguitur,
882 642 977 711 sicut
1005 646 1188 734 conceptio
1210 646 1291 717 intel

201 766 260 825 tus
282 776 369 847 quse
392 762 445 822 est
468 752 617 820 intentio
640 750 829 834 intellecta,
855 749 1094 841 distinguitur
1117 754 1163 820 ub
1185 754 1291 824 intelle

202 864 440 953 intelligente,
464 868 499 928 et
523 858 687 927 similiter
710 863 846 947 oportet
862 858 954 950 qnod
969 859 1114 929 effectio
1137 864 1279 931 ementis

201 994 304 1065 quern
325 984 478 1038 emotum
501 975 554 1037 est
576 967 614 1035 in
636 971 783 1049 emente,
802 967 966 1053 procedet
980 988 1003 1034 e
1019 968 1291 1039 voluntatesnu

201 1082 239 1149 in
262 1084 430 1172 quantum
453 1084 505 1144 est
527 1096 658 1145 emens.
679 1072 747 1142 Sed
768 1071 833 1141 hoe
849 1073 1028 1162 proprium
1043 1074 1151 1143 hebet
1166 1075 1291 1145 intellec

201 1187 364 1267 divinus,
389 1183 480 1277 quod
502 1206 579 1251 curn
602 1180 801 1269 intelligere
823 1180 900 1249 eius
915 1179 964 1249 sit
979 1182 1070 1249 Esse
1085 1181 1210 1271 ipsius,
1228 1205 1291 1273 opor

200 1295 291 1387 qnod
313 1292 489 1381 conceptio
510 1288 711 1359 intellectus
733 1310 820 1379 quae
842 1293 898 1356 est
920 1288 1071 1357 intentio
1093 1291 1279 1375 intellectu,

200 1399 398 1471 substantie
420 1398 514 1484 eius,
544 1401 581 1464 et
602 1395 766 1464 similiter
789 1401 846 1463 est
867 1394 909 1465 de
931 1396 1116 1464 effectione
1140 1397 1178 1465 in
1200 1398 1292 1487 ipsol

199 1520 348 1577 emente.
363 1506 587 1597 Relinquitur
606 1526 702 1592 ergo,
724 1502 815 1595 quod
838 1503 986 1571 intentio
1007 1503 1210 1575 intellectus
1231 1506 1292 1575 divi

198 1637 286 1709 quse
308 1622 363 1683 est
385 1614 536 1683 Verbum
566 1610 701 1700 ipsius,
734 1620 803 1677 non
834 1608 1069 1698 distinguitur
1099 1632 1122 1678 e
1152 1613 1292 1701 produco

197 1724 311 1812 ipsum
333 1721 369 1789 in
394 1718 456 1787 hoe
478 1716 569 1809 qnod
591 1724 645 1785 est
667 1718 755 1783 Esse
769 1717 957 1786 seeundum
973 1718 1215 1803 substantium,
1232 1720 1282 1789 sed

197 1830 268 1899 lum
293 1828 329 1896 in
351 1826 416 1893 hoc
439 1823 530 1915 quod
551 1829 606 1892 est
628 1824 816 1891 secundum
833 1824 1002 1893 rationem
1014 1824 1292 1914 processionisuni

194 1958 237 2005 ex
259 1932 342 2018 elio;
359 1939 396 2001 et
411 1930 574 1999 similiter
590 1936 644 1997 est
659 1930 701 1997 de
716 1931 904 2000 affectione
920 1932 1047 2001 umoris
1062 1934 1099 2001 in
1114 1934 1187 2003 Deo
1208 1956 1292 2003 suun

194 2062 282 2135 quse
293 2040 339 2109 ed
351 2038 521 2129 Spiritum
533 2037 700 2105 Sanctum
710 2039 907 2127 pertinet...
921 2040 977 2109 Ex
993 2041 1151 2111 omnibns
1165 2064 1248 2134 quse
1258 2042 1292 2111 dir

193 2154 295 2231 sunt,
321 2144 442 2235 colligi
460 2149 618 2235 oportet,
641 2145 733 2236 quod
757 2145 794 2212 in
817 2146 1008 2218 divinitate
1038 2151 1217 2241 quemdum
1240 2158 1293 2221 un

191 2254 283 2325 riunr
306 2252 490 2345 ponimus,
510 2250 571 2344 qui
593 2257 709 2321 temen
734 2253 867 2322 unitati
890 2263 927 2324 et
948 2256 1167 2347 simplicituti
1188 2258 1293 2329 essenti

191 2386 259 2435 non
282 2367 468 2453 repugnet.
485 2358 631 2449 Oportet
649 2360 741 2428 enirn
764 2363 918 2447 concedi,
936 2364 1046 2435 Deum
1061 2360 1142 2436 'esse
1157 2375 1198 2437 nt
1211 2371 1293 2437 enisu

191 2486 255 2539 tem
281 2472 317 2535 is
340 2492 402 2535 sco
425 2481 552 2533 natura
576 2471 632 2552 (ut
654 2470 798 2557 primam
821 2492 1002 2560 personum
1024 2474 1160 2543 enullo
1175 2474 1293 2568 procede

190 2588 260 2649 tens
281 2588 317 2647 et
343 2586 382 2645 ut
404 2578 534 2644 fontem
558 2575 774 2661 Trinitatis),
800 2585 837 2645 et
863 2580 1081 2663 intellectum,
1104 2590 1142 2653 et
1164 2600 1292 2651 amatus

189 2712 224 2755 se
248 2690 333 2775 ipso.
359 2681 477 2751 Aliter
500 2688 616 2751 autem
639 2681 704 2751 hoc
727 2683 858 2753 accidit
880 2687 918 2753 in
940 2686 1011 2757 Deo
1026 2696 1063 2757 et
1079 2689 1115 2757 in
1134 2691 1293 2772 nobis.Qt

188 2796 279 2865 eninr
302 2794 339 2863 iu
363 2814 426 2861 sue
447 2796 577 2859 neturu
599 2789 699 2857 homo
723 2792 921 2861 substantie
943 2800 1008 2879 est,
1025 2796 1294 2887 intelligereent

188 2914 224 2977 et
246 2924 362 2973 srrrere
385 2900 461 2969 eius
484 2920 552 2965 non
576 2904 660 2965 sunt
683 2898 759 2967 eius
784 2902 995 2987 substantie,
1020 2902 1120 2973 homo
1144 2906 1294 2998 quidone

186 3012 337 3083 cundum
354 3008 444 3101 quod
461 3007 496 3075 in
515 3012 644 3074 natura
660 3030 725 3076 sue
741 3010 994 3096 consideretur,
1012 3012 1181 3103 quaedum
1202 3036 1253 3083 res
1264 3034 1294 3081 sn

187 3122 314 3191 sistens
344 3122 417 3201 cst;
447 3112 634 3181 secundum
657 3122 774 3185 eutem
799 3118 889 3209 quod
912 3124 966 3188 est
992 3120 1029 3188 iu
1057 3142 1121 3191 suo
1147 3122 1294 3191 nunes

185 3250 252 3299 uon
275 3232 329 3295 est
354 3246 409 3293 res
433 3220 626 3289 subsistens
649 3223 709 3291 scd
733 3223 882 3295 intentio
906 3227 1073 3317 quasdam
1095 3229 1149 3299 nsi
1163 3229 1294 3299 subsiste

186 3336 255 3419 tis3
280 3340 317 3401 st
339 3330 503 3401 sirniliter
519 3330 707 3399 secundum
731 3334 821 3423 quod
839 3341 893 3403 est
908 3333 946 3402 in
962 3335 1075 3425 seipso
1090 3346 1133 3408 ut
1147 3346 1294 3408 emetnn:

183 3448 332 3513 emente.
354 3438 412 3505 Sic
435 3458 520 3524 ergo
542 3435 580 3503 in
605 3435 742 3509 homine
766 3440 839 3508 tris
861 3440 1027 3531 quaedem
1048 3446 1294 3535 consideraript

184 3558 283 3634 sunt,
310 3548 345 3617 id
367 3552 422 3615 est
444 3544 543 3611 homo
567 3544 604 3615 in
627 3553 756 3615 neture
780 3568 845 3616 sue
867 3548 1043 3633 existens,
1069 3558 1106 3620 et
1129 3552 1226 3622 homo
1244 3548 1295 3621 ini

182 3658 325 3731 tullcotu
349 3652 526 3735 existens,
553 3652 710 3721 ethome
733 3654 771 3721 in
794 3676 909 3723 umore
933 3654 1097 3726 existens.
1117 3658 1166 3729 Et
1179 3652 1295 3730 tenui

182 3778 255 3839 trus
278 3788 346 3835 nou
369 3770 453 3829 sunt
474 3782 604 3845 unum,
631 3761 714 3852 quie
736 3762 935 3852 intelligere
958 3786 1026 3832 nou
1041 3772 1096 3835 est
1118 3767 1194 3838 eins
1215 3786 1295 3837 aser

183 3876 313 3947 militer
336 3878 452 3941 sistens
475 3876 511 3939 et
534 3891 663 3953 emere,
688 3876 724 3937 et
739 3869 862 3938 horum
877 3871 986 3939 trium
1003 3896 1095 3942 unus
1117 3875 1295 3946 solusests

180 3986 348 4081 ιμιιιιιιΙιιιιι
372 3979 585 4063 subsistens,
611 3977 749 4046 seilicet
772 3977 871 4047 homo
886 3980 922 4047 in
945 3986 1075 4049 nutura
1096 4004 1160 4051 sue
1182 3984 1295 4052 existen

184 4098 221 4169 lu
240 4096 310 4167 lieno
324 4101 441 4163 utitem
458 4088 548 4156 idem
564 4092 618 4157 est
635 4111 714 4169 cese,
735 4088 942 4177 intelligere,
960 4094 997 4157 et
1012 4114 1138 4159 amare.
1156 4091 1245 4161 Deus
1256 4108 1295 4175 tr!

179 4210 215 4281 iu
245 4206 327 4275 b'ue
348 4222 411 4269 snio
434 4196 591 4266 netureli
613 4196 787 4279 existens,
812 4202 848 4264 et
870 4196 966 4266 Deus
994 4199 1149 4269 existens
1177 4201 1213 4269 in
1238 4199 1295 4269 ints

179 4320 288 4398 testu,
313 4320 350 4379 nt
372 4310 466 4379 Deus
489 4304 645 4375 existens
668 4304 706 4373 in
729 4325 844 4373 umore
867 4326 952 4389 sno,
978 4328 1085 4375 unum
1109 4314 1211 4395 sunt,
1234 4318 1296 4375 unu

175 4426 323 4521 quique
347 4428 462 4491 umen
485 4436 603 4485 eorum
627 4420 682 4483 est
696 4411 902 4484 subsistens.
921 4412 969 4483 Et
985 4415 1070 4505 quie
1083 4438 1140 4487 res
1155 4414 1296 4487 subsisto
