3172 4950
717 340 754 354 -
777 309 817 369 39
838 341 876 354 -
919 368 922 377 .

248 407 367 496 Spiritus
390 407 515 478 Sancti
537 409 761 481 infallibilem
785 413 979 482 custodiam
1002 413 1097 482 siout
1119 414 1218 483 verbi
1240 413 1306 484 Dei
1328 438 1386 504 ge·

245 513 358 581 neratim
380 515 435 582 ita
457 514 564 584 etiam
588 518 686 586 verbi
709 518 846 608 scripti.
872 518 973 601 Quod
996 518 1135 612 quidem
1166 541 1234 587 non
1258 520 1310 589 ita
1333 521 1385 588 iu·

243 621 439 710 telligendnm
473 631 552 709 est,
585 646 626 695 ac
661 626 692 695 si
725 627 930 696 assistentia
965 628 1121 719 Spiritus
1156 628 1279 698 Sancti
1308 652 1387 720 pro·

240 730 318 798 nissa
338 740 448 817 esset,
475 756 517 802 ne
540 756 701 827 umquam
726 741 789 805 aut
811 743 931 806 textus
954 737 1085 828 aliquis
1107 744 1171 807 aut
1193 759 1276 828 pars
1299 738 1384 809 libri

238 837 324 906 divini
345 847 409 909 aut
432 841 538 911 etiam
561 843 650 912 liber
686 844 824 935 integer
858 846 1058 915 intercidat.
1086 845 1256 929 Quamvis
1294 846 1386 915 enim

237 949 372 1038 specialis
406 949 631 1040 providentia
664 952 730 1022 Dei
768 954 862 1023 circa
885 955 1181 1025 conservationem
1215 955 1385 1026 librorum

234 1054 407 1125 divinorum
423 1063 496 1127 tam
512 1058 644 1128 veteris
661 1081 763 1152 quam
779 1061 863 1129 novi
879 1061 1094 1131 Testamenti
1112 1067 1265 1153 tempora
1280 1084 1385 1153 agno·

231 1163 266 1230 sci
293 1163 436 1250 debeat,
470 1165 653 1255 promissio
690 1173 807 1237 tamen
841 1168 1065 1238 assistentiae
1100 1167 1255 1259 Spiritus
1295 1171 1386 1240 veri·

229 1272 296 1340 tatis
316 1271 516 1343 inducentis
538 1277 576 1343 in
599 1298 731 1346 omnem
765 1278 950 1348 veritatem
973 1284 1010 1347 et
1041 1277 1122 1346 inde
1157 1277 1309 1367 pendens
1332 1278 1384 1348 in·

226 1378 410 1448 lallibilites
432 1380 610 1451 Ecclesiae
632 1383 670 1453 in
694 1384 854 1453 custodia
877 1383 1026 1474 depositi
1065 1382 1148 1452 fidei
1170 1407 1232 1475 per
1257 1408 1293 1454 se
1316 1407 1384 1455 non

224 1487 359 1559 includit
394 1491 665 1561 indefectibilem
703 1493 1000 1564 conservationem
1033 1492 1186 1561 omnium
1214 1493 1384 1563 librorum

221 1616 391 1689 eorumque
414 1599 580 1689 partium,
606 1600 667 1690 qui
690 1601 763 1669 sint
785 1602 960 1671 divinitus
983 1599 1149 1690 inspirati
1172 1608 1276 1693 atque
1299 1603 1383 1672 adeo

219 1705 407 1774 contineant
440 1709 584 1777 verbum
613 1708 679 1777 Dei
713 1710 896 1799 scriptum.
933 1708 1041 1778 Ratio
1071 1713 1146 1794 est,
1182 1710 1266 1800 quia
1299 1710 1383 1780 libri

218 1812 370 1902 inspirati
393 1837 462 1882 non
500 1821 585 1885 sunt
618 1816 760 1886 unicum
783 1840 845 1887 nec
879 1817 1037 1886 absolute
1072 1816 1304 1886 necessarium
1328 1819 1381 1887 in·

217 1927 438 1992 strumentum
462 1926 507 1994 ad
531 1925 826 1996 conservationem
841 1923 1069 1995 revelationis
1086 1925 1153 2010 (of.
1167 1922 1260 1993 Iren.
1271 1924 1296 1993 l.
1312 1925 1381 1995 III.

216 2049 239 2094 c.
252 2028 305 2116 4);
331 2030 424 2099 unde
436 2037 552 2122 potest
564 2032 720 2123 Spiritus
734 2033 884 2102 Sanctus
895 2055 957 2122 per
968 2031 1162 2101 Ecclesiam
1174 2054 1381 2103 conservare

215 2133 447 2224 integritatem
469 2139 646 2209 revelatae
669 2140 852 2228 veritatis,
876 2139 962 2209 licet
984 2137 1202 2229 permitteret
1217 2138 1303 2209 libri
1319 2146 1383 2210 aut

214 2244 317 2332 partis
339 2244 425 2313 libri
447 2245 614 2336 inspirati
638 2246 821 2316 iacturam.

269 2355 321 2421 At
343 2376 427 2423 vero
450 2355 544 2423 sicut
566 2378 609 2424 ex
632 2355 858 2445 promissione
881 2356 977 2425 facta
1001 2353 1158 2445 Spiritus
1193 2354 1378 2441 veritatis,

212 2460 376 2530 manentis
400 2486 477 2532 cum
500 2462 681 2554 Apostolis
712 2487 898 2555 eorumque
929 2462 1186 2533 successoribus
1208 2462 1246 2531 iu
1269 2470 1380 2533 aeter·

211 2590 298 2654 nnm,
316 2569 512 2659 generatim
536 2592 633 2639 error
655 2569 768 2661 ipsius
790 2569 968 2640 Ecclesiae
991 2570 1029 2638 in
1060 2569 1280 2659 proponenda
1303 2569 1380 2639 doc·

208 2678 298 2745 trina
319 2677 405 2747 fidei
426 2677 640 2764 excluditur,
667 2678 719 2748 ita
742 2680 849 2749 etiam
871 2702 914 2748 ex
936 2679 1054 2748 eadem
1079 2676 1251 2767 promissa
1271 2675 1378 2745 infal-

208 2783 370 2854 libilitate
394 2786 473 2856 fieri
495 2808 684 2879 numquam
707 2792 841 2877 potest,
867 2792 909 2855 ut
930 2786 1090 2856 Ecclesia
1127 2784 1203 2854 sive
1239 2784 1380 2853 formali

206 2891 403 2961 definitione
424 2893 501 2963 sive
536 2917 705 2964 consensu
728 2899 765 2964 et
789 2894 949 2963 doctrina
986 2891 1225 2985 aequivalenti
1249 2891 1378 2960 librum

205 3006 423 3071 subtextum
445 3000 616 3071 humanae
639 3000 788 3090 originis
812 3002 848 3070 in
873 3024 974 3071 usnm
997 2999 1146 3091 recipiat
1160 3021 1201 3068 ac
1216 2999 1379 3069 fidelibus

206 3115 370 3201 proponat
391 3117 569 3202 tamqnam
585 3111 714 3179 librum
730 3116 794 3180 aut
807 3116 944 3180 textum
960 3109 1134 3180 divinitus
1151 3108 1375 3199 inspiratum.
1440 3199 1444 3206 Ι

205 3217 324 3310 Itaque
346 3240 390 3288 ax
412 3241 553 3289 munere
576 3240 598 3287 a
619 3219 760 3288 Christo
784 3218 931 3288 Domino
955 3217 1122 3288 instituto
1157 3215 1377 3287 custodiendi

205 3325 394 3417 depositum
417 3326 663 3412 revelationis,
689 3333 725 3397 et
747 3348 789 3396 ex
814 3326 1025 3396 charismate
1048 3324 1217 3416 promisso
1243 3323 1377 3393 adhoc

205 3457 324 3504 munus
346 3434 575 3504 exercendum
597 3434 757 3504 Ecclesia
790 3432 994 3503 infallibilis
1028 3438 1082 3502 est
1112 3453 1181 3500 non
1203 3429 1316 3500 solum
1338 3431 1375 3499 in

204 3542 418 3632 proponendo
440 3542 601 3632 dogmata
617 3541 659 3612 de
675 3541 904 3632 inspiratione
926 3540 1190 3631 Scripturarum
1212 3544 1249 3608 et
1270 3538 1312 3608 de
1332 3536 1375 3605 li·

205 3649 272 3719 bris
293 3650 498 3741 inspiratis,
525 3650 666 3743 quinam
689 3649 746 3718 illi
769 3650 861 3734 sint,
901 3649 1000 3718 velut
1022 3647 1060 3716 in
1082 3647 1281 3733 abstracto;
1315 3643 1375 3714 sed

204 3757 274 3825 eins
295 3756 488 3826 infallibile
511 3756 680 3827 iudicium
706 3756 819 3853 ¹etiarn
858 3757 1011 3824 refertur
1034 3753 1079 3824 ad
1103 3751 1273 3822 obiectum
1297 3774 1375 3822 con·

206 3872 354 3951 eratum,
381 3870 501 3935 utrum
515 3864 601 3934 libri
623 3865 688 3934 sub
711 3870 807 3933 certa
831 3863 979 3955 quadarn
1016 3862 1129 3931 forma
1151 3860 1189 3929 in
1211 3859 1374 3932 determi-

207 3977 282 4040 nata
302 3971 455 4041 editione
478 3970 536 4041 vel
560 3970 718 4041 versione
757 3975 936 4039 exstantes
959 3968 1032 4037 sint
1054 3989 1095 4038 ac
1117 3968 1375 4057 permanserint

207 4075 281 4147 libri
302 4078 481 4170 inspirati.
507 4077 683 4150 Videlicet
703 4076 862 4149 Ecclesia
884 4077 949 4145 sub
971 4074 1177 4144 assistentia
1215 4074 1373 4165 Spiritus

208 4181 320 4255 Sancti
340 4209 410 4255 non
432 4185 544 4255 solum
566 4184 809 4255 infallibiliter
834 4184 953 4270 docet,
979 4183 1142 4251 loannem
1164 4182 1371 4273 Apostolum

208 4311 233 4358 θ.
245 4317 279 4381 g.
292 4294 503 4385 inspiratum
526 4294 637 4364 fuisse
652 4293 697 4363 ad
713 4293 931 4363 scribendum
946 4290 1194 4381 Evangelium,
1213 4294 1287 4360 tres
1301 4289 1370 4378 epi-

208 4401 305 4470 stolas
333 4409 370 4473 st
402 4402 667 4495 Apoealypsin3
708 4401 768 4472 sed
797 4401 915 4472 eadem
952 4397 1213 4469 infallibilitate
1248 4396 1372 4466 definit
