3172 4950
701 329 739 344 -
764 297 822 358 128
843 329 881 344 -

204 403 341 501 quidem
367 403 483 473 tribus
498 403 760 495 hypostasibus,
779 404 921 497 fugiens
936 424 1117 473 numerum
1134 400 1309 471 unicitate
1323 401 1377 470 ds·

203 514 305 585 itatis
333 507 344 599 (
356 534 397 598 τῳ
420 510 504 598 irrep
529 532 582 582 της
605 510 845 598 &sarmosia--
869 513 1084 582 Numeratnr
1105 510 1223 601 igitur
1244 509 1284 579 S.
1300 509 1378 578 Tri·

203 622 297 693 nitas
322 642 391 688 non
418 619 579 697 essentiis
598 624 667 689 'aut
686 621 825 689 naturis
848 626 885 689 et
912 618 1064 689 diversis
1096 618 1293 688 deitatibus
1321 616 1377 687 vel

201 729 317 801 tribus
341 729 655 816 dominationibus,
687 729 804 814 absit,
837 729 931 798 sicut
957 728 1141 797 insaniunt
1163 725 1318 810 Ariani,
1343 732 1379 795 et

203 839 296 909 siout
317 837 402 906 novi
425 836 609 907 tritheitae
632 837 773 907 furiunt
802 837 991 908 vanissime
1021 836 1178 906 dicentes
1207 833 1379 903 essentias

201 952 274 1017 tres
296 951 332 1016 et
353 952 502 1014 naturas
524 951 598 1014 tres
620 951 657 1015 et
679 953 753 1016 tres
769 945 1021 1015 dominationes
1037 950 1074 1012 et
1088 950 1162 1013 tres
1180 943 1375 1012 deitates...

203 1057 322 1148 Neque
345 1061 419 1124 tres
442 1053 607 1146 quosdam
630 1054 720 1123 Deos
742 1054 912 1140 novimus,
938 1059 1098 1123 ant-tres
1120 1052 1291 1144 quasdem
1313 1072 1378 1121 ua·

202 1170 303 1234 turus
326 1168 390 1232 ent
411 1167 484 1233 tres
507 1161 674 1254 quasdem
697 1162 868 1231 essentias
890 1168 955 1231 ant
976 1169 1051 1231 tres
1074 1161 1243 1253 quasdam
1267 1159 1377 1229 deita-

204 1278 278 1357 tes,
303 1293 372 1340 ιιοιι
395 1269 567 1360 unigenae
589 1293 658 1339 non
682 1271 915 1362 alienigenas,
940 1294 1009 1339 non
1033 1268 1139 1338 nnius
1161 1267 1293 1359 speciei
1311 1291 1385 1347 uon

204 1380 363 1450 diversae
386 1378 537 1470 speciei,
564 1378 623 1448 sed
646 1400 709 1449 nec
731 1381 873 1471 penitus
895 1381 986 1449 Deos
1007 1385 1070 1448 aut
1084 1382 1232 1448 naturas
1249 1381 1314 1446 ant
1327 1399 1376 1446 ee

204 1490 336 1558 senuas
358 1496 423 1556 ant
445 1486 594 1557 deitates
617 1488 803 1575 novimus,
829 1489 887 1558 vel
911 1488 971 1581 qui
994 1487 1084 1556 talia
1111 1490 1291 1556 noverunt
1319 1485 1377 1554 ad·

203 1596 391 1680 mittimus,
417 1596 476 1665 sed
500 1618 577 1665 eum
607 1597 668 1689 qui
691 1597 761 1665 ista
789 1597 917 1688 recipit
942 1603 1006 1666 ant
1032 1596 1125 1687 sapit
1157 1598 1225 1663 aut
1249 1593 1374 1677 novit,

203 1704 485 1773 anathematibus
519 1704 741 1796 percellimus
767 1733 783 1767 n
816 1712 886 1775 etc.
912 1704 1048 1792 (Hurd.
1073 1702 1205 1774 Concil.
1237 1702 1282 1771 Τ.
1306 1701 1374 1770 ΙΠ.

204 1839 239 1905 p.
257 1813 359 1881 1262.
378 1811 494 1898 1263).

270 1921 314 1990 2.
333 1920 388 1989 Ex
412 1921 544 1991 diserta
560 1921 719 1992 doctrine
734 1922 929 1992 eorumdem
945 1922 1090 1991 Patrum
1106 1920 1145 1989 in
1159 1919 1304 2005 creatis,
1318 1919 1376 1990 nbi

203 2035 259 2099 est
280 2030 400 2100 unitas
415 2030 576 2120 specifica
592 2035 751 2116 naturae,
770 2030 855 2101 haec
875 2030 1007 2101 dicitur
1022 2052 1097 2100 esse
1121 2029 1245 2098 unitas
1266 2027 1376 2109 solnm

204 2137 479 2208 consideratione
500 2137 662 2224 rationis,
687 2139 724 2207 in
756 2138 860 2208 rebus
882 2139 970 2226 ipsis
994 2158 1062 2204 non
1087 2139 1159 2204 nna
1181 2135 1376 2226 singularis

204 2247 264 2316 sed
287 2246 419 2316 mulne
442 2268 585 2315 numero
609 2247 797 2317 distinctae
827 2253 913 2316 suut
941 2253 1113 2334 natmm3
1145 2267 1189 2313 cx
1220 2243 1374 2335 opposito

203 2360 367 2424 naturam
390 2354 566 2442 divinam,
591 2356 720 2440 aiunt,
745 2379 814 2424 non
837 2354 1113 2430 consideratione
1136 2352 1250 2422 solum
1272 2352 1375 2423 ratio·

205 2463 262 2532 nis
284 2464 345 2533 sed
367 2463 514 2533 realiter
537 2482 642 2533 unam
665 2488 738 2534 esse
761 2465 976 2555 singularem
991 2467 1029 2535 in
1053 2465 1169 2535 tribus
1193 2463 1373 2535 distinctis

204 2571 275 2655 its,
302 2577 345 2640 ut
366 2571 510 2663 perinde
532 2573 582 2640 sit
604 2573 719 2641 dicere
741 2580 905 2641 naturam
928 2573 1047 2642 Patris
1078 2571 1269 2642 identicam
1301 2582 1390 2641 cun'

202 2685 332 2750 natura
353 2680 441 2749 Filii
457 2680 514 2749 vcl
532 2680 688 2771 Spiritus
708 2680 843 2767 Sancti,
861 2703 902 2750 ac
918 2682 1032 2751 dicere
1048 2680 1238 2749 identicam
1262 2702 1372 2750 secum

202 2786 292 2879 ipss.
313 2816 330 2851 a
343 2789 452 2859 Nobis
476 2811 567 2858 uuus
590 2790 684 2858 Deus
706 2796 783 2875 est,
810 2790 972 2883 quoniam
996 2810 1067 2858 nne
1098 2787 1256 2858 deitas...
1283 2786 1372 2872 Quid

203 2900 342 2980 autem,
368 2894 524 2966 dixerint
546 2897 718 2982 fortasse,
737 2919 849 2965 nonne
865 2897 957 2988 apud
973 2896 1131 2965 ethnicos
1154 2916 1292 2987 quoqne
1307 2894 1373 2964 dei·
1396 2882 1400 2889 ⁵

202 3007 258 3070 tas
273 3022 343 3070 una
354 3008 419 3086 est,
435 3009 476 3072 ut
491 3003 626 3089 docent,
645 3005 706 3096 qni
721 3003 812 3095 apud
828 3003 910 3072 illos
926 3003 1116 3093 perfectius
1130 3001 1373 3092 philosophan-

202 3117 285 3195 tur,
311 3118 347 3180 et
369 3112 462 3202 apud
485 3134 548 3182 uos
571 3134 682 3202 genus
704 3114 907 3183 universum
930 3135 1042 3181 monne
1065 3111 1268 3180 hnmanitas
1291 3132 1370 3196 nns;

203 3220 432 3290 nihilominus
454 3227 570 3290 umen
593 3221 697 3291 multi
720 3228 806 3290 snut
822 3221 873 3290 dii
896 3227 933 3290 et
948 3245 1015 3290 non
1040 3244 1142 3305 unus,
1159 3221 1257 3290 sicut
1271 3220 1372 3289 etiam

203 3328 336 3417 (multi)
360 3327 532 3398 homines?
556 3329 606 3398 At
628 3329 665 3397 in
688 3328 746 3398 his
769 3330 998 3399 communitas
1012 3328 1118 3398 habet
1134 3329 1307 3399 unitatem
1323 3348 1372 3396 so

202 3435 275 3504 lum
298 3437 434 3505 ratione
458 3437 736 3523 consideratam,
762 3436 961 3528 singularia
984 3443 1099 3506 autem
1115 3435 1308 3527 plurimum
1324 3434 1372 3503 in·

203 3551 257 3614 tar
280 3566 316 3613 sc
339 3543 458 3613 divisa
481 3551 608 3614 sunt...
633 3545 802 3615 Nostrum
818 3567 887 3613 non
903 3545 956 3613 ita
971 3543 1094 3628 habet,
1112 3567 1174 3612 nec
1191 3565 1276 3634 pars
1290 3543 1372 3613 haec

202 3650 324 3734 Iacob,
350 3651 404 3720 ait
426 3674 523 3721 mens
545 3652 730 3741 theologus
753 3652 837 3739 (Ier.
852 3652 898 3719 X.
915 3652 984 3738 16);
1004 3651 1063 3720 sed
1086 3673 1192 3720 unum
1216 3651 1373 3743 quodque

200 3775 317 3822 eorum
341 3760 427 3842 (una
449 3777 604 3848 quaeque
627 3778 772 3845 persona
794 3756 931 3841 divina)
954 3778 1031 3824 cnm
1046 3755 1158 3824 altero
1174 3777 1243 3823 nou
1260 3755 1374 3824 minus

200 3864 370 3932 unitatem
398 3865 503 3935 babet
529 3888 632 3958 quam
664 3888 776 3934 secum
806 3866 883 3955 ipso
916 3864 1103 3934 identitate
1133 3864 1306 3961 essentiae
1338 3869 1374 3933 et

201 3972 376 4064 potentias
394 4000 411 4035 a
449 3970 504 4060 (τῳ
522 3996 621 4058 ταυτῳ
647 3994 701 4044 τις
725 3974 826 4046 motus
854 3998 906 4037 και
931 3995 984 4045 της
1013 3967 1182 4061 deeeptus)
1210 3973 1371 4065 'Gregom

200 4079 288 4150 Nan.
299 4102 349 4150 or.
361 4080 404 4150 31
413 4080 475 4169 (al.
489 4083 605 4166 67.)ιι.
617 4082 731 4153 1416.
742 4082 871 4151 Eodem
883 4087 1089 4172 argumento
1100 4086 1251 4150 utuntur
1262 4081 1373 4152 Atha-

201 4210 276 4257 nas.
295 4190 337 4258 de
361 4190 491 4259 decret.
509 4190 653 4259 Nicaen.
668 4214 704 4259 n.
716 4191 772 4259 20.
787 4197 824 4260 et
846 4190 944 4277 alibi,
959 4188 1087 4279 cyrill.
1103 4187 1236 4279 dialog.
1250 4189 1315 4259 VI.
1334 4189 1375 4258 de

200 4295 299 4365 Tria.
320 4297 361 4366 T.
376 4297 422 4365 V.
435 4297 475 4366 P.
493 4298 524 4365 1.
535 4321 570 4388 p.
587 4298 665 4383 aaa,
682 4299 824 4367 biaxim.
836 4299 878 4368 de
890 4297 1018 4367 charit.
1033 4302 1123 4367 cent.
1138 4296 1203 4384 11.;
1218 4296 1373 4368 luculen-

201 4403 337 4473 tissime
360 4425 444 4474 vero
466 4403 702 4476 Damascenns
724 4404 805 4475 Fid.
823 4403 959 4476 orthod.
975 4404 1001 4474 l.
1019 4403 1050 4474 Ι.
1069 4426 1100 4473 c.
1113 4404 1147 4471 8.
