3172 4950
721 338 758 351 -
779 308 819 367 64
842 338 878 351 -

216 426 320 495 etiam
354 414 501 509 gravius
534 418 611 497 est,
638 412 674 481 in
698 412 856 503 sequenti
880 434 914 479 v.
934 412 965 478 9·
989 410 1093 481 illud:
1122 413 1360 485 «testimonia

217 530 293 613 Dei,
308 522 468 619 quoniam
492 520 692 609 testificatas
704 532 753 585 est
765 517 805 585 dc
821 520 917 587 Filio
933 544 993 587 sao
1010 520 1172 611 (propsapia
1190 544 1242 587 scu
1258 522 1350 603 ἕπευ,

214 654 419 725 μεμαρτυρηκε
432 636 458 717 ),
484 628 622 697 omnino
645 626 804 717 postulet
827 650 967 697 versum
991 630 1060 715 7¹¹,
1084 634 1122 697 et
1143 652 1183 699 eo
1207 628 1361 701 deficien·

217 742 432 824 nonhabet,
458 760 526 829 quo
559 736 747 805 reseratur.
777 734 936 828 Denique
973 736 1082 806 huius
1111 736 1283 807 versiculi
1313 761 1361 807 cor

217 848 380 943 gruenlia
402 868 480 915 cum
502 840 699 932 Evangelio
720 840 864 911 Ioannis
879 849 955 911 tum
971 842 1084 935 quaod
1099 866 1173 911 rem
1187 848 1264 911 tum
1277 864 1361 935 quoa

217 960 350 1029 turudum
367 952 531 1046 loquendi
547 950 835 1019 manifestissima
850 957 920 1037 est,
936 950 967 1019 si
983 952 1144 1021 conferas
1158 950 1260 1021 10.v.
1271 950 1361 1019 31-3'

218 1068 317 1138 Vlll.
334 1064 468 1147 14-18;
493 1060 573 1130 XV.
593 1060 638 1127 26
661 1062 724 1147 (1).

281 1172 358 1241 Non
381 1190 473 1237 nunc
496 1188 646 1259 quaero,
673 1172 793 1235 utrum
816 1174 892 1237 tota
915 1166 1001 1236 haec
1023 1166 1276 1241 demonstratio
1299 1190 1361 1237 ess

216 1279 400 1362 sufficiens,
426 1276 457 1345 si
480 1274 521 1345 de
544 1273 635 1343 libro
657 1280 825 1363 ageretur
848 1273 1009 1365 privatae
1030 1274 1086 1345 vel
1109 1275 1310 1345 industriae
1334 1302 1362 1343 v·

215 1384 449 1477 negligentiae
473 1381 651 1471 permisso.
679 1380 747 1449 Sed
770 1382 802 1449 si
825 1404 935 1451 sermo
958 1388 1051 1451 esset
1071 1382 1113 1451 de
1128 1382 1253 1453 Codice
1270 1383 1362 1474 lagu:

218 1488 528 1567 l'undamcntalium
551 1487 764 1579 reipublicae
787 1491 966 1559 commisso
989 1490 1026 1558 in
1050 1490 1244 1561 custodiam
1277 1491 1362 1583 publ

215 1626 274 1675 nnc
290 1597 528 1683 auctoritatis,
546 1599 702 1686 profecto
725 1596 924 1666 huiusmodi
941 1620 1025 1667 usus
1040 1598 1204 1689 publicus
1219 1621 1362 1691 usquea

217 1707 327 1801 prima
349 1702 493 1773 exordia
515 1702 688 1771 sufficiens
711 1705 803 1773 foret
824 1703 1074 1774 demonstratio
1104 1704 1323 1789 authentice,
1351 1728 1362 1773 r

215 1814 358 1886 dubium
381 1807 518 1879 nullum
540 1806 737 1897 legitimum
760 1808 902 1879 admitti
924 1816 1052 1901 posset-5
1067 1810 1149 1879 etsi
1171 1809 1218 1879 lis
1240 1810 1362 1883 inferre

216 1933 298 2007 tur,
324 1916 509 1989 authentia
532 1915 681 1986 iuridice
713 1917 888 1988 declarari
920 1925 1036 2009 posset
1063 1942 1104 1989 ac
1134 1920 1289 1991 deberet.
1314 1922 1362 1991 In

218 2055 299 2103 vcro
327 2028 384 2097 bic
414 2026 538 2116 agitur
561 2026 603 2095 de
634 2026 842 2116 integritate
874 2026 1079 2117 Scripturas
1112 2028 1146 2097 in
1175 2028 1300 2123 aliqua
1333 2054 1362 2099 ει

216 2147 314 2233 parto
338 2135 500 2205 momenti
523 2133 750 2224 gravissimi,
775 2136 927 2230 adeoque
949 2137 1071 2226 agitur
1094 2136 1136 2207 do
1158 2137 1283 2209 Codice
1308 2138 1363 2208 fids

215 2246 394 2319 commisso
417 2268 459 2313 ex
483 2242 707 2314 institutione
741 2244 865 2315 divina
895 2268 963 2313 non
993 2244 1156 2335 privatae
1191 2246 1363 2317 industria

214 2356 274 2426 scd
297 2352 457 2445 publicae
481 2350 660 2422 custodiae
690 2352 869 2423 Ecclesiae
900 2353 965 2423 sub
994 2352 1200 2422 assistentia
1229 2354 1363 2446 Spiritu

215 2462 350 2535 tlancti.
368 2461 450 2531 Ideo
472 2460 558 2529 talis
581 2482 666 2530 usus
688 2460 850 2553 publicus
872 2468 909 2532 et
923 2469 1086 2532 constans
1099 2460 1291 2549 Ecclesiae,
1306 2486 1363 2558 qus

217 2574 281 2644 lem
305 2570 542 2655 ostendimus,
568 2568 604 2637 in
628 2576 730 2641 textu
752 2594 815 2661 per
838 2593 873 2640 se
898 2570 1093 2661 dogmatico
1109 2558 1300 2643 'sufficiens
1333 2596 1363 2643 es

214 2678 488 2763 ‹larrronstratio,
514 2684 650 2747 tentum
673 2678 783 2749 fuisse
796 2678 953 2769 legitime
971 2678 1158 2750 admissum
1175 2680 1212 2749 in
1235 2681 1363 2751 codices

215 2788 490 2878 scripturarum
509 2783 668 2874 legitime
682 2791 798 2855 autem
815 2786 988 2855 admissus
1010 2808 1078 2855 non
1101 2794 1204 2873 esset,
1230 2787 1300 2857 nisi
1315 2790 1363 2879 pri

216 2898 322 2965 unitus
346 2900 438 2963 esset
461 2892 615 2984 scriptus
631 2894 675 2961 ab
690 2892 860 2985 Apostolo
874 2894 1014 2964 Ioanne.
1042 2894 1141 2965 Unde
1171 2896 1364 2985 praecision

213 3008 320 3076 aliam
345 3009 440 3073 lacta
462 3024 484 3069 a
507 3002 656 3071 decretis
685 3002 904 3072 Tridentinis
931 3011 968 3074 et
999 3010 1154 3095 spectato
1183 3004 1296 3075 solum
1319 3028 1362 3077 ns

216 3118 249 3185 in
275 3112 433 3182 Ecclesia
456 3134 518 3201 per
541 3133 641 3195 sese,
667 3110 810 3181 dubium
834 3110 875 3181 de
899 3114 1119 3203 ganuinitate
1150 3113 1299 3183 admitti
1317 3138 1362 3184 no

216 3228 343 3315 quisset.
359 3220 535 3291 Ecclesiae
559 3242 641 3289 vero
665 3218 734 3311 ipsi
757 3226 895 3309 praesto
923 3227 1025 3290 erant
1051 3222 1203 3292 rationes
1226 3221 1364 3291 humani

214 3343 273 3403 lus
297 3327 559 3420 cognoscibiles,
585 3347 673 3419 quae
696 3328 741 3397 ad
763 3328 944 3399 terendum
967 3329 1009 3398 da
1031 3328 1251 3418 genuicitate
1284 3329 1362 3400 iudi

214 3444 304 3511 cium
328 3438 464 3507 aliunde
487 3436 575 3505 satis
598 3440 724 3505 essent.
739 3436 815 3506 Hac
838 3436 1058 3526 genuinitate
1087 3437 1221 3527 posita,
1246 3438 1364 3508 modur

213 3545 489 3619 szriascrvationis
514 3543 672 3613 videmus
694 3544 787 3614 hunc
809 3565 908 3629 ease,
934 3545 1024 3636 quod
1046 3550 1166 3613 textus
1196 3544 1319 3637 utique
1342 3568 1364 3616 e.

213 3660 349 3747 graccis
372 3654 629 3747 exemplaribus
644 3653 790 3723 transiit
806 3654 842 3722 in
858 3654 1050 3723 versionem
1065 3652 1188 3745 primis
1200 3652 1283 3723 fidei
1299 3660 1364 3723 tem

215 3768 357 3859 poribus
379 3764 581 3835 institutam
605 3762 707 3831 stab
729 3760 889 3831 Ecclesia
910 3761 1024 3831 latina
1046 3768 1259 3853 susceptam,
1279 3770 1365 3855 atqu

214 3900 273 3966 per
285 3874 373 3942 lianc
385 3870 602 3963 potissimum
615 3870 808 3939 versionem
820 3868 1093 3939 ecclesiasticam
1104 3891 1236 3959 semper
1245 3868 1364 3959 public

214 3984 246 4054 io
268 4006 330 4052 unu
348 3986 403 4051 cst
417 3985 657 4051 conservatus.
671 3977 790 4071 Neque
804 3983 920 4046 tamen
937 3977 1012 4047 ideo
1030 3999 1116 4067 opus
1131 3982 1185 4076 est
1198 3978 1365 4049 affirmare

283 4167 294 4228 l
301 4168 308 4217 l
316 4169 326 4234 l
334 4164 508 4228 Argrrnrcnla
519 4164 677 4217 intrinseca
689 4178 724 4215 ex
734 4164 870 4215 contestu
883 4164 937 4213 etc.
949 4158 1166 4227 adprobandum
1179 4160 1365 4226 genuiaiutcr

212 4256 315 4309 catule
327 4254 472 4309 decimata
483 4254 570 4307 habos
583 4270 599 4307 s
610 4252 773 4307 doctissimo
784 4248 1150 4315 vironenirr.11.p.5.ssq.
1162 4248 1192 4301 in
1203 4248 1365 4317 eruditoops

215 4362 243 4399 re
264 4328 542 4414 pristitumossitudsa
555 4340 811 4409 Bibliquea.1’aria
825 4334 917 4409 laea),
935 4338 1008 4405 quod
1018 4336 1098 4391 doleo
1118 4354 1160 4389 ma
1173 4338 1315 4407 inspicare
1328 4354 1363 4393 no

214 4439 341 4505 patulum
352 4434 407 4489 rilal
422 4442 487 4503 port
497 4439 585 4489 totam
597 4432 669 4489 baur
682 4446 770 4487 mcum
781 4428 1014 4483 dissertationem
1024 4428 1080 4483 ism
1092 4427 1202 4497 pridem
1212 4428 1365 4485 absolutam
