3172 4950
642 330 681 347 -
702 299 764 362 319
783 329 821 346 -

208 404 355 475 Veritas
365 405 487 498 itaque
499 403 738 496 productionis
749 403 858 474 Verbi
870 402 986 474 divini
996 409 1051 475 est
1062 404 1200 497 quidem
1212 427 1318 493 supro

188 515 327 594 tionem,
341 513 425 606 quia
440 513 576 582 ratione
599 535 667 581 non
690 519 805 603 potest
826 512 983 602 intelligi
1006 534 1047 582 ao
1070 511 1314 597 demonstrari,

198 618 388 688 intellectu
411 618 532 689 divino
555 626 732 711 tamquam
759 618 1000 689 immanentem
1030 619 1218 688 terminum
1241 640 1316 688 esse

194 727 396 797 nemmrio
419 749 493 795 esse
516 726 671 796 Verbum
694 727 901 817 productum
926 727 993 815 (th.
1008 726 1156 814 XVII.);
1171 725 1231 795 sed
1247 748 1316 794 nou

188 860 192 903 ;
215 835 381 905 doctrina
394 850 514 902 coum
536 838 717 918 rationem,
735 837 819 929 quis
842 835 941 904 nulla
964 840 1096 904 estnec
1112 857 1186 903 esse
1201 839 1316 924 potest

188 942 235 1012 tio
259 943 410 1013 mtioms
433 942 614 1013 evidenter
637 966 722 1013 vera
744 951 781 1013 et
804 943 984 1013 evidenter
1006 963 1207 1033 repugnans
1230 940 1314 1012 huio

188 1050 334 1122 ctriuae.
353 1050 499 1135 Quando
522 1059 638 1120 autem
662 1050 819 1142 Spiritus
842 1052 919 1136 Dei,
944 1051 1005 1143 qui
1033 1057 1214 1120 scrutatur
1236 1073 1314 1141 pro·

188 1159 250 1228 uda
271 1159 352 1245 Dei,
375 1158 552 1228 revelavit
573 1160 685 1245 nobis,
711 1166 747 1229 et
769 1159 982 1248 Unigenitus
1013 1158 1073 1250 qui
1096 1158 1210 1227 estin
1233 1157 1314 1226 sinu

190 1266 271 1349 tris,
297 1265 374 1357 ipse
395 1266 579 1335 enarravit
601 1266 666 1335 hoc
688 1268 919 1357 mysterium:
947 1266 1016 1334 uin
1039 1265 1212 1357 principio
1235 1271 1313 1335 erat

188 1374 306 1459 ubnm,
319 1380 356 1443 et
367 1374 518 1444 Verbum
535 1380 613 1443 erat
627 1374 718 1465 apud
730 1376 853 1459 Deum,
873 1381 909 1443 et
922 1375 1018 1444 Deus
1032 1380 1109 1443 erat
1120 1373 1309 1460 Verbumn3

188 1481 289 1565 audo,
312 1481 467 1572 iuquam,
486 1487 624 1552 constat
645 1482 860 1552 revelatione
884 1482 1007 1552 diviua
1030 1482 1072 1551 de
1094 1481 1312 1572 processione

188 1589 361 1659 manantis
376 1590 504 1675 Verbi,
521 1614 563 1660 ex
580 1592 644 1661 hoo
668 1591 780 1681 posito
797 1591 970 1682 principio
993 1598 1029 1660 et
1056 1590 1203 1664 «radice
1219 1589 1310 1659 veri·

188 1697 225 1766 tis
237 1724 254 1759 a
280 1697 334 1785 (S.
351 1697 419 1765 Th.
435 1697 467 1765 1.
483 1723 516 1791 q.
531 1699 586 1768 32.
603 1721 635 1768 a.
651 1699 720 1786 1.),
738 1707 779 1769 ut
800 1699 839 1769 in
861 1699 1035 1790 superiori
1058 1698 1151 1767 thesi
1175 1698 1310 1767 dictum

188 1829 204 1888 t,
227 1801 367 1896 reliqua
396 1807 612 1875 consectaria
643 1807 877 1898 intelligimus
899 1830 960 1897 per
987 1806 1232 1876 rneoeesarias
1255 1827 1309 1873 ra·

188 1932 250 1979 rues
262 1937 296 1994 a,
313 1910 466 1981 Verbum
483 1912 641 2002 genitum
664 1936 738 1984 esee
755 1915 961 1984 distinctum
978 1936 999 1982 a
1016 1919 1217 2004 generante,
1236 1933 1310 1982 esse

188 2018 383 2103 bstantiale,
408 2041 450 2088 ac
473 2020 616 2110 proinde
641 2023 842 2109 (secundum
869 2023 1066 2112 analogiam
1090 2043 1255 2112 personae
1272 2020 1310 2089 in

188 2129 266 2198 atis
289 2135 508 2219 comparatae
525 2152 601 2199 cum
625 2132 796 2200 communi
812 2136 955 2217 natura)
971 2154 1045 2200 esse
1061 2129 1309 2199 subsistentem

188 2258 317 2308 monam
340 2237 543 2308 distinctam
566 2261 588 2306 a
610 2240 729 2325 Patre,
755 2239 1017 2309 distinctionem
1041 2260 1124 2308 varo
1139 2261 1208 2307 nou
1235 2259 1309 2306 esse

188 2344 324 2413 tuudum
347 2346 534 2414 essentiam
557 2347 617 2416 sed
640 2348 828 2418 secuudum
852 2347 1032 2416 formalem
1061 2346 1232 2415 rationem
1255 2367 1307 2416 re·

188 2453 241 2522 iri
264 2460 331 2522 etc.
360 2452 456 2522 Haec
486 2454 575 2523 euim
607 2456 721 2524 omnia
744 2455 944 2545 (supposita
973 2453 1063 2522 reali
1092 2453 1307 2543 processione

188 2563 265 2646 ubi)
290 2562 488 2632 necessario
518 2585 672 2632 connexa
705 2568 790 2632 sunt
817 2586 894 2631 oum
925 2563 1121 2647 infinitate,
1155 2562 1325 2646 unitate,

188 2668 362 2760 uplicitate
378 2670 455 2755 Dei,
475 2694 562 2763 quae
578 2671 752 2741 attributa
771 2672 877 2740 etiam
893 2671 1024 2741 lumine
1040 2670 1188 2739 rationis
1204 2669 1306 2738 intel·

188 2783 309 2864 guntur.
330 2777 438 2846 Porro
453 2776 539 2848 haec
554 2779 671 2848 eadem
688 2781 812 2849 valent
827 2781 868 2849 de
884 2779 973 2848 reali
991 2777 1219 2869 productione
1236 2784 1305 2846 ter·

188 2883 223 2952 ni
244 2883 465 2954 immanentis
495 2909 556 2976 per
588 2892 706 2957 uotum
733 2886 916 2956 volitionis
949 2909 1010 2956 seu
1041 2885 1241 2955 dilectionis
1264 2906 1305 2955 ao

188 2991 277 3062 cinde
300 2993 343 3062 de
365 3016 512 3084 persona
534 2995 654 3080 tertia,
679 2995 780 3064 ouius
807 2994 902 3063 notio
931 2995 1048 3064 eodem
1072 2993 1170 3062 modo
1193 2998 1305 3063 osten·

188 3104 234 3170 tur
254 3124 329 3170 esse
351 3126 457 3192 supro
478 3104 647 3171 rationem
669 3104 730 3172 sed
753 3127 822 3172 uon
844 3120 963 3171 contra
984 3104 1167 3170 rationare.

204 3208 274 3278 Iam
296 3210 361 3278 fiat
383 3210 553 3280 iudicium
585 3211 626 3280 de
657 3214 758 3280 foeno
782 3211 989 3297 Sociuiano,
1016 3211 1106 3304 quod
1136 3210 1303 3280 Rationa-

188 3319 238 3385 tae
260 3324 380 3387 nostra
402 3326 517 3388 aetate
541 3321 669 3389 iterum
692 3321 869 3390 ruminare
891 3326 1046 3411 pergunt
1066 3319 1305 3407 (Christianus

188 3444 252 3509 tur,
275 3424 480 3495 Friderious
511 3427 679 3512 Strauss,
705 3427 877 3497 Friderio.
907 3427 1203 3496 Schleiermacher
1234 3434 1300 3496 etc.

188 3529 228 3602 ud
248 3534 311 3603 Dr.
329 3534 427 3602 Ioau.
455 3534 565 3602 Kuhu
588 3535 630 3605 de
654 3536 788 3605 Triuit.
807 3560 841 3626 p.
864 3537 942 3605 522.
961 3540 1066 3628 sqq.).
1086 3536 1225 3618 Unum,
1251 3533 1302 3601 iu·

188 3639 270 3727 lunt,
295 3665 365 3712 uon
387 3649 442 3712 est
463 3643 609 3735 aequale
624 3645 761 3732 tribus;
788 3640 968 3714 evidenter
991 3643 1226 3732 intelligimus
1248 3663 1300 3710 re·

188 3771 288 3838 gnare
301 3751 409 3819 1=3.
427 3752 584 3822 Evidene
600 3759 655 3822 est
669 3751 807 3821 axioma
818 3752 1114 3822 mathematicum:
1132 3770 1219 3842 quae
1235 3770 1306 3816 uon

188 3856 401 3948 tinguuntur
430 3861 475 3928 ab
500 3883 569 3929 uno
595 3860 713 3944 tertio,
743 3882 811 3928 nou
838 3859 1110 3950 distinguuntur
1136 3857 1231 3946 inter
1252 3878 1300 3942 ee;

188 3965 266 4035 =B:
291 3967 422 4056 B=C;
441 3991 524 4058 ergo
546 3968 673 4064 A·==G.
691 3969 862 4039 Personae
889 3967 1030 4036 divinae
1054 3967 1155 4035 iuxta
1178 3965 1304 4054 dogma

188 4071 360 4144 datianum
374 4098 444 4144 non
460 4076 732 4166 distinguuntur
748 4078 792 4145 ab
807 4076 970 4163 esseutia3
988 4097 1073 4165 ergo
1092 4097 1160 4143 uon
1176 4071 1302 4143 distin·

188 4191 288 4253 uutur
309 4185 405 4254 inter
428 4208 477 4254 ss.

194 4290 474 4384 Respondemus:
493 4293 578 4363 haec
594 4295 769 4363 axiomata
785 4293 1034 4364 mathematica
1057 4298 1140 4361 sunt
1162 4289 1301 4359 eviden-

188 4451 191 4479 ,
222 4406 259 4470 et
288 4401 426 4470 omniuo
457 4425 574 4471 sorum
604 4402 738 4473 veritas
761 4409 815 4473 est
837 4401 1044 4473 necessaria.
1080 4401 1188 4467 Immo
1218 4419 1299 4488 quo·
