3172 4950
704 305 743 319 ..
764 274 827 335 240
847 304 885 321 ..

209 378 355 469 supponi
379 377 583 468 praesertim
606 377 729 448 addita
751 379 912 462 ratione,
937 375 1127 446 meandum
1144 394 1248 467 quam
1271 369 1363 440 eonsi-

207 496 281 554 stat
304 486 484 556 identitas.
514 485 621 555 Ratio
653 508 736 554 vero
769 486 928 554 formalis
958 482 1162 554 identitatis
1184 487 1243 551 est
1263 479 1363 548 unitas

208 597 382 662 esseutiae.
407 596 576 664 Personae
600 594 721 687 itaque
745 594 889 664 divinae
910 601 997 664 sunt
1018 615 1090 663 uua
1117 591 1228 661 alteri
1259 586 1363 660 iderti·

208 724 267 771 cae
291 703 479 770 secundnm
502 709 667 772 naturam
691 703 748 772 vel
771 703 973 774 essentiam.

275 811 485 902 Aequalitas
507 817 544 880 et
566 812 764 882 similitudo
787 812 941 882 includit
971 809 1239 881 distinctionem
1261 807 1366 873 recle·

208 918 460 1004 terminorum,
486 943 548 990 neo
571 921 664 990 enim
688 921 880 1014 quidquam
903 920 972 989 sibi
988 919 1056 1010 ipsi
1072 917 1222 1012 aequale
1245 923 1297 986 est
1315 920 1367 984 aut

208 1026 333 1098 simile.
349 1028 523 1097 Formslis
554 1053 637 1099 vero
668 1029 761 1099 ratio
793 1029 1024 1122 aequalitatis
1054 1034 1110 1098 est
1140 1024 1368 1098 convenientis

208 1135 450 1206 sineexcessu
473 1137 579 1205 unius
607 1160 691 1228 prae
711 1137 824 1207 altero
847 1161 909 1207 seu
933 1136 1057 1207 unitas
1088 1138 1129 1202 iu
1161 1136 1368 1227 quantitate,

210 1267 317 1337 eoque
345 1246 533 1337 perfectior
549 1253 604 1316 est
622 1247 832 1338 aequalitas,
853 1269 921 1339 quo
940 1245 1139 1337 (supposita
1154 1242 1369 1313 terminorum

207 1353 448 1439 distinctione)
472 1355 582 1421 maior
598 1355 719 1422 unitas
736 1353 961 1446 quantitatis.
979 1352 1172 1436 Quantitas
1188 1375 1259 1420 non
1274 1348 1368 1418 solun

207 1470 262 1531 est
284 1460 386 1529 molis
409 1469 445 1530 et
467 1461 711 1546 extensionis,
736 1463 778 1531 de
802 1485 873 1554 qua
895 1462 932 1531 in
964 1462 1036 1531 Deo
1066 1485 1135 1530 non
1166 1466 1283 1551 potest
1309 1477 1368 1528 esst

209 1590 343 1654 sermo,
369 1570 429 1638 sed
453 1570 558 1638 etiarn
582 1570 733 1638 nobilior
757 1575 938 1663 quantitas
961 1573 1104 1639 virtutis
1122 1593 1185 1638 seu
1202 1565 1366 1658 perfectio

207 1678 276 1747 uis:
306 1676 374 1744 uin
398 1677 566 1770 hisquae
589 1702 658 1747 non
681 1678 770 1749 mole
793 1702 921 1770 magna
944 1683 1052 1761 sunt,
1085 1677 1155 1746 hoc
1185 1676 1245 1746 est'
1271 1673 1365 1743 maius

207 1808 281 1857 esse
304 1786 396 1878 quod
418 1791 473 1854 est
495 1786 624 1855 melius
640 1809 715 1856 esse
733 1815 749 1850 n
768 1787 864 1877 Aug.
884 1787 985 1856 Trin.
999 1785 1064 1853 VI.
1083 1785 1117 1853 8.
1131 1784 1175 1852 In
1188 1783 1261 1852 Deo
1276 1806 1363 1874 quus

210 1897 295 1962 titas
306 1893 532 1983 perfectionis
544 1900 598 1962 est
609 1893 687 1986 ipsa
700 1895 844 1963 infinita
857 1892 1089 1963 indivisibilis
1108 1890 1274 1961 essentia.
1288 1889 1362 1957 Hau

209 2024 286 2071 cum
300 2000 398 2093 sitin
410 2003 565 2091 personis
578 2004 723 2072 realiter
735 2000 916 2072 distinctis
928 2022 1000 2070 una
1015 2022 1160 2069 numero
1171 2007 1249 2068 turn
1261 1997 1361 2089 singu·¹

208 2107 255 2176 lis
278 2117 354 2177 tum
377 2109 536 2178 omnibus
554 2111 673 2195 simul,
690 2119 789 2201 patet
805 2108 1061 2201 perfectissima
1075 2107 1274 2200 aequalitas
1283 2105 1360 2173 -inttr

209 2238 385 2306 personas,
411 2216 691 2309 uniuscuiusque
707 2217 752 2286 ad
768 2217 916 2286 alteram
939 2223 976 2285 et
998 2216 1043 2285 ad
1066 2237 1185 2283 omnes
1208 2212 1319 2282 simul.

276 2323 477 2393 Similitudo
501 2324 606 2414 paulo
637 2324 762 2393 maiori
793 2323 1071 2393 consideratione
1101 2320 1267 2412 indiget,
1296 2316 1358 2412 quir

209 2431 320 2501 latius
342 2439 440 2522 patet
454 2441 490 2501 et
504 2432 618 2522 magis
634 2433 800 2522 ambigua
816 2438 870 2501 est
887 2431 1037 2501 nominis
1052 2429 1279 2520 significatio.
1292 2427 1357 2515 Suq

210 2539 325 2631 posita
348 2538 578 2607 terminorum
603 2538 691 2608 reali
714 2538 941 2608 distinctione
965 2536 1126 2607 formalis
1149 2537 1244 2605 ratio
1259 2527 1357 2603 simili·

209 2646 347 2715 tudinis
370 2647 504 2716 dicitur
520 2671 593 2716 esse
619 2648 864 2717 convenientia
887 2648 944 2717 vel
968 2647 1089 2717 unitas
1112 2639 1357 2738 qualitatium.

210 2754 376 2838 Qualitas
399 2756 436 2823 in
460 2757 532 2826 Deo
555 2781 624 2825 non
645 2765 762 2848 potest
785 2756 943 2846 intelligi
967 2755 1135 2848 perfectio
1159 2750 1360 2846 superaddite

209 2865 404 2947 essentiae,
436 2854 497 2935 ‘sed
529 2865 748 2956 intelligitur
784 2866 861 2957 ipsa
891 2864 1072 2957 quidditss
1109 2864 1283 2933 essentiae
1312 2859 1362 2948 (ul

199 2995 242 3038 rt
261 2995 343 3038 ucrsv
367 2971 458 3041 idem
483 2974 532 3044 sit
554 2996 595 3044 ac
622 2995 655 3038 το
685 2996 712 3038 τι
738 2974 772 3042 iu
796 2968 897 3059 ὲιναι),
917 2972 975 3043 vel
992 2973 1145 3042 essentia
1161 2978 1362 3064 spectatast

211 3080 361 3149 cundum
374 3082 578 3150 essentialia
590 3104 655 3150 sua
674 3080 862 3150 attributa.
874 3082 917 3149 In
935 3081 999 3150 hoc
1010 3081 1150 3173 quidem
1168 3079 1364 3170 nulluapptr

209 3195 266 3257 ret
282 3188 499 3273 difficultas,
526 3213 648 3258 verum
672 3188 870 3257 similitudo
893 3188 999 3258 etiam
1029 3188 1067 3256 in
1090 3187 1190 3256 modo
1220 3177 1367 3280 loquendi

210 3293 416 3385 Scripturas
440 3303 475 3364 et
491 3296 597 3365 etiam
614 3296 652 3364 in
676 3296 846 3366 relatione
862 3297 906 3365 ad
923 3298 1034 3366 Deum
1050 3294 1262 3388 quandoque
1275 3293 1369 3363 latius

211 3401 376 3470 sumitur.
391 3402 509 3494 Neque
533 3403 624 3471 enim
648 3403 862 3491 similitudo,
889 3405 984 3473 siout
1013 3403 1238 3496 aequalitas,
1268 3425 1326 3496 per
1344 3417 1370 3471 rt

210 3508 368 3599 postulat
391 3510 668 3578 convenientiam
693 3509 767 3579 sine
790 3533 933 3580 excessu
950 3509 1058 3579 unius
1074 3531 1157 3600 prae
1174 3511 1302 3597 altero,
1315 3509 1370 3579 imo

209 3640 320 3709 neque
344 3618 622 3687 convenientiam
646 3618 683 3686 in
706 3619 823 3687 eodem
847 3619 989 3707 ordine;
1016 3620 1107 3688 unde
1133 3619 1245 3689 etiam
1268 3619 1372 3688 adun·

210 3725 325 3794 bratio
348 3726 574 3816 perfectionis
597 3732 634 3794 et
657 3726 832 3816 spiritalis
866 3734 1016 3796 naturae
1045 3726 1111 3796 Dei
1142 3726 1180 3795 in
1212 3723 1374 3797 creaturis

210 3833 446 3902 rationalibus
468 3844 505 3904 et
527 3835 675 3904 maxime
700 3835 737 3903 in
761 3833 957 3904 elevatione
980 3836 1147 3926 perdone
1170 3835 1312 3925 gratiae
1334 3831 1374 3901 di·

211 3939 306 4008 citur
329 3940 524 4011 similitudo
548 3966 626 4012 cum
649 3944 733 4011 Deo.
761 3942 879 4027 Quare
911 3944 1109 4014 similitudo
1132 3943 1311 4035 imprimis
1332 3940 1374 4012 di·

212 4045 352 4138 stingui
375 4050 477 4120 debet
499 4051 675 4118 naturalis
698 4058 734 4121 et
764 4052 916 4143 unaloqa
940 4052 998 4141 (iu
1029 4053 1289 4144 comparatione
1311 4071 1377 4127 oum

265 4208 308 4286 (1)
329 4213 456 4268 «Eadem
471 4219 548 4282 sunt,
564 4231 681 4282 quorum
697 4217 943 4283 substantiarum
963 4218 1073 4271 similis
1084 4233 1163 4284 vero,
1185 4234 1308 4287 quorum
1321 4230 1378 4287 qur·

211 4302 375 4370 literana,
396 4305 662 4373 aequalitatem,
683 4321 802 4374 quorum
830 4308 979 4374 quantitas
1007 4323 1097 4361 unse
1124 4306 1282 4364 Aristotel.
1302 4313 1378 4364 neu

211 4392 295 4460 phys.
310 4394 344 4448 V.
356 4411 380 4449 e.
393 4395 437 4448 15.
