3172 4950
704 375 743 388 -
764 343 825 404 39ss
846 374 885 389 ..

210 448 269 533 lis)
295 446 615 516 informationem...
634 447 746 516 abiet
761 447 926 537 gignitur
941 446 1107 516 intimum
1123 449 1349 541 verbumque

209 554 343 623 nullius
367 555 509 644 linguae
534 555 604 638 sit,
630 561 807 645 tamquam
832 553 982 622 scientia
999 553 1218 640 descientia,
1234 558 1349 625 etvisio

209 662 250 731 de
275 663 422 747 visione,
439 670 474 731 et
490 662 729 751 intelligentia
753 684 843 754 quae
866 669 1016 752 apparet
1038 662 1077 730 in
1101 663 1348 752 cogitationade

209 769 449 859 intelligentia
473 794 561 863 quae
585 772 621 839 in
645 771 809 839 memoria
832 770 901 837 iam
926 772 1046 839 fuerat
1062 772 1123 839 ead
1140 771 1350 841 latebat...llc

211 880 349 969 Spiritu
372 886 488 948 autem
512 880 639 948 Sancto
662 879 755 946 nihil
779 879 815 946 in
839 878 905 946 hoc
928 879 1128 970 aenigmate
1158 881 1249 973 quod
1274 880 1303 948 ei
1319 881 1349 949 si·

212 988 291 1055 mile
316 988 497 1056 videretur
518 986 677 1070 ostendi,
702 984 774 1052 nisi
797 986 1007 1053 voluntatem
1029 1002 1185 1054 nostram
1214 988 1264 1054 nel
1287 1012 1350 1054 ono

210 1114 284 1162 rem·
302 1120 357 1163 eeu
381 1097 595 1162 ditectionem
618 1100 857 1183 (expressam),
879 1117 967 1185 quae
986 1094 1163 1164 valentior
1186 1104 1240 1164 est
1259 1096 1350 1165 volm-

211 1216 310 1275 tas...
349 1204 519 1288 Quamvis
547 1206 708 1269 memoria
738 1203 891 1271 hominis
914 1210 950 1271 et
974 1205 1124 1272 maxime
1155 1203 1244 1289 illa,
1276 1226 1351 1295 quan

211 1336 334 1405 pecora
356 1336 425 1381 non
447 1312 596 1397 habent,
622 1312 657 1379 id
680 1316 735 1379 est
757 1332 827 1401 qua
849 1333 906 1378 res
927 1310 1178 1400 intelligibiles
1201 1311 1252 1379 ita
1271 1310 1351 1379 oont'·

210 1430 350 1505 nentur,
370 1428 494 1489 utnon
512 1422 548 1487 in
571 1443 645 1489 eam
662 1443 724 1510 per
743 1442 865 1489 sensus
881 1418 1037 1509 corporis
1057 1421 1231 1504 venerint,
1254 1419 1350 1488 habeat

212 1554 273 1621 pro
288 1529 427 1597 modulo
443 1552 506 1596 suo
529 1528 566 1595 in
590 1528 654 1595 hac
678 1528 831 1616 imagine
855 1526 1046 1595 Trinitatis
1064 1526 1351 1618 incomparabiliter

210 1639 348 1731 quidem
371 1637 536 1727 imparem
567 1636 626 1703 sed
657 1642 774 1703 tamen
804 1633 1089 1727 qualemcumque
1121 1633 1351 1703 similitudines

216 1746 348 1813 Pori-is:
371 1746 522 1835 itemque
547 1743 784 1831 intelligentia
807 1741 982 1827 hominis,
1008 1766 1096 1835 quae
1129 1767 1193 1834 per
1222 1742 1350 1812 intente

211 1876 286 1923 irem
311 1851 537 1940 cogitationis
559 1849 639 1917 inde
663 1850 899 1934 informatur,
926 1851 1065 1940 quando
1081 1852 1174 1943 qnod
1191 1851 1306 1933 scitur,
1319 1847 1350 1916 di·

211 1962 305 2027 citur
328 1960 381 2045 (in
398 1964 525 2041 mente)
537 1968 572 2027 et
586 1958 719 2027 nullius
732 1957 876 2047 linguae
894 1959 1037 2027 verbnm
1050 1965 1116 2043 est,
1128 1958 1348 2028 habeatinsre

212 2088 337 2155 inagna
360 2066 571 2154 disparitate
593 2064 797 2133 nonnullam
819 2065 1085 2132 similitudieem
1110 2067 1219 2148 Filia}
1233 2073 1267 2135 et
1284 2086 1350 2131 aaa

211 2173 361 2241 hominis
384 2174 425 2241 de
449 2174 597 2242 seientia
620 2174 807 2263 procedens
822 2180 858 2241 et
873 2174 1072 2242 memoriam
1095 2174 1350 2264 intelligentiam

210 2305 277 2373 que
301 2281 514 2371 coniungens
536 2290 715 2373 tamqnam
739 2281 878 2370 parenti
894 2281 1053 2372 prolique
1071 2283 1271 2367 communis,
1285 2280 1348 2349 mo

211 2413 273 2458 neo
296 2413 420 2480 parens
443 2390 662 2478 intelligitur
675 2412 749 2457 esse
767 2412 829 2457 nee
852 2389 979 2479 proles,
998 2389 1127 2459 habeat
1148 2391 1187 2458 in
1211 2391 1272 2460 heo
1290 2392 1346 2459 inc

211 2499 293 2586 gine
316 2498 470 2588 aliquam
497 2498 582 2566 lieet
610 2498 713 2566 ralde
743 2500 907 2587 imparem
936 2498 1205 2565 similitudinem
1231 2500 1349 2589 spirite

211 2607 351 2672 Sancti.-
375 2615 605 2690 nontamen,
631 2606 723 2674 sicut
747 2606 783 2673 in
806 2607 878 2675 ista
908 2606 1061 2696 imagine
1093 2608 1281 2676 Trinitatis
1305 2624 1349 2671 nor

211 2712 295 2780 haec
319 2715 390 2781 tria
415 2738 505 2782 unus
529 2717 628 2782 homo
651 2714 710 2782 sed
735 2715 840 2784 unius
864 2713 1015 2783 hominis
1038 2724 1146 2800 sunt,
1173 2717 1224 2785 ita
1245 2718 1280 2783 in
1298 2714 1348 2802 ips

210 2842 344 2886 summa
368 2821 546 2889 Trinitate
562 2824 663 2889 euius
687 2823 771 2891 haec
794 2823 909 2910 imago
932 2830 998 2906 est,
1016 2824 1124 2891 nnius
1140 2824 1206 2891 Dei
1223 2816 1348 2891 suntillt

211 2928 295 3009 tria,
317 2928 485 2996 sedunus
508 2930 602 2997 Deus
625 2940 698 3011 est,
717 2939 751 2998 et
775 2937 848 2998 tres
870 2939 955 2999 sunt
978 2931 1061 2998 illae
1086 2955 1154 2998 non
1180 2955 1247 3001 una
1266 2948 1347 3020 perso

211 3056 257 3100 na
271 3062 287 3093 .-
306 3042 373 3102 etc.
391 3039 486 3124 Aug.
503 3038 602 3105 Trin.
618 3038 642 3105 l.
658 3038 736 3105 XV.
750 3064 786 3105 n.
800 3039 856 3105 ⁸29.
871 3038 926 3105 31.
944 3038 1000 3105 39.
1012 3040 1069 3106 40.
1084 3040 1141 3108 41.
1157 3041 1214 3107 43.
1229 3039 1345 3107 Videre

213 3142 311 3232 liqna
333 3143 419 3210 locis
441 3145 638 3233 Augustini
662 3169 769 3236 supra
790 3146 923 3215 citatis.

650 3328 795 3387 THESlS
820 3330 952 3388 xxvn.

237 3442 408 3517 Supposilu
431 3448 628 3504 rccelutione
648 3446 821 3505 ‹leducieur
844 3449 959 3524 clr'qrur
981 3449 1157 3523 cirolopica
1180 3443 1327 3507 intellectio

563 3547 799 3619 procursatorum
821 3545 1025 3604 dicioni-roa.

264 3728 276 3743 .
291 3698 446 3765 supposita
465 3696 518 3749 tldc
538 3697 572 3749 de
592 3700 664 3751 reali
685 3702 864 3765 processione
883 3700 972 3751 Verbi
992 3703 1022 3750 et
1039 3698 1169 3766 Spiritus
1189 3698 1278 3753 Sancti
1289 3698 1345 3757 atel·

211 3790 386 3855 -supposito
416 3789 496 3841 modo
516 3792 725 3856 processionum
745 3808 796 3857 per
819 3793 998 3844 intellectum
1018 3808 1050 3844 ac
1073 3795 1265 3855 voluntatem,
1283 3782 1345 3856 polu*

210 3902 221 3915 -
238 3882 443 3945 prementibus
462 3882 511 3935 SS.
527 3884 663 3935 Patribus
682 3894 712 3935 et
725 3884 894 3935 Doctoribus
907 3885 1032 3950 reperiri
1047 3886 1078 3935 in
1090 3886 1198 3952 spiritu
1212 3885 1346 3938 erenum

210 3991 221 4013 v
237 3969 315 4033 logis
333 3984 362 4021 cr
382 3973 483 4035 imago.
505 3988 539 4023 ex
560 3989 616 4039 que
636 3972 706 4025 fides
725 3984 845 4037 quaerat
864 3973 1046 4025 intellectum
1062 3978 1091 4024 et
1106 3972 1305 4026 distinetioren
1313 3958 1347 4015 ιθ·

210 4080 222 4093 ·
239 4074 320 4125 quem
339 4067 503 4127 conceptum
522 4061 572 4115 SS.
587 4062 756 4114 Trinitatis.
771 4084 783 4097 ·

274 4218 505 4307 supponendo
540 4220 806 4287 fundamentum
842 4218 933 4311 qnod
964 4218 1002 4283 in
1035 4216 1129 4285 thesi
1169 4197 1347 4283 antecedenti

209 4328 508 4413 praestruximus.
533 4336 568 4395 et
592 4328 815 4417 praelucente
840 4325 1053 4395 revelatione
1077 4302 1346 4393 contendimustd

206 4434 361 4525 aliquam
386 4435 468 4505 licet
491 4437 730 4525 imperfectam
751 4448 787 4505 et
811 4435 920 4503 solam
942 4432 1160 4522 analogicam
1184 4426 1345 4513 intelliget·
