3172 4950
655 371 693 384 -
714 338 774 400 267
795 370 834 388 .-

188 441 305 510 nsntia
326 441 635 533 multiplicationis
657 452 805 512 naturae
827 441 981 528 divinae,
999 447 1036 511 et
1058 441 1110 512 sic
1132 466 1236 535 porro
1258 443 1330 512 elia

188 550 333 619 tributa
354 573 397 620 er
421 550 504 620 aliis
527 551 806 643 praeintellectia
829 557 977 642 possunt
991 550 1115 620 deduci
1131 557 1167 620 et
1186 550 1329 621 distino-

208 657 386 749 intelligi.
411 659 463 728 At
494 660 660 753 quamdiu
691 659 847 728 divinem
869 659 1056 729 essentiam
1078 659 1190 728 solum
1213 660 1330 727 enalo-

189 768 246 838 cis
277 768 483 837 notionibus
513 768 686 838 derivatis
717 792 759 837 ex
790 767 1028 859 praecognitis
1059 767 1331 859 perfectionibus

188 882 402 945 saturarum
425 874 462 945 h.
477 898 507 944 s.
523 879 720 966 cognitione
742 876 970 958 abstractiva,
995 899 1064 944 non
1089 882 1204 944 autem
1229 882 1271 945 ut
1294 878 1331 941 in

210 997 276 1065 est,
302 982 551 1072 intelligimus,
576 991 752 1074 repugnat
774 988 816 1051 ut
837 1005 879 1052 ex
896 982 1048 1051 essentie
1063 1005 1134 1050 una
1149 982 1332 1073 simplicis-

188 1112 246 1158 ma
268 1082 337 1160 Dei
360 1097 397 1159 ct
418 1090 604 1160 attributis
626 1091 814 1176 absolutis,
839 1085 927 1181 ¹quae
944 1099 1028 1160 suut
1050 1090 1128 1181 ipsa
1150 1091 1267 1159 eedem
1282 1113 1332 1160 es-

188 1199 272 1268 zntia
295 1199 363 1268 sub
377 1199 448 1276 alio
464 1204 500 1269 et
514 1198 585 1266 elio
600 1204 767 1291 conceptu
779 1205 899 1269 nostro
912 1199 1093 1289 analogico
1106 1198 1331 1290 apprehensa,

188 1306 385 1375 crusniatur
397 1308 443 1375 ed
456 1308 711 1396 cognoscendas
727 1330 767 1377 ac
781 1307 1071 1376 demonstrandas
1082 1313 1156 1375 tres
1171 1328 1335 1396 personas

188 1415 265 1483 nius
288 1415 477 1484 essentias.
490 1414 583 1484 Hinc
605 1421 678 1500 est,
705 1424 745 1484 ut
768 1437 873 1505 supra
895 1415 1060 1500 diximus,
1080 1414 1171 1507 quod
1194 1413 1257 1482 SS.
1270 1415 1333 1483 Pe-

188 1547 232 1594 ea
253 1529 469 1594 censuerunt
491 1523 609 1592 eadem
632 1523 793 1608 ratione,
819 1524 888 1615 qua
910 1524 1081 1593 adversus
1096 1523 1334 1593 Eunomianos

188 1632 360 1703 itenditur
383 1631 536 1702 essentia
550 1630 674 1700 divina
697 1631 829 1700 lumine
851 1630 1001 1699 rationis
1024 1654 1093 1699 non
1124 1630 1333 1720 intelligibi-

188 1765 208 1811 s
235 1751 278 1811 ut
301 1742 339 1810 in
362 1765 398 1810 se
421 1747 498 1826 est,
523 1740 629 1809 simul
657 1740 928 1808 demonstratam
951 1762 1025 1808 esse
1048 1737 1335 1829 superrationali·

188 1857 270 1920 stem
294 1849 458 1940 mysterii
482 1848 546 1918 SS.
562 1846 765 1918 Trinitatis.
785 1849 881 1916 Haec
902 1846 993 1916 enim
1020 1847 1088 1916 duo
1104 1853 1225 1916 mutuo
1247 1847 1335 1916 inie-

188 1965 314 2029 uutur:
343 1957 497 2028 essentia
522 1957 645 2028 diviua
670 1957 895 2047 cognoscitur
922 1956 1121 2026 immediate
1139 1957 1177 2024 in
1200 1979 1236 2026 se
1259 1943 1337 2047 ipsa

188 2072 204 2136 t
228 2066 306 2136 ideo
332 2072 375 2134 ut
396 2072 451 2134 est
472 2065 510 2132 in
537 2087 585 2152 se;
609 2087 693 2153 ergo
720 2064 945 2153 cognoscitur
968 2056 1192 2153 personarum
1221 2063 1335 2132 Trini-

188 2197 243 2255 ιε,
270 2198 360 2269 quae
382 2175 528 2245 realiter
555 2182 640 2244 sunt
662 2173 740 2264 ipse
764 2173 886 2241 divine
910 2173 1075 2242 essentie.
1089 2173 1268 2242 Vicissim:
1286 2194 1336 2242 es·

188 2285 280 2354 entia
302 2283 426 2354 divina
448 2306 516 2351 uon
540 2282 763 2372 cognoscitur
787 2282 888 2351 utin
911 2303 947 2349 se
967 2287 1032 2365 est,
1058 2280 1117 2350 sed
1136 2280 1337 2349 notionibus

188 2392 361 2485 malogicis
383 2391 557 2461 derivatis
582 2414 624 2460 cx
652 2389 927 2481 praeintellectis
950 2388 1221 2480 perfectionibus
1243 2409 1336 2457 cree-

188 2501 230 2588 is;
245 2524 329 2592 ergo
355 2501 488 2570 lumine
512 2501 662 2569 rationis
680 2523 743 2569 nec
771 2498 990 2588 intelligitur
1016 2521 1079 2567 nec
1095 2503 1211 2588 potest
1234 2496 1337 2566 intel-

188 2607 255 2698 igi,
284 2631 389 2677 unam
416 2608 601 2678 essentiam
622 2608 818 2676 absolutam
844 2605 950 2673 simul
973 2626 1047 2675 esse
1074 2609 1148 2692 tres
1174 2625 1338 2695 personas

188 2717 338 2787 relativas
361 2717 455 2786 inter
477 2739 513 2785 se
536 2715 681 2786 realiter
704 2714 902 2784 distinctos.
1243 2801 1246 2807 Ι

237 2828 327 2898 Sane
350 2825 395 2895 ad
417 2825 689 2894 intellectionem
712 2823 820 2892 trium
844 2845 1068 2914 personarum
1093 2822 1337 2892 distinctarum

188 2934 381 3025 principium
404 2956 445 3002 ec
468 2933 731 3001 fundamentum
755 2931 966 3021 cognitionis
981 2955 1055 3019 esse
1071 2930 1211 3001 deberet
1226 2953 1338 3000 essen·

188 3041 225 3110 tia
244 3042 368 3112 divina
390 3039 617 3132 praecognita
639 3039 698 3109 vel
720 3039 785 3106 sub
808 3037 947 3107 formali
976 3038 1112 3107 ratione
1134 3036 1267 3106 infiniti
1283 3036 1339 3107 vel

188 3149 236 3217 mb
257 3148 399 3218 formali
423 3136 559 3217 ratione
582 3146 689 3215 unius
711 3153 775 3214 eut
795 3144 950 3236 plurium
974 3144 1225 3214 attributorum
1242 3147 1341 3234 (pute

188 3257 385 3349 spientiss,
411 3255 579 3327 bonitatis
602 3257 686 3341 stc.)
709 3254 767 3324 vel
790 3253 855 3321 sub
877 3252 1017 3322 formali
1039 3253 1176 3321 ratione
1199 3259 1341 3321 actuum

188 3366 265 3437 ritas
287 3366 448 3436 internae
471 3362 736 3453 (intellectionis
759 3368 799 3430 et·
824 3360 1039 3449 dilectionis)
1068 3361 1126 3431 vel
1157 3365 1214 3449 (ns
1242 3382 1340 3430 accu-

188 3475 244 3544 stri
267 3475 380 3565 possit
405 3474 562 3543 defectus
585 3470 707 3561 plenae
729 3468 962 3556 inductionis)
978 3470 1043 3538 sub
1066 3467 1193 3562 quavis
1216 3469 1340 3536 forme·

188 3579 274 3654 litate
299 3581 431 3651 lumine
456 3579 605 3649 rationis
620 3577 854 3667 intelligibili.
880 3577 993 3670 Atqui
1019 3581 1207 3668 repugnat,
1225 3583 1267 3643 ut
1289 3597 1341 3643 ss·

188 3693 286 3761 sentia
301 3692 367 3759 sub
390 3689 511 3780 aliqua
533 3687 591 3756 vel
613 3687 678 3755 sub
701 3684 860 3754 omnibus
883 3686 940 3753 his
962 3685 1159 3754 rationibus
1183 3683 1233 3751 sit
1247 3682 1341 3773 priu-

188 3798 301 3891 cipium
326 3794 539 3889 cognitionis
562 3794 803 3868 demonstrans
826 3792 1015 3861 distinctas
1037 3811 1342 3883 personas,quam-

188 3903 235 3977 liu
257 3905 412 3977 essentia
434 3925 503 3972 non
525 3908 568 3971 ut
590 3905 629 3967 io
652 3924 685 3967 se
701 3915 763 3982 esc,
781 3899 841 3968 sed
864 3921 906 3967 ex
922 3898 1087 3988 analogia
1103 3904 1344 3967 creaturarum

189 4015 407 4107 cognoscitur.
420 4011 561 4081 Etenim
584 4009 763 4077 infinitum
777 4008 866 4076 Esse
880 4012 918 4076 et
933 4006 1110 4075 attribute
1125 4005 1270 4097 quaevis
1286 4004 1343 4072 eb-

188 4125 291 4193 toluta
312 4145 376 4193 seu
390 4121 544 4191 rationes
561 4117 726 4187 formales
741 4140 781 4187 ac
797 4114 996 4184 functiones
1013 4113 1169 4206 quasvis,
1189 4113 1253 4182 sub
1269 4112 1344 4204 qui-

189 4226 241 4301 bus
259 4231 352 4300 illud
374 4230 466 4299 idem
488 4228 576 4296 Esse
598 4227 729 4295 lumine
751 4224 902 4294 rationis
924 4221 1058 4311 concipi
1082 4226 1216 4312 potest,
1241 4217 1344 4287 intel-

190 4331 320 4429 ligimus
342 4344 384 4407 ut
415 4358 523 4404 unum
555 4357 626 4403 non
657 4330 949 4423 multiplicabiles,
982 4327 1279 4418 simplicissimum
1309 4332 1346 4393 et

192 4439 431 4532 indistinctum,
458 4441 550 4536 quod
572 4447 690 4513 autem
712 4438 803 4510 idem
826 4438 914 4507 Esse
927 4458 971 4506 ex
993 4434 1187 4504 intrinseca
1210 4452 1274 4502 sua
1288 4452 1344 4501 rs-
