3172 4950
881 324 920 341 ..
940 294 982 355 (ιο
1001 325 1040 341 -

375 395 485 465 ohinii
509 420 543 487 p.
554 395 676 483 conl,
692 403 813 466 contra
835 396 1001 489 Elipand.
1014 400 1040 469 l.
1052 400 1081 467 Ι.
1094 423 1129 469 ιι.
1142 400 1198 468 26.
1209 400 1375 472 Gelland.
1389 401 1433 471 T.
1443 404 1551 473 XIII.

374 524 408 591 p.
424 501 502 589 296;
521 509 641 572 eontra
656 503 836 573 Varimad.
854 505 947 574 Bibl.
962 504 1056 574 liar.
1076 507 1142 574 PP.
1163 506 1205 575 T.
1220 505 1264 576 V.
1279 531 1314 597 p.
1333 508 1435 595 729).

442 610 483 677 In
500 609 619 678 Gallia
634 632 722 680 saec.
738 611 801 681 IV.
817 610 1035 682 Phoebadius
1053 612 1185 700 (aliter
1199 612 1413 700 Soebadius)
1436 616 1550 707 Agin·

374 708 491 785 neniis
514 716 625 785 locum
648 718 776 788 citavit
798 741 836 788 eo
872 721 945 788 fere
979 720 1100 805 modo,
1141 743 1208 812 quo
1244 719 1491 793 Tertullianus
1513 730 1550 793 et

373 824 572 914 Cyprianus
595 826 645 912 (l.
664 834 774 895 contr.
791 825 915 895 Arian.
931 826 1024 895 Bibl.
1037 827 1130 895 llax.
1146 828 1214 895 PP.
1230 826 1272 896 T.
1285 827 1351 898 IV.
1371 853 1406 919 p.
1425 830 1521 915 305)
1537 852 1546 917 ς

371 930 514 1001 disertis
537 933 654 1001 verbis
675 940 756 1001 ante
779 933 929 1003 medium
952 956 1041 1003 saec.
1056 935 1100 1004 V.
1116 933 1312 1004 Eucherius
1335 934 1548 1025 Lugdunen-

372 1040 422 1107 sis
437 1039 644 1109 transcribit
653 1048 837 1133 utrumque
854 1040 1067 1112 versiculum
1082 1041 1119 1110 in
1135 1041 1196 1110 lib.
1216 1042 1467 1113 Formularum
1479 1044 1560 1135 spi·-

369 1146 553 1216 ritualium
576 1172 607 1217 o.
627 1147 681 1217 11.
700 1148 759 1216 ubi
782 1150 860 1238 agit
876 1149 918 1219 de
930 1150 1094 1235 numeris,
1116 1172 1232 1243 equos
1249 1151 1403 1240 mystica
1425 1172 1548 1221 exem·
1577 1205 1581 1215 .

370 1254 507 1345 plorum
529 1256 620 1323 ratio
654 1256 747 1326 inter
781 1278 899 1326 sacros
922 1255 1128 1327 celebriores
1163 1259 1286 1328 faoitn
1313 1257 1422 1345 (Bibl.
1449 1258 1544 1329 Max.

371 1362 414 1431 T.
428 1362 492 1431 VI.
507 1387 541 1453 p.
557 1364 661 1449 838).
687 1365 741 1433 Ibi
764 1388 800 1434 n.
815 1367 849 1434 3:
878 1396 893 1430 a
919 1366 964 1434 ad
990 1366 1201 1436 Trinitatem
1225 1368 1489 1455 (referuntur)
1513 1368 1548 1437 in

370 1470 511 1540 Ioannis
533 1470 693 1561 epistola:
711 1480 784 1541 tres
800 1480 894 1559 sunt,
921 1474 980 1566 qui
1005 1473 1242 1544 testimonium
1265 1474 1352 1544 dant
1376 1475 1415 1544 in
1437 1476 1544 1560 coelo,

369 1578 494 1663 Pater,
520 1579 673 1649 Verbum
695 1587 731 1649 et
755 1580 912 1672 Spiritus
936 1582 1097 1668 Sanctum
1123 1587 1161 1650 et
1183 1587 1257 1651 tres
1280 1588 1377 1661 sunt,
1402 1582 1466 1675 qni
1487 1590 1546 1651 ts-

369 1686 571 1756 stimonium
594 1688 681 1759 dant
702 1688 739 1757 in
763 1695 872 1774 terra,
898 1689 1069 1780 spiritus,
1096 1710 1187 1781 aqua
1209 1694 1245 1758 et
1268 1689 1418 1779 sanguis
1440 1718 1456 1753 e
1482 1689 1544 1778 (1).

436 1794 478 1861 In
502 1794 608 1863 Italia
630 1796 857 1865 Cassiodorus
881 1795 991 1864 medio
1014 1817 1104 1865 saec.
1123 1796 1188 1864 VI.
1204 1795 1472 1885 Scripturarum
1492 1820 1544 1867 oo·

369 1900 463 1970 dices
485 1906 560 1969 tum
584 1902 713 1972 latinos
738 1909 813 1973 tum
838 1926 980 1994 graecos
1004 1926 1077 1988 seu,
1104 1910 1145 1971 ιιι
1172 1902 1352 1995 loquitur,
1378 1924 1545 1993 graecum

368 2008 566 2079 Pandeoten
600 2033 667 2079 non
691 2012 788 2080 modo
812 2011 1023 2100 colligebat,
1050 2011 1109 2080 sed
1133 2017 1196 2097 ut,
1233 2034 1318 2104 quos
1341 2033 1405 2081 suo
1428 2034 1543 2082 mona·

367 2116 474 2185 sterio
498 2116 701 2188 Vivariensi
725 2118 956 2212 relinquebat,
975 2126 1090 2187 essent
1104 2118 1389 2205 emendatissimi,
1402 2140 1543 2211 operam

367 2224 554 2294 sollicitam
577 2226 683 2295 dabat
720 2227 858 2296 collatis
892 2226 1068 2296 codicibus
1091 2232 1166 2294 tum
1189 2226 1314 2295 latinis
1336 2234 1411 2297 tum
1443 2250 1543 2317 grae·

367 2332 417 2400 ois
442 2332 505 2419 (2).
531 2331 606 2400 Iam
630 2356 711 2402 vero
735 2333 961 2402 Cassiodorus
984 2354 1124 2402 versum
1145 2337 1329 2425 utrumque
1353 2334 1408 2400 7·-
1434 2336 1539 2404 ess·

366 2438 510 2509 adducit
524 2439 561 2508 iu
576 2440 649 2509 suis
664 2439 966 2531 Complexionibus
990 2439 1191 2526 (adllaffei
1206 2446 1284 2530 post
1299 2440 1435 2509 Histor.
1447 2440 1542 2511 theo-

436 2637 479 2715 (1)
497 2641 573 2706 Quae
592 2643 747 2696 (iriesbaeh
765 2640 795 2693 in
818 2639 1022 2694 dissertatione
1047 2639 1203 2706 composita
1221 2638 1257 2692 ad
1277 2639 1351 2693 huno
1370 2639 1538 2709 Scripturas

366 2736 475 2785 textum
496 2733 626 2785 omnibus
649 2731 740 2784 modis
768 2728 974 2783 eliminandum
997 2728 1123 2795 protulit
1143 2725 1178 2781 ad
1203 2727 1387 2782 evincendam
1412 2730 1539 2799 interpo-

365 2822 501 2875 lationem
521 2822 606 2876 huius
627 2824 681 2877 loci
701 2822 855 2889 Eucherii,
876 2835 927 2873 nec
945 2820 1092 2886 probabile
1113 2820 1203 2872 multo
1223 2821 1317 2872 minus
1344 2826 1452 2875 certum
1472 2820 1538 2875 red-

364 2912 455 2979 dunt,
476 2912 550 2979 quod
569 2913 630 2979 ipse
649 2912 806 2966 contendit.
829 2911 931 2965 iliram
953 2925 1019 2963 vero
1038 2908 1151 2977 aliquid
1177 2909 1282 2963 accidit
1300 2909 1409 2962 homini
1429 2924 1557 2964 ornnem.

366 3016 415 3068 pro
435 3002 615 3066 genuinitate
627 3007 724 3055 tentus
735 3001 934 3055 auctoritatem
948 2999 1098 3053 amovendi
1108 2998 1302 3067 cupidissimo.
1317 3000 1475 3066 Postquam
1493 3016 1539 3053 ne·

364 3092 446 3155 gavit
454 3092 620 3145 citationem
632 3091 776 3155 Eucherii,
789 3107 852 3144 mox
860 3091 983 3143 interius
994 3096 1060 3157 post
1069 3102 1174 3157 praucaa
1184 3090 1304 3156 paginas
1314 3090 1489 3159 persuadere
1499 3106 1539 3145 eo

365 3184 459 3247 natur,
472 3181 670 3235 cassiodorum
689 3182 854 3235 citationem
875 3180 1000 3234 eiusdem
1020 3180 1091 3233 dicti
1111 3179 1301 3247 desumpsisse
1320 3194 1354 3232 ex
1374 3180 1537 3233 Eucherio!

433 3268 476 3343 (2)
491 3292 503 3316 ι
513 3271 637 3323 Primum
650 3273 758 3323 tirones
768 3269 879 3324 Christi
892 3270 1090 3323 auctoritatem
1106 3268 1233 3321 divinam
1247 3268 1277 3319 in
1288 3267 1433 3321 codicibus
1445 3284 1539 3323 smen-

362 3358 439 3413 datls
458 3334 520 3425 iigi
534 3360 739 3414 exercitatione
753 3358 961 3415 meditentur...
973 3375 1008 3411 ne
1022 3358 1098 3411 vitta
1111 3358 1291 3411 librariorum
1306 3357 1450 3425 impolitis
1462 3373 1538 3412 msu-

362 3450 441 3504 tibus
460 3450 652 3504 inolescant»,
676 3450 841 3515 ·.ouamvis
863 3452 954 3503 omnis
974 3448 1123 3523 Scriptura
1143 3448 1245 3501 divina
1268 3461 1392 3513 superna
1411 3446 1476 3503 lues
1495 3462 1538 3503 rs·

363 3541 547 3608 splendeat...
567 3541 597 3594 in
617 3542 758 3595 Psalterio
784 3546 878 3595 tamen
903 3546 932 3593 et
955 3538 1107 3607 Prophetis
1133 3543 1164 3591 et
1189 3538 1315 3605 epistolis
1339 3540 1539 3603 Apostolorum

361 3629 489 3683 studium
507 3632 659 3689 maximum
678 3631 785 3685 laboris
805 3629 965 3697 impendi...
986 3644 1057 3696 quos
1086 3645 1136 3695 ego
1161 3632 1277 3682 cunctos
1300 3641 1401 3679 novem
1424 3626 1538 3682 codices

362 3723 544 3775 auctoritatis
563 3722 689 3787 divinae,
711 3725 744 3774 ιιι
763 3733 849 3779 senex
868 3720 968 3787 potui,
989 3722 1039 3771 aab
1058 3719 1216 3771 scitatione
1235 3718 1391 3783 priscorum
1407 3718 1538 3771 codicum

361 3810 459 3866 amicis
480 3817 546 3864 aute
566 3827 609 3864 me
629 3812 791 3877 legentibus
811 3808 911 3863 sedula
930 3809 1052 3863 lectione
1066 3809 1193 3863 transivi
1206 3830 1218 3857 e
1233 3806 1393 3861 Cossiodor.
1405 3808 1536 3863 Praeiat.

361 3899 396 3953 ad
415 3899 511 3953 instit.
531 3899 591 3953 div.
611 3900 672 3953 litt.
693 3900 858 3965 aQuoniam
878 3901 964 3953 Pater
989 3899 1170 3965 Augustinus
1187 3898 1296 3973 (Doctr.
1314 3898 1416 3953 christ.
1434 3900 1476 3953 11.
1489 3898 1536 3971 15)

361 3994 516 4043 commonet
533 3990 576 4043 ita
595 3990 702 4043 dicens:
726 3990 814 4041 latini
833 3988 942 4044 codices
962 3989 992 4042 id
1012 3994 1057 4041 est
1076 3988 1185 4042 veteris
1206 3988 1331 4056 novique
1343 3989 1535 4057 Testamenti,

361 4079 387 4131 ai
406 4094 518 4133 neeesse
538 4080 636 4147 luerit,
656 4094 819 4147 graecorum
837 4080 1007 4133 auctoritate
1026 4077 1188 4144 corrigendi
1203 4084 1305 4132 sunt...
1316 4077 1437 4145 ideoque
1450 4078 1535 4133 vobis

360 4170 517 4242 (monachis
536 4168 769 4239 vivariensibus)
791 4174 821 4224 et
840 4186 970 4236 graecum
988 4170 1148 4224 Pandecten
1175 4170 1282 4238 reliqui
1301 4168 1535 4237 comprehensura

359 4259 390 4312 in
409 4260 494 4313 libris
517 4260 703 4326 septuaginta
721 4260 849 4327 quinque
861 4280 874 4307 n
890 4264 944 4313 etc.
955 4260 995 4313 ib.
1006 4276 1030 4313 c.
1045 4260 1087 4312 14.

413 4347 481 4402 Cum
500 4350 550 4401 al.
563 4350 598 4401 D.
608 4348 786 4403 iliebaeliaio
800 4364 855 4402 uno
873 4365 908 4403 ex
922 4350 1023 4421 prinis
1036 4349 1285 4417 impugnatoribus
1296 4364 1399 4404 versus
1409 4350 1436 4403 7.
1448 4364 1531 4418 quas·

360 4436 481 4491 sivisset
499 4437 644 4493 connatis
663 4438 818 4507 defensor,
840 4438 914 4494 unde
939 4441 1002 4509 ipae
1027 4440 1136 4505 sciret,
1160 4440 1261 4495 Patres
1282 4440 1391 4496 latinos
1418 4455 1533 4495 versun
