3172 4950
888 126 926 139 ..
947 94 987 155 70
1008 125 1046 139 ..

380 199 504 290 scripti
519 223 708 291 progressu
725 199 852 292 ubique
867 199 995 291 repetit
1010 205 1046 268 et
1060 198 1217 268 inculcat
1233 198 1295 285 (cf.
1316 195 1361 265 ol.
1379 196 1419 289 P.
1438 196 1553 266 Patri·

379 305 424 374 tii
439 327 527 395 opus
544 306 884 397 praestantissimum
900 305 937 374 in
957 305 1157 395 Evangelia
1168 304 1193 374 l.
1208 304 1238 373 I.
1250 305 1322 373 c.4.
1336 327 1374 372 n.
1388 303 1435 374 46
1447 307 1551 395 sqq.).

381 413 418 481 S.
436 414 603 483 Irenaeus
618 415 710 484 hunc
725 437 864 505 scopum
887 414 1029 483 Ioannis
1045 412 1249 483 distinctius
1272 412 1417 503 exponit
1439 412 1466 479 l.
1484 409 1553 479 III.

381 546 411 593 c.
435 522 489 593 11.
508 524 686 593 Haeretici
710 523 856 608 scilicet,
883 523 968 592 falsi
990 524 1139 593 nominis
1163 524 1329 593 scientiae
1352 525 1555 592 inventores

380 631 428 718 (1.
444 632 533 701 Tim.
549 632 612 702 VI.
629 633 673 700 20
686 634 733 702 cf.
748 632 878 701 Coloss.
895 633 959 718 H),
985 653 1007 699 a
1030 633 1157 724 quibus
1173 631 1421 701 Gnosticorum
1440 636 1554 700 sactae

378 747 594 831 propagatae
617 749 713 826 snnt,
732 740 959 810 multitudine
975 741 1121 810 inducta
1139 739 1296 810 Aeonum
1314 740 1373 827 (ad
1388 759 1555 830 praesens

380 848 470 940 qnod
487 850 638 935 adtinet)
654 849 764 917 alium
780 849 946 934 Verbum,
963 848 1071 917 alium
1088 847 1280 934 Christum,
1298 846 1409 915 alium
1428 846 1553 916 Salva·

379 963 489 1026 torem
511 958 745 1049 appellabant,
764 957 873 1026 alium
888 958 1005 1026 lesum
1026 955 1213 1042 visibilem,
1232 979 1333 1048 quem
1355 955 1472 1046 aliqui
1486 977 1554 1024 mc·

378 1064 650 1135 rum'hominem
673 1065 738 1134 alii
761 1088 803 1135 ne
826 1064 997 1134 hominem
1021 1065 1157 1158 quidem
1190 1088 1233 1133 ex
1263 1062 1377 1133 Maria
1400 1062 1553 1152 Virgine

380 1195 460 1242 vere
483 1174 640 1263 genitum
657 1174 901 1243 admittebant.
919 1172 1044 1243 Omnes
1061 1197 1144 1244 vero
1160 1172 1407 1263 conspirabant
1422 1192 1553 1260 negan-

379 1279 445 1365 do,
471 1281 586 1349 Iesum
609 1281 723 1371 ipsum
746 1303 821 1351 esse
844 1280 976 1350 Filium
999 1282 1076 1366 Dei,
1103 1289 1166 1352 aut
1188 1304 1262 1350 esse
1285 1280 1479 1366 Christum;
1494 1278 1553 1347 sed

379 1388 443 1457 alii
465 1389 571 1459 aliter
594 1390 745 1458 Aeonem
768 1389 948 1460 Christum
971 1396 1035 1460 aut
1058 1390 1278 1460 Salvatcrem
1307 1389 1345 1457 in
1382 1386 1553 1479 baptismo

379 1498 492 1588 specie
515 1496 692 1567 columbae
716 1499 753 1566 in
776 1499 891 1567 lesum
915 1499 1132 1569 descendisse
1154 1506 1191 1569 et
1211 1506 1363 1588 tempore
1379 1495 1551 1588 passionis

379 1625 419 1673 ac
442 1607 566 1674 mortis
588 1604 716 1676 iterum
740 1606 777 1673 in
802 1607 948 1677 coeleste
979 1607 1132 1697 pleroma
1154 1605 1314 1675 avolasse
1337 1603 1551 1673 fabulaban-

379 1716 452 1779 tur.
482 1712 610 1781 «Hanc
631 1713 733 1781 fidem
764 1715 978 1784 annuntians
1008 1715 1155 1784 Ioannes
1185 1713 1325 1782 Domini
1355 1711 1550 1802 discipulus

381 1818 501 1888 volens
525 1843 587 1909 per
610 1819 800 1910 Evangelii
827 1822 1130 1891 annuntiationem
1154 1822 1295 1890 auferre
1319 1843 1420 1904 eum,
1449 1819 1510 1912 qui
1531 1839 1551 1886 a

378 1922 543 1995 Cerintho
556 1928 786 1997 inseminatus
802 1934 879 1997 erat
894 1928 1092 1998 hominibus
1107 1951 1257 1998 errorem
1274 1935 1310 1998 et
1325 1925 1437 1996 multo
1452 1926 1549 2016 priua

379 2035 422 2102 ab
445 2034 502 2103 his
525 2037 586 2127 qui
609 2037 776 2106 dicuntur
798 2036 1006 2122 Nicolaitae,
1032 2038 1093 2130 qui
1116 2044 1200 2106 sunt
1221 2035 1339 2105 vulsic
1362 2035 1441 2103 eius
1465 2054 1548 2126 quae

380 2142 469 2212 falso
494 2145 758 2234 cognominatur
781 2146 951 2231 scientia,
977 2152 1019 2215 ut
1041 2145 1270 2218 confunderet
1285 2167 1342 2213 eos
1365 2150 1402 2213 et
1425 2142 1545 2211 suade·

378 2258 455 2338 ret,
481 2253 642 2344 quoniam
659 2278 751 2324 unus
765 2255 861 2325 Deus
878 2255 938 2348 qui
954 2255 1041 2325 fecit
1055 2255 1170 2323 omnia
1185 2278 1246 2345 per
1261 2253 1415 2323 Verbum
1432 2274 1544 2339 suum;

377 2367 414 2430 et
435 2382 503 2428 non
527 2362 811 2454 quemadmodum
833 2363 891 2432 illi
914 2362 1049 2448 dicunt,
1068 2361 1218 2432 alterum
1234 2361 1372 2454 quidem
1397 2359 1542 2429 fabrica·

376 2475 487 2539 torem
512 2462 730 2562 (δῑμιουργεν),
754 2471 863 2539 alium
887 2478 1003 2540 autem
1026 2470 1164 2539 Patrem
1193 2468 1355 2554 Domini,
1382 2474 1418 2538 et
1440 2469 1546 2537 alium

378 2578 516 2669 quidem
539 2579 764 2648 fabricatoris
796 2578 932 2663 filium,
959 2579 1109 2649 alterum
1140 2602 1222 2648 vero
1246 2579 1287 2648 de
1312 2577 1547 2667 superioribus

376 2686 568 2771 Christum,
596 2709 695 2778 quem
719 2694 754 2757 et
777 2686 1027 2778 impassibilem
1055 2707 1317 2778 perseverasse,
1344 2684 1547 2754 descenden-

314 2803 317 2809 ’
377 2800 448 2863 tem
472 2793 649 2864 inlesum
679 2793 791 2863 filium
816 2795 1061 2880 fabricatoris,
1088 2801 1124 2865 et
1153 2795 1282 2864 iterum
1314 2793 1491 2863 revolasse
1513 2791 1548 2859 in

375 2923 476 2970 suum
498 2899 693 2991 pleroma...
719 2901 843 2969 Omnia
865 2902 980 2992 igitur
1003 2902 1093 2971 talia
1116 2901 1237 2972 volens
1260 2899 1546 2970 circumscribere

376 3007 572 3098 discipulus
595 3007 777 3077 Domini...
808 3009 989 3079 inchoavit
1021 3010 1058 3079 in
1088 3033 1129 3080 ea
1160 3031 1248 3102 quae
1276 3016 1330 3079 est
1360 3007 1548 3078 secundum

376 3115 610 3206 Evangelium
634 3117 812 3186 doctrina:
838 3118 880 3185 ln
904 3119 1074 3210 principio
1097 3123 1174 3187 erat
1196 3119 1348 3188 Verbum
1371 3123 1470 3186 etc...
1490 3116 1547 3185 Se·

377 3224 528 3294 cundum
550 3229 668 3294 antem
693 3224 774 3293 illos
797 3247 906 3316 neque
930 3226 1082 3295 Verbum
1106 3246 1187 3295 caro
1204 3227 1418 3309 factumest,
1438 3245 1547 3315 neque

377 3330 564 3418 Christus,
589 3356 699 3426 neque
722 3332 784 3424 qui
807 3355 849 3401 ex
874 3333 1032 3401 omnibus
1056 3336 1171 3403 lactus
1203 3340 1256 3402 est
1279 3332 1424 3420 (collata
1447 3330 1548 3401 velut

376 3441 467 3531 stipe
490 3442 534 3509 ab
556 3441 714 3509 omnihus
737 3439 929 3527 Aeonibus)
954 3439 1131 3510 Salvator.
1156 3439 1297 3510 Etenim
1328 3439 1481 3509 Verbum
1513 3443 1548 3506 et

358 3547 554 3619 ,Christum
577 3571 639 3617 nec
662 3549 845 3620 advenisse
867 3548 905 3616 in
928 3547 1022 3618 huno
1051 3549 1217 3618 mundum
1242 3547 1389 3632 volunt,
1424 3546 1546 3615 Salva·

375 3663 484 3726 torem
508 3678 591 3726 vero
614 3679 682 3726 non
705 3657 926 3728 incarnatum
949 3679 1059 3750 neque
1082 3679 1235 3747 passum,
1254 3655 1471 3726 descendisse
1486 3675 1547 3724 au·

373 3771 443 3834 tem
460 3764 560 3856 quasi
583 3765 774 3860 columbam
790 3766 828 3835 in
843 3789 921 3835 enm
944 3766 1059 3836 Iesum
1083 3766 1144 3857 qui
1167 3767 1285 3836 factus
1308 3772 1400 3835 esset
1418 3787 1461 3834 ex
1476 3763 1546 3833 dis-

374 3871 568 3963 positione,
600 3878 637 3941 ct
666 3897 743 3942 cum
775 3873 1020 3942 annuntiasset
1052 3873 1271 3963 incognitum
1294 3872 1457 3958 Patrem,
1483 3871 1547 3940 ite·

374 4005 451 4049 rum
475 3981 671 4051 ascendisse
695 3981 731 4050 in
754 3982 955 4053 Pleroma...
981 3980 1058 4050 Alii
1087 4004 1229 4051 rursum
1259 3981 1375 4051 Iesum
1407 3977 1547 4072 quidem

374 4114 416 4159 ex
439 4090 565 4182 Ioseph
588 4095 624 4158 et
645 4089 759 4158 Maria
781 4098 903 4160 natum
926 4091 1066 4176 dicunt,
1092 4097 1129 4160 et
1151 4091 1189 4159 in
1212 4089 1305 4159 hunc
1329 4087 1547 4159 descendisse

373 4197 552 4270 Christum
576 4198 636 4291 qui
660 4198 702 4269 de
727 4199 965 4291 superioribus
988 4199 1055 4285 sit,
1081 4199 1157 4270 sine
1180 4220 1284 4270 carne
1299 4204 1336 4269 et
1350 4195 1546 4289 impassibi-
