3172 4950
698 371 736 384 -
757 337 816 398 571
839 370 877 383 -

199 444 340 513 taudem
363 444 498 532 gloriae
521 444 722 513 reducimur
745 443 784 511 in
806 443 917 512 Deum
940 447 983 512 nt
1006 442 1171 511 ultimum
1195 441 1312 525 finem,
1337 446 1374 510 et

200 574 282 621 vere
305 551 446 619 unimur
465 552 536 619 Deo
559 551 622 619 uni
645 557 681 620 et
702 550 797 619 trino
821 555 863 619 ut
885 549 1047 618 fruendo.
1076 548 1149 616 cIu
1165 548 1263 617 exitu
1279 567 1373 616 crea·

199 665 364 727 turarum
388 680 409 725 a
431 659 543 749 primo
565 659 737 749 principio
760 657 958 727 attenditur
987 657 1156 749 quaedam
1188 654 1374 726 circulatio

199 767 257 836 vel
282 767 481 856 regitano,
506 790 546 835 eo
570 768 661 858 quod
686 767 800 835 omnia
823 770 1052 837 revertuntur
1086 765 1180 834 sicut
1209 765 1248 833 in
1271 764 1375 832 finem

200 874 238 942 in
256 875 306 959 id,
327 896 348 941 a
371 898 438 966 quo
462 875 557 943 sicut
578 896 600 941 a
622 873 796 964 principio
820 872 1070 964 prodierunt...
1090 872 1286 942 Secundum
1310 871 1376 940 hoc

200 1000 287 1066 ergo
309 977 483 1067 processio
506 977 708 1046 divinarum
731 997 957 1066 personarum
990 976 1029 1041 ic
1058 989 1232 1043 crectcacs
1262 979 1377 1064 potest

199 1084 416 1154 considerari
440 1085 640 1176 dupliciter:
666 1085 790 1154 autin
814 1090 981 1175 quantum
1004 1090 1060 1153 est
1074 1083 1167 1152 ratio
1191 1081 1340 1151 exeundi
1353 1102 1376 1147 a
1454 1136 1457 1143 .

198 1192 397 1282 principio,
423 1199 459 1261 et
481 1192 532 1261 sio
555 1193 641 1261 talis
664 1191 837 1283 processio
861 1191 925 1278 (in
949 1195 1155 1276 creaturas)
1178 1189 1376 1260 attenditur

202 1298 393 1368 secundum
417 1299 508 1395 dona
529 1297 721 1383 naturalia,
747 1299 784 1366 in
808 1297 935 1390 quibus
958 1297 1242 1382 subsistimus...;
1262 1300 1377 1385 potest

200 1405 309 1474 etiam
338 1404 477 1473 attendi
500 1404 689 1494 (processio
712 1405 750 1473 in
773 1407 981 1491 creaturas),
1007 1403 1045 1472 in
1069 1408 1308 1494 quantumeet
1321 1423 1377 1470 ra-

202 1513 254 1582 tio
278 1511 446 1580 redeundi
470 1512 507 1580 in
530 1513 654 1598 finem,
679 1520 716 1582 et
738 1518 792 1581 est
815 1510 994 1578 secundum
1022 1511 1091 1578 illa
1122 1511 1212 1578 dona
1244 1524 1378 1578 tantum

203 1645 293 1711 quae
310 1621 470 1709 proxime
492 1623 704 1710 coniunctast
726 1645 787 1686 aco
803 1622 873 1710 fiai
895 1619 1018 1686 ultimo
1043 1620 1174 1686 scilicet
1190 1619 1272 1701 Deo,
1290 1642 1378 1708 pace

204 1742 284 1792 sunt
306 1729 428 1816 pratia
443 1741 582 1816 pratum
601 1729 741 1814 faciens
764 1741 796 1792 et
817 1726 977 1816 picria...
1003 1724 1144 1794 Etenim
1169 1726 1207 1791 in
1226 1726 1376 1814 partici-

199 1815 404 1923 pationibus
428 1833 568 1901 divinae
591 1835 758 1901 bonitatis
782 1858 848 1900 noa
872 1848 920 1899 est
953 1832 1153 1900 immediata
1183 1835 1376 1901 coniunctio

203 1941 251 2008 ad
274 1942 381 2008 Deam
398 1965 463 2031 per
481 1945 612 2030 primos
635 1941 771 2028 effectam
786 1943 911 2032 quibas
928 1944 965 2006 in
989 1966 1056 2008 esse
1073 1956 1250 2009 creaturae
1271 1941 1377 2008 schei-

204 2051 327 2116 stimus
341 2098 351 2131 ,
375 2049 433 2114 sed
451 2073 515 2138 per
544 2050 682 2116 ultimos
712 2051 836 2141 picibus
859 2051 929 2139 fini
960 2049 1179 2117 adliceremus
1191 2075 1205 2131 ,·
1236 2054 1272 2117 et
1302 2049 1378 2117 ideo

205 2156 425 2225 concedimus
449 2156 622 2247 Spiritum
646 2156 814 2225 Sanctum
826 2179 893 2225 nou
907 2157 985 2225 dari
1002 2156 1072 2226 nisi
1085 2156 1274 2226 secundnm
1291 2141 1381 2224 dona

207 2269 351 2352 gratum
375 2262 586 2332 facientia...
604 2262 662 2331 Ad
686 2263 858 2332 dationem
883 2262 1043 2352 Spiritus
1067 2262 1190 2330 Sancti
1216 2284 1285 2329 non
1308 2262 1379 2330 suf·

207 2370 287 2439 ficit
313 2371 404 2460 quod
419 2370 468 2439 sit
483 2393 573 2439 nova
596 2370 734 2455 relatio,
761 2369 1023 2461 qualiscumque
1046 2375 1112 2453 est,
1139 2367 1378 2437 creaturaead

206 2472 339 2562 Deum3
366 2475 426 2543 sed
450 2490 581 2564 oportet
605 2474 696 2566 qaod
717 2476 895 2562 referatur
916 2476 954 2539 in
987 2477 1098 2563 ipsum
1124 2477 1214 2540 sicut
1245 2473 1291 2539 ad
1319 2475 1379 2540 lta-

208 2584 338 2664 bitum‚
363 2585 449 2671 quia
477 2580 569 2672 paod
596 2580 700 2647 datur
725 2582 858 2663 alicui,
887 2582 1030 2647 labetur
1063 2581 1184 2671 aliquo
1215 2577 1379 2646 modoad

206 2690 286 2756 illc.
301 2689 453 2757 Persona
476 2703 588 2754 aulem
617 2689 738 2756 divina
761 2714 828 2754 aon
855 2703 968 2778 potest
991 2690 1110 2755 dadai
1138 2712 1160 2753 a
1190 2688 1287 2754 achis
1310 2688 1383 2754 aiei

206 2797 262 2864 cel
285 2795 332 2861 ad
345 2796 504 2883 fractam
523 2792 717 2884 perfectam
731 2844 741 2877 ,
767 2811 799 2861 et
830 2798 879 2861 sic
906 2795 1049 2861 iradetur
1069 2819 1133 2883 per
1153 2793 1276 2860 donum
1305 2795 1381 2884 plc-

204 2905 297 2984 riae;
321 2915 383 2967 aut
405 2901 583 2968 secundum
602 2903 760 2988 fructum
778 2902 1028 2991 imperfectum,
1047 2904 1143 2968 etsie
1164 2902 1307 2968 habetur
1317 2924 1383 2991 per

205 3010 332 3076 docum
358 3012 497 3099 praticae
520 3026 659 3098 pratum
673 3011 873 3098 facientis»
890 3011 926 3078 S.
943 3009 1010 3077 Th.
1026 3009 1059 3078 1.
1074 3010 1108 3078 (1.
1128 3008 1234 3099 l4eq.
1247 3009 1281 3076 2.
1297 3030 1330 3076 a.
1345 3008 1379 3076 2.

206 3117 317 3184 Porro
344 3117 429 3185 haec
457 3116 626 3205 possessio
653 3124 689 3185 et
705 3116 832 3186 fruitio
854 3116 921 3185 Dei
937 3116 1057 3185 ultimi
1080 3117 1162 3185 finis
1179 3122 1234 3185 est
1247 3138 1310 3206 per
1322 3114 1381 3181 ha·

206 3223 321 3292 bitum
346 3222 452 3292 simul
475 3229 511 3291 et
533 3229 663 3310 actum,
683 3224 740 3295 vel
760 3225 886 3294 saltem
911 3247 973 3314 per
989 3222 1147 3292 habitum
1175 3224 1383 3314 copaieionis

208 3346 243 3398 et
266 3334 393 3397 amoris
416 3331 643 3417 (coniunctim
668 3333 790 3423 utique
811 3356 880 3400 uon
905 3331 1048 3402 divisim
1065 3355 1127 3422 per
1151 3332 1384 3421 cognitionem

208 3444 350 3508 tantum
378 3459 466 3529 quae
493 3461 561 3506 non
586 3439 715 3507 sufficit
742 3439 787 3507 ad
815 3439 1024 3533 fruendum,
1057 3462 1120 3509 nec
1151 3440 1281 3508 amoris
1306 3445 1385 3507 tan·

208 3552 285 3615 tum
309 3545 371 3637 qui
387 3546 566 3614 seiunctus
589 3567 611 3613 a
626 3546 824 3636 cognitione
841 3565 915 3615 esse
931 3570 1000 3614 nou
1016 3551 1159 3636 potest).
1174 3546 1274 3615 Unde
1293 3575 1309 3609 c
1328 3568 1384 3613 su·

208 3675 276 3744 pra
297 3676 512 3722 communem
536 3653 696 3739 modum,
723 3676 789 3745 quo
812 3654 907 3722 Deus
930 3653 1045 3722 estin
1073 3652 1233 3720 omnibus
1255 3653 1382 3736 rebus,

208 3766 265 3831 est
288 3784 380 3830 unus
406 3761 569 3852 specialis
590 3762 651 3852 qui
679 3762 843 3832 convenit
867 3767 1017 3830 naturae
1041 3760 1232 3844 rationali,
1262 3760 1386 3850 inqua

207 3870 306 3938 Deus
333 3868 465 3938 dicitur
491 3892 566 3938 esse
597 3869 695 3938 sicut
715 3869 894 3958 cognitum
915 3868 953 3935 in
977 3872 1204 3956 cognoscente
1227 3872 1265 3936 et
1293 3886 1386 3935 ama·

208 3984 286 4046 tum
313 3976 351 4043 in
381 3981 547 4062 amante;
573 3981 609 4044 et
638 3975 722 4066 quia
745 3973 980 4063 cognoscendo
1006 3979 1044 4042 et
1062 3972 1208 4041 amando
1224 3979 1387 4044 creatura

208 4083 398 4153 rationalis
428 4104 494 4151 sua
520 4082 720 4173 operatione
743 4081 893 4170 attingit
915 4080 960 4149 ad
983 4079 1098 4171 ipsum
1124 4080 1248 4165 Deum,
1266 4102 1387 4151 secun-

209 4192 293 4260 dnm
320 4189 427 4259 istum
451 4189 636 4280 specialem
652 4189 789 4257 modum
805 4189 901 4258 Deus
923 4211 991 4257 non
1015 4187 1127 4256 solum
1157 4187 1290 4257 dicitur
1306 4208 1388 4267 ,esse

212 4299 251 4368 in
283 4303 448 4367 creatura
470 4296 643 4367 rationali
673 4296 734 4366 sed
766 4296 873 4366 etiam
905 4297 1063 4363 latitare
1088 4294 1126 4362 in
1155 4316 1197 4363 ea
1226 4295 1321 4363 sicut
1350 4294 1389 4363 in

210 4407 342 4498 templo
368 4428 462 4476 auor
488 4405 534 4477 S.'
546 4405 613 4476 Th.
634 4405 668 4475 1.
683 4430 717 4497 q.
734 4405 836 4476 4a.a.
852 4404 885 4474 3.
904 4405 1035 4475 Verum
1059 4410 1101 4474 ut
1123 4403 1188 4474 hoc
1200 4402 1270 4472 rite
1286 4400 1389 4472 intel·
