3172 4950
708 325 745 338 -
770 296 826 355 144
848 326 885 340 -

210 395 361 467 dicatur:
386 397 480 468 Deus
503 405 599 468 areat
621 421 682 490 per
705 400 937 492 semetipsum.
967 399 1065 483 Quae
1088 396 1230 490 quidem
1252 404 1309 468 est
1331 421 1389 469 aa·

211 503 286 575 dem
310 505 459 575 unitatis
488 507 598 577 trium
628 509 838 600 explicatio,
873 530 977 601 qnam
1011 507 1215 577 audivimus
1237 508 1283 576 ab
1304 507 1386 578 aliis

210 610 375 683 Patribus
398 613 612 701 docentibus,
638 616 785 687 alteram
809 639 989 707 personam
1012 639 1091 686 cum
1125 615 1244 688 ultera
1266 637 1381 687 secun

210 720 291 791 dnm
303 720 469 791 deitatem
484 746 551 791 non
568 723 683 793 minus
699 747 773 794 asae
797 747 903 793 nuum
928 745 1030 816 quam
1047 747 1160 794 secum
1177 723 1271 814 ipsa.
1293 751 1312 787 a
1327 722 1379 793 Se-

212 831 361 903 anndnm
395 831 694 923 magnitudinem,
720 834 773 902 ait
795 832 984 918 Iraaneus,
1009 854 1077 901 non
1101 837 1156 900 est
1177 853 1378 921 cognoscere

211 940 332 1025 Deum,
358 938 570 1030 impossibile
586 947 639 1010 est
654 940 745 1009 enim
761 940 957 1010 mensurari
980 943 1139 1010 Patrem.
1154 991 1162 1008 .
1178 990 1186 1007 .
1214 939 1378 1022 Quoniam

210 1055 265 1119 cat
288 1055 409 1118 tantus
431 1048 536 1132 Daue,
562 1055 599 1117 et
620 1049 694 1138 ipse
717 1055 782 1133 est,
795 1049 855 1140 qni
874 1052 1174 1139 persemetipsum
1197 1047 1380 1117 constituit

211 1163 248 1226 et
269 1155 425 1246 elegitet
447 1154 635 1224 adornavit
658 1162 694 1225 et
716 1157 870 1226 continet
886 1157 1012 1242 omnia,
1031 1157 1068 1225 in
1084 1155 1246 1225 omnibus
1269 1161 1378 1225 auten

210 1270 247 1336 et
268 1263 360 1333 hune
383 1263 546 1332 mnndum
559 1315 566 1332 .
580 1314 587 1331 .
603 1316 610 1331 .
628 1263 705 1333 Non
729 1286 811 1354 ergo
833 1265 952 1354 angeli
975 1266 1136 1334 fecerunt
1151 1286 1229 1348 nos,
1247 1286 1313 1333 nso
1326 1284 1379 1332 an·

211 1372 283 1467 geli
304 1376 495 1463 potueruut
517 1370 704 1461 imaginem
729 1373 841 1441 iacere
864 1372 942 1457 Dei,
961 1395 1024 1441 nec
1039 1371 1132 1440 alius
1148 1371 1230 1465 quis
1245 1378 1379 1462 praeter

214 1481 352 1549 Verbum
375 1480 541 1559 Domini,
565 1501 628 1548 nec
651 1480 777 1549 Virtus
800 1479 904 1569 longe
934 1480 1108 1549 absistens
1132 1502 1154 1548 a
1175 1481 1287 1549 Patre
1309 1476 1378 1548 uui·

212 1609 401 1659 versorum,
427 1586 499 1656 Nee
521 1585 613 1655 enim
635 1586 817 1676 indigebat
838 1586 962 1655 horum
984 1587 1080 1656 Deus
1102 1587 1147 1655 ad
1170 1586 1377 1670 faciendum,

211 1716 298 1789 qnae
313 1693 387 1783 ipsa
410 1693 502 1782 apud
525 1715 561 1761 se
584 1692 809 1782 praefinierat
824 1692 912 1779 fieri,
931 1693 1032 1785 quasi
1047 1694 1121 1784 ipse
1144 1717 1226 1760 snos
1240 1719 1311 1761 non
1327 1695 1379 1760 tu·

212 1804 301 1870 beret
330 1823 460 1867 monae.
486 1799 598 1868 Adest
619 1801 711 1868 enim
734 1799 767 1867 ei
791 1822 925 1890 semper
949 1801 1091 1869 Verbum
1114 1816 1147 1869 et
1169 1801 1378 1889 Sapientia,

212 1909 328 1977 Filius
351 1922 382 1974 et
406 1908 579 1997 Spiritus,
604 1930 665 1998 per
688 1929 773 1999 qnos
796 1908 892 1976 etin
914 1908 1043 1999 quibua
1066 1909 1181 1976 omnia
1215 1906 1328 1978 libere
1347 1911 1381 1978 et

212 2021 333 2107 sponte
358 2013 454 2097 iecit,
472 2014 517 2083 ad
533 2035 618 2105 quos
633 2019 670 2082 et
687 2013 843 2105 loquitur
865 2013 996 2083 dicens:
1015 2016 1188 2085 iaciamus
1211 2015 1380 2085 hominem

210 2121 254 2192 ad
279 2120 464 2211 imaginem
488 2126 524 2189 et
551 2121 818 2193 similitudinem
853 2129 1031 2208 nostram,
1064 2124 1138 2214 ipse
1162 2145 1183 2190 a
1206 2125 1380 2212 semetipso

210 2227 441 2299 substantiam
478 2233 716 2297 creaturarum
741 2236 831 2318 (sua
853 2230 1104 2321 omnipotentia
1135 2230 1326 2316 creando),
1348 2233 1382 2297 et

209 2335 403 2425 exemplum
439 2336 612 2404 factorum
635 2342 670 2404 et
693 2336 844 2426 figuram
877 2339 914 2406 in
938 2339 1065 2407 mundo
1101 2344 1381 2409 ornamentorum

209 2441 320 2531 (ideas
341 2440 567 2533 archetypas)
590 2443 826 2533 accipiens...
851 2444 900 2514 Et
922 2445 1088 2536 qnoniam
1111 2443 1267 2513 Verbum
1291 2445 1381 2513 idest

209 2550 325 2619 Filius
347 2572 481 2640 semper
503 2573 580 2619 aum
603 2551 708 2619 Patre
731 2558 820 2635 erat,
838 2575 899 2642 per
914 2552 1027 2620 multa
1049 2552 1378 2621 demonstravimus.

209 2658 380 2741 Quoniam
403 2665 519 2727 autem
542 2664 578 2727 et
600 2657 793 2748 Sapientia,
819 2681 906 2750 quae
929 2665 984 2729 est
1006 2659 1173 2750 Spiritus,
1198 2665 1281 2729 erat
1291 2659 1381 2749 apud

208 2788 285 2835 aum
307 2772 390 2834 ante
412 2787 543 2833 omnem
567 2765 860 2852 constitutionem,
886 2790 948 2858 per
971 2767 1189 2836 Salomonem
1205 2768 1272 2837 uit:
1290 2769 1382 2838 Deus

210 2873 391 2966 Sapientia
416 2873 581 2942 fundavit
603 2880 752 2943 terram.
767 2925 797 2943 ..
816 2875 916 2943 Unus
931 2874 1048 2965 igitur
1063 2875 1169 2960 Deus,
1189 2874 1251 2967 qui
1268 2876 1382 2946 Verbo

209 2988 244 3051 et
267 2980 446 3071 Sapientia
471 2980 555 3049 iecit
577 2986 613 3048 et
635 2984 774 3072 aptavit
791 2983 917 3068 omnim
935 2982 994 3051 hio
1016 2989 1071 3051 est
1092 2990 1210 3053 autem
1233 2984 1382 3052 demiur-

209 3112 276 3179 gus
298 3115 314 3147 n
340 3087 726 3158 Ireu.l.1V.c.20.n.
746 3089 825 3159 1-4.
854 3090 992 3160 «Solus
1022 3113 1114 3159 unus
1147 3092 1244 3160 Deua
1275 3090 1381 3160 fabri·

209 3202 306 3267 oatou
319 3247 326 3263 .
341 3247 372 3264 ..
398 3195 457 3265 hio
479 3196 596 3279 Pater,
622 3198 680 3267 hic
703 3199 809 3282 Deus,
834 3198 892 3269 hic
915 3198 1083 3283 conditor,
1102 3199 1161 3269 hic
1178 3201 1308 3285 factor,
1325 3198 1382 3268 hic

210 3301 413 3385 fabricator,
438 3303 500 3394 qui
523 3303 603 3371 lacit
626 3325 677 3372 ea·
683 3328 749 3394 per
771 3308 996 3394 semetipsum,
1022 3307 1082 3372 boc
1097 3322 1145 3373 eat
1160 3331 1226 3396 per
1240 3307 1383 3373 Verbum

209 3423 241 3476 ee
263 3433 324 3499 per
346 3412 561 3499 Sapientiam
584 3435 678 3476 suum
696 3439 712 3474 u
739 3421 806 3482 etc.
824 3412 916 3481 LII.
932 3435 961 3481 c.
977 3413 1131 3481 ao.n.9.

275 3517 521 3607 Athenagoras
555 3517 644 3608 ipsis
666 3519 862 3610 gentilibus
886 3543 976 3589 mec.
996 3520 1046 3588 Π.
1072 3521 1109 3589 in
1133 3542 1198 3588 sua
1220 3520 1384 3612 apologie

208 3648 269 3696 scu
292 3625 465 3715 legatione
488 3648 552 3716 pro
574 3624 788 3695 Christianis
804 3650 872 3694 non
889 3627 996 3696 aliurn
1012 3630 1170 3718 proiecto
1185 3628 1382 3698 doctrinam

208 3734 249 3803 de
266 3757 334 3802 uno
349 3733 421 3802 Deo
435 3733 553 3816 Patre,
571 3733 677 3817 Filio,
697 3735 836 3824 Spiritu
852 3735 981 3804 Sancto
995 3737 1151 3827 exponit,
1172 3759 1278 3828 qnam
1294 3761 1381 3806 eom-

209 3864 345 3911 munam
367 3841 614 3932 professionem
636 3842 930 3912 Christianorum.
955 3844 1133 3935 Imprimis
1161 3846 1382 3935 argumentis

208 3947 459 4041 philosophicis
481 3954 517 4017 at
533 3947 641 4017 etiam
665 3948 950 4039 philosophorum
973 3951 1187 4020 confessione
1211 3951 1380 4034 ostendit,

207 4056 317 4127 Deum
340 4081 409 4125 non
431 4078 531 4147 posse
553 4078 628 4125 esse
641 4055 712 4124 nisi
735 4079 844 4125 uuum
859 4057 1050 4148 simplicem
1066 4058 1233 4149 spiritum
1251 4061 1383 4152 absque

208 4164 283 4234 ulla
306 4165 562 4256 compositione,
587 4171 623 4233 et
647 4164 767 4233 mundi
791 4171 993 4235 creatorem.
1018 4167 1121 4235 Hunc
1145 4189 1255 4236 unum
1270 4167 1382 4237 Deum

207 4273 331 4343 docent
352 4272 439 4341 libri
464 4272 726 4363 prophetarum:
755 4294 855 4363 sego
878 4296 955 4340 sum
976 4273 1073 4341 Deus
1106 4275 1243 4364 primus
1264 4280 1301 4343 et
1323 4296 1381 4342 no·

206 4380 384 4466 sissimus,
408 4388 444 4451 et
466 4386 607 4473 pruetm·
628 4402 681 4450 me
703 4402 772 4451 non
793 4387 848 4450 est
864 4381 988 4451 Deus»
1007 4381 1122 4471 Iaegut
1135 4405 1173 4449 u.
1187 4382 1267 4451 7-9.
1291 4382 1379 4452 'l'un
