3172 4950
867 225 905 238 -
929 191 986 251 118
1008 225 1046 246 .-

438 308 549 391 ecam
572 304 667 371 certo
684 296 879 367 Concilium
896 320 957 387 per
975 297 1067 366 illud
1085 324 1102 359 ι
1118 320 1160 363 sc
1177 296 1374 363 substantio
1391 295 1542 363 Patris»

376 410 526 481 voltur-it
537 429 736 499 expressam
748 411 910 473 naturam
923 426 990 472 non
1003 404 1101 473 modo
1118 405 1155 472 in
1172 404 1291 489 Patre,
1308 403 1369 473 sed
1385 410 1545 471 naturam

370 518 512 589 eandem
536 521 576 584 ut
599 511 916 583 communicandam
939 511 976 578 in
1000 510 1106 581 Patre
1129 518 1165 580 et
1193 511 1483 581 communicatam
1512 509 1546 576 in

375 628 475 709 Filio,
491 629 588 715 patet
603 623 710 692 etiam
722 644 764 690 ex
777 621 890 689 altera
905 621 1151 707 declaratione,
1170 621 1231 690 ubi
1247 621 1474 706 damnantur,
1489 620 1546 711 qui

371 738 504 819 dierunt,
522 731 655 801 Filium
670 753 744 801 esse
764 753 836 798 aex
852 729 924 797 alia
939 730 1139 800 substantia
1152 729 1208 800 vel
1224 729 1377 799 essentia
1391 756 1423 799 n.
1441 729 1545 799 Nemo

373 844 582 915 Asianorum
605 861 768 930 umquam
795 838 906 922 dixit,
932 837 1064 906 Filium
1088 861 1161 908 esse
1184 836 1323 906 exalia
1346 837 1545 906 substantia

372 950 425 1023 sel
449 947 601 1019 essentia
624 952 665 1015 ut
688 969 730 1014 ex
754 946 925 1036 principio
948 945 1159 1036 producente
1183 967 1287 1036 quam
1302 967 1324 1013 a
1339 945 1462 1031 Patre,
1480 945 1544 1014 imo

372 1060 406 1129 iu
430 1056 494 1125 boc
524 1056 786 1125 constituebant
816 1055 1003 1124 discrimen
1033 1055 1121 1123 Filii
1144 1077 1170 1130 a,
1193 1054 1321 1126 ceteris
1356 1052 1542 1137 creaturis,

370 1163 459 1261 estod
475 1163 549 1253 ipse
565 1162 613 1230 sit
629 1163 825 1231 immediate
840 1184 862 1228 a
878 1162 982 1233 Patre
998 1163 1189 1252 productus
1211 1162 1423 1252 operatione,
1444 1181 1544 1253 qnam

369 1270 595 1363 appellabant
606 1269 876 1358 generationem,
892 1276 1073 1338 creaturae
1085 1269 1176 1337 aliae
1189 1268 1263 1337 sint
1276 1270 1392 1338 factae
1404 1290 1429 1335 a
1439 1267 1542 1337 Filio.

369 1380 420 1453 At
442 1401 525 1449 vero
549 1377 632 1469 quia
654 1377 770 1445 Filius
793 1384 847 1446 est
868 1400 890 1444 a
913 1378 1017 1447 Patre
1040 1383 1082 1446 ut
1103 1397 1245 1446 acausa
1268 1376 1452 1463 efficiente,
1471 1375 1545 1444 ideo

370 1487 512 1561 aiebant
535 1485 637 1553 illum
659 1508 736 1553 esee
754 1514 770 1549 ι
788 1486 919 1553 exalia
937 1485 1135 1555 substantie
1159 1508 1220 1555 seu
1235 1486 1388 1554 essentia
1400 1514 1433 1571 n,
1460 1490 1547 1555 tama

370 1618 471 1691 quam
495 1593 668 1684 principio
687 1594 839 1681 formali
856 1595 1101 1679 constituente,
1122 1594 1158 1661 h.
1173 1617 1203 1663 e.
1224 1593 1351 1663 habere
1371 1593 1480 1662 aliam
1496 1616 1544 1660 es·

369 1702 516 1775 sentiam
536 1724 606 1769 non
628 1706 743 1769 autem
768 1703 953 1770 essentiam
976 1702 1106 1771 Patris.
1123 1702 1240 1785 Quare
1262 1702 1299 1770 in
1322 1702 1543 1770 damnatione

370 1809 475 1881 liuius
498 1809 653 1879 haeresis
685 1809 778 1877 sicut
809 1809 899 1880 illud
925 1840 941 1874 ι
963 1835 1003 1878 err
1027 1810 1222 1878 substantio
1247 1812 1399 1879 Patris»
1427 1809 1542 1877 imme·

369 1917 463 1989 eliste
480 1915 645 2005 designat
662 1922 825 1984 naturam
848 1924 890 1986 ut
911 1924 965 1986 est
987 1919 1025 1986 in
1048 1918 1165 2003 Patre,
1183 1923 1220 1986 et
1236 1918 1464 2007 adsignificat
1485 1937 1542 1984 na-

368 2034 483 2095 turam
515 2026 656 2094 eandem
680 2031 721 2095 ιιι
747 2031 800 2094 est
823 2026 861 2095 in
883 2027 975 2095 Filio
999 2027 1140 2116 genit03
1171 2028 1223 2096 ita
1250 2026 1426 2114 alterum,
1455 2025 1543 2117 quod

372 2132 484 2203 Filius
501 2160 517 2195 ι
534 2136 671 2201 nonest
696 2156 737 2198 ex
758 2133 833 2198 alia
858 2133 1053 2200 substantia
1069 2133 1121 2201 cel
1137 2137 1326 2219 essentias,
1347 2133 1543 2202 immediate

368 2240 561 2331 significat,
578 2246 741 2317 naturam
764 2240 883 2309 Patris
902 2263 1006 2309 unam
1029 2242 1239 2331 eandemque
1262 2263 1335 2313 esse
1351 2241 1460 2312 etiam
1484 2263 1540 2308 na-

368 2358 485 2418 turam
503 2348 590 2417 Filii
606 2355 782 2439 tamquam
805 2350 1018 2441 principium
1040 2351 1197 2419 formale.
1216 2350 1366 2420 Proinde
1381 2350 1450 2419 hac
1467 2372 1541 2419 con·

368 2455 586 2527 damnatione
601 2455 779 2542 definitur,
801 2479 869 2525 non
884 2457 991 2524 aliam
1009 2458 1068 2527 sed
1083 2458 1204 2527 Patris
1217 2458 1454 2528 substantiam
1468 2481 1541 2528 esse

369 2565 405 2634 iu
431 2564 524 2633 Filio
548 2564 611 2651 (1),
639 2571 675 2634 et
689 2572 873 2656 propterea
887 2566 1019 2634 Filium
1042 2589 1116 2636 esse
1140 2589 1182 2634 ex
1205 2566 1407 2635 substantia
1423 2566 1541 2635 Patris

368 2679 409 2741 ιιι
424 2672 591 2763 principii
606 2674 818 2762 generantis.
836 2704 852 2737 ι
863 2674 910 2741 Ει
925 2696 966 2742 ex
983 2674 1182 2743 substantia
1199 2675 1317 2743 Patris
1332 2681 1397 2759 est,
1417 2675 1540 2765 etipse

373 2780 485 2851 Filius
508 2783 707 2851 substantia
729 2788 783 2852 est
798 2783 914 2851 Filius
928 2808 959 2870 ιη
982 2784 1165 2852 «Verbum
1189 2806 1232 2853 ex
1255 2782 1455 2853 substantia
1476 2784 1541 2851 Dei

370 2889 518 2977 (Patris)
542 2897 612 2977 est,
639 2916 700 2961 nee
733 2893 846 2982 ipsum
870 2899 924 2961 est
953 2893 1113 2962 diversae
1144 2898 1320 2962 naturae»
1344 2886 1540 2985 (separer

373 3000 474 3068 anisi
496 3001 586 3068 forte
609 3001 710 3091 impii
733 3002 886 3071 audeant
908 3001 1036 3069 iterum
1068 3001 1298 3086 contendere,
1328 3001 1437 3070 aliam
1468 3024 1540 3070 esse

370 3109 602 3179 substantiam
617 3108 716 3195 Filii,
734 3117 769 3178 et
787 3109 973 3178 aliudesse
993 3109 1110 3178 lumen
1127 3109 1218 3201 quod
1232 3115 1286 3178 est
1309 3132 1352 3179 ex
1375 3110 1482 3179 Patre
1504 3111 1539 3179 in

373 3208 474 3294 Filio,
501 3217 542 3280 ut
563 3212 679 3280 lumen
696 3212 833 3303 quidem
857 3211 894 3279 in
918 3211 1011 3279 Filio
1027 3212 1209 3282 sit'nnum
1233 3234 1309 3281 cum
1329 3212 1451 3298 Patre,
1468 3212 1540 3304 ipse

371 3340 453 3389 vero
469 3320 654 3390 secundum
671 3319 903 3389 substantiam
919 3320 968 3388 sit
982 3320 1119 3390 alienus
1135 3328 1256 3411 utpote
1272 3326 1460 3409 creatura3
1482 3322 1539 3391 scd

371 3424 428 3494 hio
450 3433 505 3495 est
526 3428 710 3497 manifesto
733 3425 886 3515 Caiphae
901 3433 937 3496 et
952 3426 1169 3497 Samosateni
1193 3450 1326 3514 sensus,
1353 3451 1455 3520 quem
1477 3428 1538 3498 Ec·

368 3532 475 3602 clesia
498 3533 711 3604 damnavit»
735 3534 870 3603 Athen.
884 3533 910 3602 l.
926 3556 956 3603 o.
970 3559 1007 3604 n.
1027 3535 1083 3605 22.
1102 3535 1159 3605 23.
1178 3536 1233 3605 24.

440 3698 482 3772 (1)
499 3700 651 3755 Nicaenam
664 3699 808 3768 Synodnm
822 3702 853 3754 in
864 3702 916 3756 hoc
929 3703 1168 3756 anathematismo
1177 3701 1222 3776 (ἐξ
1233 3701 1323 3775 ἕτεροις
1338 3702 1535 3766 eructasse&

368 3792 461 3853 ιἰυσιιις
482 3808 635 3861 conseras
656 3792 744 3847 ἐιιαι...
769 3812 879 3855 ιιιιιυς
899 3792 1093 3866 &subsecundat
1114 3793 1131 3851 si
1150 3791 1281 3850 sabatrae
1302 3812 1346 3846 και
1369 3794 1536 3851 incensent

370 3880 511 3953 ἱκιληιια)
530 3901 580 3952 pro
600 3883 695 3938 eodem
714 3884 849 3937 babuisse
869 3886 961 3938 ὁυσιαν
982 3888 1011 3936 et
1031 3883 1191 3951 ὁποσιασιι,
1207 3898 1319 3938 assumo
1332 3885 1416 3940 velut
1434 3888 1536 3938 cartu·

368 3970 441 4043 (rid.
455 3973 556 4027 Peter.
569 3977 589 4028 l.
602 3976 652 4027 IV.
668 3974 721 4027 cl.
734 3990 762 4025 n.
775 3974 791 4024 b
806 3990 881 4041 sqq.:
897 3974 932 4026 cl.
948 3975 1086 4028 Newnran
1107 3974 1209 4030 disert.
1224 3974 1275 4030 IV.
1289 3972 1335 4032 ed,
1352 3973 1459 4027 Romae
1471 3974 1536 4027 leet

369 4066 398 4115 st
417 4064 490 4118 altos
509 4067 550 4119 ibt
571 4063 697 4135 citatos).
724 4065 753 4117 S.
766 4065 907 4118 Basiliam
926 4082 968 4132 sp.
984 4066 1046 4117 125.
1061 4081 1090 4117 n.
1107 4067 1132 4118 1.
1147 4064 1345 4133 respondendo
1364 4063 1536 4120 Sabellianis

369 4168 423 4207 uon
444 4156 516 4209 satis
536 4156 675 4210 commode
695 4154 847 4210 discrimen
867 4155 1030 4209 defendisse
1048 4157 1127 4210 inter
1146 4155 1216 4210 duas
1235 4156 1287 4211 bas
1305 4172 1387 4212 seces
1406 4155 1536 4219 (loneilii,

369 4242 477 4299 latetur
495 4246 582 4300 ettam
602 4247 678 4299 alter
696 4261 757 4299 enm
776 4246 926 4300 Garnierlo
945 4243 1040 4299 editor
1064 4248 1185 4314 Operum
1209 4246 1313 4301 Basilii
1332 4249 1468 4303 bleranus
1486 4242 1537 4318 (ad

87 4326 347 4536 ἢ
367 4330 399 4386 r.
417 4334 469 4387 ιιι.
487 4334 610 4389 reseras.
625 4332 649 4399 ς.
667 4330 703 4403 ι).
