<?xml version="1.0" encoding="UTF-8"?>
<!DOCTYPE html PUBLIC "-//W3C//DTD XHTML 1.0 Transitional//EN"
    "http://www.w3.org/TR/xhtml1/DTD/xhtml1-transitional.dtd">
<html xmlns="http://www.w3.org/1999/xhtml" xml:lang="en" lang="en">
 <head>
  <title>
</title>
<meta http-equiv="Content-Type" content="text/html;charset=utf-8" />
  <meta name='ocr-system' content='tesseract 3.04.00' />
  <meta name='ocr-capabilities' content='ocr_page ocr_carea ocr_par ocr_line ocrx_word'/>
</head>
<body>
  <div class='ocr_page' id='page_1' title='image "./tractatusdedeot00frangoog/tractatusdedeot00frangoog_0232.png"; bbox 0 0 3172 4950; ppageno 0'>
   <div class='ocr_carea' id='block_1_1' title="bbox 188 309 1325 2457">
    <p class='ocr_par' dir='ltr' id='par_1_1' title="bbox 643 309 824 371">
     <span class='ocr_line' id='line_1_1' title="bbox 643 309 824 371; baseline 0.006 -16"><span class='ocrx_word' id='word_1_1' title='bbox 643 340 681 355; x_wconf 90' lang='lat'>-</span> <span class='ocrx_word' id='word_1_2' title='bbox 703 309 762 371; x_wconf 77' lang='lat'>221</span> <span class='ocrx_word' id='word_1_3' title='bbox 786 341 824 356; x_wconf 92' lang='lat'><em>-</em></span> 
     </span>
    </p>

    <p class='ocr_par' dir='ltr' id='par_1_2' title="bbox 189 418 1324 2025">
     <span class='ocr_line' id='line_1_2' title="bbox 220 418 1323 511; baseline 0.004 -22"><span class='ocrx_word' id='word_1_4' title='bbox 220 419 391 505; x_wconf 77' lang='lat' dir='ltr'><strong>Quamdiu</strong></span> <span class='ocrx_word' id='word_1_5' title='bbox 421 441 624 511; x_wconf 72' lang='grc' dir='ltr'>σεριχωρησιν</span> <span class='ocrx_word' id='word_1_6' title='bbox 655 419 721 488; x_wconf 92' lang='lat' dir='ltr'>hoc</span> <span class='ocrx_word' id='word_1_7' title='bbox 751 418 863 489; x_wconf 91' lang='lat' dir='ltr'>solum</span> <span class='ocrx_word' id='word_1_8' title='bbox 894 419 994 489; x_wconf 88' lang='lat' dir='ltr'>modo</span> <span class='ocrx_word' id='word_1_9' title='bbox 1021 442 1114 490; x_wconf 88' lang='lat' dir='ltr'>nunc</span> <span class='ocrx_word' id='word_1_10' title='bbox 1145 420 1323 493; x_wconf 81' lang='lat' dir='ltr'>declarato</span> 
     </span>
     <span class='ocr_line' id='line_1_3' title="bbox 191 527 1323 621; baseline 0 -22"><span class='ocrx_word' id='word_1_11' title='bbox 191 530 429 615; x_wconf 66' lang='lat' dir='ltr'>incideremus,</span> <span class='ocrx_word' id='word_1_12' title='bbox 455 535 627 621; x_wconf 85' lang='lat' dir='ltr'>quatenus</span> <span class='ocrx_word' id='word_1_13' title='bbox 650 527 793 618; x_wconf 83' lang='lat' dir='ltr'>propria</span> <span class='ocrx_word' id='word_1_14' title='bbox 821 528 897 597; x_wconf 89' lang='lat' dir='ltr'>eius</span> <span class='ocrx_word' id='word_1_15' title='bbox 920 529 1012 597; x_wconf 82' lang='lat' dir='ltr'>ratio</span> <span class='ocrx_word' id='word_1_16' title='bbox 1035 534 1089 597; x_wconf 89' lang='lat' dir='ltr'>est</span> <span class='ocrx_word' id='word_1_17' title='bbox 1112 530 1231 598; x_wconf 79' lang='lat' dir='ltr'>unitas</span> <span class='ocrx_word' id='word_1_18' title='bbox 1253 552 1323 599; x_wconf 86' lang='lat' dir='ltr'>na-</span> 
     </span>
     <span class='ocr_line' id='line_1_4' title="bbox 191 637 1323 727; baseline -0.001 -17"><span class='ocrx_word' id='word_1_19' title='bbox 191 662 248 711; x_wconf 83' lang='lat' dir='ltr'>:ras</span> <span class='ocrx_word' id='word_1_20' title='bbox 269 639 508 708; x_wconf 84' lang='lat' dir='ltr'>identificatee</span> <span class='ocrx_word' id='word_1_21' title='bbox 523 661 600 707; x_wconf 90' lang='lat' dir='ltr'>cum</span> <span class='ocrx_word' id='word_1_22' title='bbox 623 637 783 705; x_wconf 87' lang='lat' dir='ltr'>omnibus</span> <span class='ocrx_word' id='word_1_23' title='bbox 799 642 835 705; x_wconf 90' lang='lat' dir='ltr'>et</span> <span class='ocrx_word' id='word_1_24' title='bbox 851 637 1003 726; x_wconf 82' lang='lat' dir='ltr'>singulis</span> <span class='ocrx_word' id='word_1_25' title='bbox 1018 638 1187 727; x_wconf 91' lang='lat' dir='ltr'>personis,</span> <span class='ocrx_word' id='word_1_26' title='bbox 1205 638 1323 708; x_wconf 86' lang='lat' dir='ltr'>eodem</span> 
     </span>
     <span class='ocr_line' id='line_1_5' title="bbox 191 744 1322 834; baseline -0.003 -16"><span class='ocrx_word' id='word_1_27' title='bbox 191 770 290 819; x_wconf 84' lang='lat' dir='ltr'>ursus</span> <span class='ocrx_word' id='word_1_28' title='bbox 312 745 412 814; x_wconf 91' lang='lat' dir='ltr'>modo</span> <span class='ocrx_word' id='word_1_29' title='bbox 436 745 540 814; x_wconf 82' lang='lat' dir='ltr'>Pater</span> <span class='ocrx_word' id='word_1_30' title='bbox 564 744 782 834; x_wconf 80' lang='lat' dir='ltr'>intelligitur</span> <span class='ocrx_word' id='word_1_31' title='bbox 805 766 880 814; x_wconf 88' lang='lat' dir='ltr'>esse</span> <span class='ocrx_word' id='word_1_32' title='bbox 904 745 942 813; x_wconf 90' lang='lat' dir='ltr'>in</span> <span class='ocrx_word' id='word_1_33' title='bbox 965 744 1060 813; x_wconf 87' lang='lat' dir='ltr'>Filio</span> <span class='ocrx_word' id='word_1_34' title='bbox 1084 751 1122 814; x_wconf 91' lang='lat' dir='ltr'>et</span> <span class='ocrx_word' id='word_1_35' title='bbox 1143 744 1261 814; x_wconf 86' lang='lat' dir='ltr'>Filius</span> <span class='ocrx_word' id='word_1_36' title='bbox 1284 746 1322 815; x_wconf 90' lang='lat' dir='ltr'>iu</span> 
     </span>
     <span class='ocr_line' id='line_1_6' title="bbox 191 850 1322 944; baseline -0.001 -23"><span class='ocrx_word' id='word_1_37' title='bbox 191 861 276 937; x_wconf 79' lang='lat' dir='ltr'>stre,</span> <span class='ocrx_word' id='word_1_38' title='bbox 301 861 450 944; x_wconf 86' lang='lat' dir='ltr'>uterque</span> <span class='ocrx_word' id='word_1_39' title='bbox 473 853 509 920; x_wconf 94' lang='lat' dir='ltr'>iu</span> <span class='ocrx_word' id='word_1_40' title='bbox 534 851 671 941; x_wconf 85' lang='lat' dir='ltr'>Spiritu</span> <span class='ocrx_word' id='word_1_41' title='bbox 696 851 823 919; x_wconf 84' lang='lat' dir='ltr'>Sancto</span> <span class='ocrx_word' id='word_1_42' title='bbox 854 857 891 920; x_wconf 89' lang='lat' dir='ltr'>et</span> <span class='ocrx_word' id='word_1_43' title='bbox 917 850 1075 942; x_wconf 82' lang='lat' dir='ltr'>Spiritus</span> <span class='ocrx_word' id='word_1_44' title='bbox 1104 851 1255 920; x_wconf 86' lang='lat' dir='ltr'>Sanctus</span> <span class='ocrx_word' id='word_1_45' title='bbox 1283 852 1322 920; x_wconf 93' lang='lat' dir='ltr'>in</span> 
     </span>
     <span class='ocr_line' id='line_1_7' title="bbox 191 958 1322 1054; baseline 0.001 -27"><span class='ocrx_word' id='word_1_46' title='bbox 191 983 311 1054; x_wconf 80' lang='lat' dir='ltr'>reque.</span> <span class='ocrx_word' id='word_1_47' title='bbox 328 959 382 1029; x_wconf 87' lang='lat' dir='ltr'>At</span> <span class='ocrx_word' id='word_1_48' title='bbox 403 983 459 1028; x_wconf 88' lang='lat' dir='ltr'>res</span> <span class='ocrx_word' id='word_1_49' title='bbox 483 959 559 1049; x_wconf 87' lang='lat' dir='ltr'>ipso</span> <span class='ocrx_word' id='word_1_50' title='bbox 582 965 618 1028; x_wconf 89' lang='lat' dir='ltr'>et</span> <span class='ocrx_word' id='word_1_51' title='bbox 640 959 787 1027; x_wconf 85' lang='lat' dir='ltr'>Petrum</span> <span class='ocrx_word' id='word_1_52' title='bbox 810 958 975 1051; x_wconf 80' lang='lat' dir='ltr'>frequens</span> <span class='ocrx_word' id='word_1_53' title='bbox 998 958 1159 1029; x_wconf 87' lang='lat' dir='ltr'>doctrino</span> <span class='ocrx_word' id='word_1_54' title='bbox 1175 982 1238 1028; x_wconf 89' lang='lat' dir='ltr'>nos</span> <span class='ocrx_word' id='word_1_55' title='bbox 1254 982 1322 1028; x_wconf 95' lang='lat' dir='ltr'>mo·</span> 
     </span>
     <span class='ocr_line' id='line_1_8' title="bbox 190 1067 1324 1158; baseline 0.002 -21"><span class='ocrx_word' id='word_1_56' title='bbox 190 1077 221 1155; x_wconf 71' lang='lat' dir='ltr'>et,</span> <span class='ocrx_word' id='word_1_57' title='bbox 246 1067 559 1138; x_wconf 81' lang='lat' dir='ltr'>considerationem</span> <span class='ocrx_word' id='word_1_58' title='bbox 582 1067 672 1137; x_wconf 82' lang='lat' dir='ltr'>hanc</span> <span class='ocrx_word' id='word_1_59' title='bbox 695 1090 764 1135; x_wconf 89' lang='lat' dir='ltr'>non</span> <span class='ocrx_word' id='word_1_60' title='bbox 787 1090 862 1136; x_wconf 86' lang='lat' dir='ltr'>esse</span> <span class='ocrx_word' id='word_1_61' title='bbox 884 1067 1047 1157; x_wconf 86' lang='lat' dir='ltr'>plenam,</span> <span class='ocrx_word' id='word_1_62' title='bbox 1071 1068 1142 1137; x_wconf 90' lang='lat' dir='ltr'>nisi</span> <span class='ocrx_word' id='word_1_63' title='bbox 1157 1090 1324 1158; x_wconf 77' lang='lat' dir='ltr'>personae</span> 
     </span>
     <span class='ocr_line' id='line_1_9' title="bbox 190 1173 1323 1269; baseline -0.002 -24"><span class='ocrx_word' id='word_1_64' title='bbox 190 1200 271 1263; x_wconf 87' lang='lat' dir='ltr'>sae,</span> <span class='ocrx_word' id='word_1_65' title='bbox 296 1197 385 1269; x_wconf 82' lang='lat' dir='ltr'>quae</span> <span class='ocrx_word' id='word_1_66' title='bbox 409 1174 476 1242; x_wconf 91' lang='lat' dir='ltr'>sibi</span> <span class='ocrx_word' id='word_1_67' title='bbox 499 1173 650 1243; x_wconf 86' lang='lat' dir='ltr'>invicem</span> <span class='ocrx_word' id='word_1_68' title='bbox 672 1173 818 1259; x_wconf 89' lang='lat' dir='ltr'>insunt,</span> <span class='ocrx_word' id='word_1_69' title='bbox 845 1174 1033 1244; x_wconf 88' lang='lat' dir='ltr'>secundum</span> <span class='ocrx_word' id='word_1_70' title='bbox 1049 1174 1323 1265; x_wconf 86' lang='lat' dir='ltr'>distinctespro-</span> 
     </span>
     <span class='ocr_line' id='line_1_10' title="bbox 190 1281 1324 1371; baseline -0.003 -18"><span class='ocrx_word' id='word_1_71' title='bbox 190 1286 319 1355; x_wconf 82' lang='lat' dir='ltr'>iststes</span> <span class='ocrx_word' id='word_1_72' title='bbox 341 1287 378 1352; x_wconf 89' lang='lat' dir='ltr'>et</span> <span class='ocrx_word' id='word_1_73' title='bbox 401 1281 556 1371; x_wconf 81' lang='lat' dir='ltr'>origines</span> <span class='ocrx_word' id='word_1_74' title='bbox 579 1287 792 1371; x_wconf 80' lang='lat' dir='ltr'>spectentur.</span> <span class='ocrx_word' id='word_1_75' title='bbox 810 1282 875 1349; x_wconf 78' lang='lat' dir='ltr'>alu</span> <span class='ocrx_word' id='word_1_76' title='bbox 898 1281 1004 1351; x_wconf 80' lang='lat' dir='ltr'>Patre</span> <span class='ocrx_word' id='word_1_77' title='bbox 1020 1289 1056 1351; x_wconf 89' lang='lat' dir='ltr'>et</span> <span class='ocrx_word' id='word_1_78' title='bbox 1070 1282 1164 1351; x_wconf 87' lang='lat' dir='ltr'>Filio</span> <span class='ocrx_word' id='word_1_79' title='bbox 1181 1289 1237 1352; x_wconf 88' lang='lat' dir='ltr'>est</span> <span class='ocrx_word' id='word_1_80' title='bbox 1252 1283 1324 1352; x_wconf 88' lang='lat' dir='ltr'>tria</span> 
     </span>
     <span class='ocr_line' id='line_1_11' title="bbox 190 1388 1320 1480; baseline -0.003 -20"><span class='ocrx_word' id='word_1_81' title='bbox 190 1393 393 1475; x_wconf 67' lang='lat' dir='ltr'>inciderem,</span> <span class='ocrx_word' id='word_1_82' title='bbox 420 1390 556 1459; x_wconf 90' lang='lat' dir='ltr'>scilicet</span> <span class='ocrx_word' id='word_1_83' title='bbox 578 1388 766 1458; x_wconf 84' lang='lat' dir='ltr'>essentiam</span> <span class='ocrx_word' id='word_1_84' title='bbox 789 1396 826 1458; x_wconf 92' lang='lat' dir='ltr'>et</span> <span class='ocrx_word' id='word_1_85' title='bbox 849 1389 1054 1459; x_wconf 80' lang='lat' dir='ltr'>relationem</span> <span class='ocrx_word' id='word_1_86' title='bbox 1078 1396 1114 1459; x_wconf 89' lang='lat' dir='ltr'>et</span> <span class='ocrx_word' id='word_1_87' title='bbox 1138 1391 1320 1480; x_wconf 80' lang='lat' dir='ltr'>originem,</span> 
     </span>
     <span class='ocr_line' id='line_1_12' title="bbox 190 1497 1322 1590; baseline -0.004 -19"><span class='ocrx_word' id='word_1_88' title='bbox 190 1526 195 1571; x_wconf 84' lang='grc'>;</span> <span class='ocrx_word' id='word_1_89' title='bbox 213 1499 396 1571; x_wconf 87' lang='lat' dir='ltr'>secundum</span> <span class='ocrx_word' id='word_1_90' title='bbox 420 1498 600 1590; x_wconf 88' lang='lat' dir='ltr'>quodlibet</span> <span class='ocrx_word' id='word_1_91' title='bbox 622 1497 769 1566; x_wconf 89' lang='lat' dir='ltr'>istorum</span> <span class='ocrx_word' id='word_1_92' title='bbox 784 1497 902 1567; x_wconf 79' lang='lat' dir='ltr'>Filius</span> <span class='ocrx_word' id='word_1_93' title='bbox 914 1505 967 1567; x_wconf 88' lang='lat' dir='ltr'>est</span> <span class='ocrx_word' id='word_1_94' title='bbox 983 1500 1020 1567; x_wconf 91' lang='lat' dir='ltr'>in</span> <span class='ocrx_word' id='word_1_95' title='bbox 1036 1499 1141 1567; x_wconf 81' lang='lat' dir='ltr'>Patre</span> <span class='ocrx_word' id='word_1_96' title='bbox 1159 1505 1228 1567; x_wconf 89' lang='lat' dir='ltr'>etc</span> <span class='ocrx_word' id='word_1_97' title='bbox 1245 1521 1322 1567; x_wconf 89' lang='lat' dir='ltr'>oon·</span> 
     </span>
     <span class='ocr_line' id='line_1_13' title="bbox 189 1605 1323 1699; baseline -0.004 -20"><span class='ocrx_word' id='word_1_98' title='bbox 189 1631 282 1679; x_wconf 80' lang='lat' dir='ltr'>erson</span> <span class='ocrx_word' id='word_1_99' title='bbox 309 1609 346 1677; x_wconf 86' lang='lat' dir='ltr'>S.</span> <span class='ocrx_word' id='word_1_100' title='bbox 367 1608 434 1676; x_wconf 78' lang='lat' dir='ltr'>rh.</span> <span class='ocrx_word' id='word_1_101' title='bbox 453 1606 486 1674; x_wconf 91' lang='lat'>1.</span> <span class='ocrx_word' id='word_1_102' title='bbox 505 1633 539 1699; x_wconf 89' lang='lat' dir='ltr'>q.</span> <span class='ocrx_word' id='word_1_103' title='bbox 552 1606 610 1674; x_wconf 82' lang='lat'>42.</span> <span class='ocrx_word' id='word_1_104' title='bbox 628 1627 662 1673; x_wconf 89' lang='lat' dir='ltr'>a.</span> <span class='ocrx_word' id='word_1_105' title='bbox 681 1607 729 1692; x_wconf 79' lang='lat'>5.;</span> <span class='ocrx_word' id='word_1_106' title='bbox 745 1605 777 1673; x_wconf 92' lang='lat'>1.</span> <span class='ocrx_word' id='word_1_107' title='bbox 798 1605 881 1674; x_wconf 86' lang='lat' dir='ltr'>dist.</span> <span class='ocrx_word' id='word_1_108' title='bbox 901 1605 957 1675; x_wconf 83' lang='lat'>19.</span> <span class='ocrx_word' id='word_1_109' title='bbox 974 1631 1008 1698; x_wconf 90' lang='lat' dir='ltr'>q.</span> <span class='ocrx_word' id='word_1_110' title='bbox 1023 1606 1056 1674; x_wconf 79' lang='lat'>3.</span> <span class='ocrx_word' id='word_1_111' title='bbox 1070 1628 1103 1673; x_wconf 84' lang='lat' dir='ltr'>s.</span> <span class='ocrx_word' id='word_1_112' title='bbox 1119 1606 1152 1673; x_wconf 79' lang='lat'>2.</span> <span class='ocrx_word' id='word_1_113' title='bbox 1168 1605 1227 1674; x_wconf 91' lang='lat' dir='ltr'>Sic</span> <span class='ocrx_word' id='word_1_114' title='bbox 1240 1628 1323 1675; x_wconf 89' lang='lat' dir='ltr'>vero</span> 
     </span>
     <span class='ocr_line' id='line_1_14' title="bbox 189 1713 1323 1810; baseline -0.002 -25"><span class='ocrx_word' id='word_1_115' title='bbox 189 1715 271 1810; x_wconf 87' lang='lat' dir='ltr'>liquo</span> <span class='ocrx_word' id='word_1_116' title='bbox 292 1714 493 1786; x_wconf 80' lang='lat' dir='ltr'>discrimine</span> <span class='ocrx_word' id='word_1_117' title='bbox 508 1743 524 1778; x_wconf 82' lang='lat' dir='ltr'>u</span> <span class='ocrx_word' id='word_1_118' title='bbox 538 1714 654 1783; x_wconf 84' lang='lat' dir='ltr'>Filius</span> <span class='ocrx_word' id='word_1_119' title='bbox 677 1720 731 1782; x_wconf 89' lang='lat' dir='ltr'>est</span> <span class='ocrx_word' id='word_1_120' title='bbox 753 1713 791 1782; x_wconf 93' lang='lat' dir='ltr'>in</span> <span class='ocrx_word' id='word_1_121' title='bbox 813 1714 919 1784; x_wconf 82' lang='lat' dir='ltr'>Putre</span> <span class='ocrx_word' id='word_1_122' title='bbox 942 1715 1037 1784; x_wconf 89' lang='lat' dir='ltr'>sicut</span> <span class='ocrx_word' id='word_1_123' title='bbox 1059 1714 1323 1803; x_wconf 86' lang='lat' dir='ltr'>originotumin</span> 
     </span>
     <span class='ocr_line' id='line_1_15' title="bbox 189 1823 1324 1917; baseline -0.002 -22"><span class='ocrx_word' id='word_1_124' title='bbox 189 1825 363 1917; x_wconf 77' lang='lat' dir='ltr'>riginonte,</span> <span class='ocrx_word' id='word_1_125' title='bbox 380 1832 418 1895; x_wconf 90' lang='lat' dir='ltr'>et</span> <span class='ocrx_word' id='word_1_126' title='bbox 439 1847 457 1893; x_wconf 91' lang='lat' dir='ltr'>e</span> <span class='ocrx_word' id='word_1_127' title='bbox 481 1846 647 1893; x_wconf 87' lang='lat' dir='ltr'>converso</span> <span class='ocrx_word' id='word_1_128' title='bbox 670 1824 775 1893; x_wconf 85' lang='lat' dir='ltr'>Pater</span> <span class='ocrx_word' id='word_1_129' title='bbox 798 1824 836 1893; x_wconf 92' lang='lat' dir='ltr'>in</span> <span class='ocrx_word' id='word_1_130' title='bbox 851 1823 947 1891; x_wconf 87' lang='lat' dir='ltr'>Filio</span> <span class='ocrx_word' id='word_1_131' title='bbox 966 1826 1059 1893; x_wconf 88' lang='lat' dir='ltr'>sicut</span> <span class='ocrx_word' id='word_1_132' title='bbox 1082 1824 1264 1915; x_wconf 81' lang='lat' dir='ltr'>originsns</span> <span class='ocrx_word' id='word_1_133' title='bbox 1286 1824 1324 1893; x_wconf 91' lang='lat' dir='ltr'>in</span> 
     </span>
     <span class='ocr_line' id='line_1_16' title="bbox 189 1931 941 2025; baseline -0.005 -22"><span class='ocrx_word' id='word_1_134' title='bbox 189 1934 330 2025; x_wconf 77' lang='lat' dir='ltr'>rigiusto</span> <span class='ocrx_word' id='word_1_135' title='bbox 344 1961 362 1995; x_wconf 80' lang='lat' dir='ltr'>n</span> <span class='ocrx_word' id='word_1_136' title='bbox 390 1933 427 2001; x_wconf 90' lang='lat' dir='ltr'>S.</span> <span class='ocrx_word' id='word_1_137' title='bbox 442 1932 510 2000; x_wconf 83' lang='lat' dir='ltr'>Th.</span> <span class='ocrx_word' id='word_1_138' title='bbox 523 1932 555 2000; x_wconf 94' lang='lat'>1.</span> <span class='ocrx_word' id='word_1_139' title='bbox 566 1931 650 2000; x_wconf 90' lang='lat' dir='ltr'>dist.</span> <span class='ocrx_word' id='word_1_140' title='bbox 665 1932 691 2001; x_wconf 94' lang='lat' dir='ltr'>l.</span> <span class='ocrx_word' id='word_1_141' title='bbox 708 1956 738 2002; x_wconf 89' lang='lat' dir='ltr'>c.</span> <span class='ocrx_word' id='word_1_142' title='bbox 753 1932 797 2001; x_wconf 83' lang='lat' dir='ltr'>cd</span> <span class='ocrx_word' id='word_1_143' title='bbox 812 1934 844 2002; x_wconf 92' lang='lat'>1.</span> <span class='ocrx_word' id='word_1_144' title='bbox 860 1939 895 2002; x_wconf 91' lang='lat' dir='ltr'>ct</span> <span class='ocrx_word' id='word_1_145' title='bbox 907 1932 941 2000; x_wconf 80' lang='lat'>3.</span> 
     </span>
    </p>

    <p class='ocr_par' dir='ltr' id='par_1_3' title="bbox 188 2041 1325 2457">
     <span class='ocr_line' id='line_1_17' title="bbox 224 2041 1325 2134; baseline 0 -23"><span class='ocrx_word' id='word_1_146' title='bbox 224 2042 342 2134; x_wconf 80' lang='lat' dir='ltr'>Itaque</span> <span class='ocrx_word' id='word_1_147' title='bbox 366 2042 410 2109; x_wconf 77' lang='lat'>2&#39;.</span> <span class='ocrx_word' id='word_1_148' title='bbox 435 2041 541 2110; x_wconf 84' lang='lat' dir='ltr'>etism</span> <span class='ocrx_word' id='word_1_149' title='bbox 564 2047 719 2129; x_wconf 86' lang='lat' dir='ltr'>spectato</span> <span class='ocrx_word' id='word_1_150' title='bbox 742 2041 840 2110; x_wconf 90' lang='lat' dir='ltr'>modo</span> <span class='ocrx_word' id='word_1_151' title='bbox 863 2042 1091 2131; x_wconf 86' lang='lat' dir='ltr'>processionis</span> <span class='ocrx_word' id='word_1_152' title='bbox 1114 2065 1280 2133; x_wconf 80' lang='lat' dir='ltr'>personae</span> <span class='ocrx_word' id='word_1_153' title='bbox 1302 2065 1325 2111; x_wconf 84' lang='lat' dir='ltr'>e</span> 
     </span>
     <span class='ocr_line' id='line_1_18' title="bbox 188 2147 1324 2240; baseline -0.001 -21"><span class='ocrx_word' id='word_1_154' title='bbox 188 2170 301 2219; x_wconf 75' lang='lat' dir='ltr'>ursona</span> <span class='ocrx_word' id='word_1_155' title='bbox 323 2151 361 2218; x_wconf 92' lang='lat' dir='ltr'>in</span> <span class='ocrx_word' id='word_1_156' title='bbox 384 2147 529 2232; x_wconf 86' lang='lat' dir='ltr'>divinis,</span> <span class='ocrx_word' id='word_1_157' title='bbox 554 2169 623 2215; x_wconf 93' lang='lat' dir='ltr'>non</span> <span class='ocrx_word' id='word_1_158' title='bbox 646 2154 761 2238; x_wconf 88' lang='lat' dir='ltr'>potest</span> <span class='ocrx_word' id='word_1_159' title='bbox 783 2171 853 2216; x_wconf 91' lang='lat' dir='ltr'>non</span> <span class='ocrx_word' id='word_1_160' title='bbox 868 2171 943 2218; x_wconf 88' lang='lat' dir='ltr'>esse</span> <span class='ocrx_word' id='word_1_161' title='bbox 958 2156 1081 2219; x_wconf 83' lang='lat' dir='ltr'>mutus</span> <span class='ocrx_word' id='word_1_162' title='bbox 1097 2172 1324 2240; x_wconf 80' lang='lat' dir='ltr'>personarum</span> 
     </span>
     <span class='ocr_line' id='line_1_19' title="bbox 188 2256 1323 2349; baseline 0.008 -28"><span class='ocrx_word' id='word_1_163' title='bbox 188 2277 356 2349; x_wconf 65' lang='lat' dir='ltr'>rppopccrs</span> <span class='ocrx_word' id='word_1_164' title='bbox 377 2278 418 2325; x_wconf 87' lang='lat' dir='ltr'>oc</span> <span class='ocrx_word' id='word_1_165' title='bbox 442 2256 542 2326; x_wconf 88' lang='lat' dir='ltr'>velut</span> <span class='ocrx_word' id='word_1_166' title='bbox 563 2256 753 2325; x_wconf 86' lang='lat' dir='ltr'>immestio.</span> <span class='ocrx_word' id='word_1_167' title='bbox 782 2256 878 2325; x_wconf 72' lang='lat' dir='ltr'>«Est</span> <span class='ocrx_word' id='word_1_168' title='bbox 901 2279 944 2326; x_wconf 83' lang='lat' dir='ltr'>ox</span> <span class='ocrx_word' id='word_1_169' title='bbox 967 2264 1080 2326; x_wconf 85' lang='lat' dir='ltr'>ments</span> <span class='ocrx_word' id='word_1_170' title='bbox 1103 2261 1187 2328; x_wconf 90' lang='lat' dir='ltr'>etin</span> <span class='ocrx_word' id='word_1_171' title='bbox 1210 2268 1323 2330; x_wconf 87' lang='lat' dir='ltr'>mente</span> 
     </span>
     <span class='ocr_line' id='line_1_20' title="bbox 190 2360 1320 2457; baseline 0 -30"><span class='ocrx_word' id='word_1_172' title='bbox 190 2364 220 2439; x_wconf 69' lang='grc' dir='ltr'>ἐς</span> <span class='ocrx_word' id='word_1_173' title='bbox 240 2364 324 2450; x_wconf 73' lang='lat' dir='ltr'>scor)</span> <span class='ocrx_word' id='word_1_174' title='bbox 358 2366 451 2435; x_wconf 87' lang='lat' dir='ltr'>ratio</span> <span class='ocrx_word' id='word_1_175' title='bbox 486 2387 644 2457; x_wconf 87' lang='lat' dir='ltr'>semper,</span> <span class='ocrx_word' id='word_1_176' title='bbox 682 2370 718 2434; x_wconf 89' lang='lat' dir='ltr'>et</span> <span class='ocrx_word' id='word_1_177' title='bbox 755 2388 850 2434; x_wconf 90' lang='lat' dir='ltr'>mens</span> <span class='ocrx_word' id='word_1_178' title='bbox 874 2365 911 2433; x_wconf 90' lang='lat' dir='ltr'>in</span> <span class='ocrx_word' id='word_1_179' title='bbox 946 2367 1082 2436; x_wconf 88' lang='lat' dir='ltr'>ratione</span> <span class='ocrx_word' id='word_1_180' title='bbox 1122 2362 1172 2452; x_wconf 79' lang='grc' dir='ltr'>(ἐν</span> <span class='ocrx_word' id='word_1_181' title='bbox 1202 2364 1280 2455; x_wconf 73' lang='grc' dir='ltr'><strong><em>λιγῳ</em></strong></span> <span class='ocrx_word' id='word_1_182' title='bbox 1294 2360 1320 2456; x_wconf 85' lang='grc'>)</span> 
     </span>
    </p>
   </div>
   <div class='ocr_carea' id='block_1_2' title="bbox 188 2470 1321 2569">
    <p class='ocr_par' dir='ltr' id='par_1_4' title="bbox 188 2470 1321 2569">
     <span class='ocr_line' id='line_1_21' title="bbox 188 2470 1321 2569; baseline 0.004 -29"><span class='ocrx_word' id='word_1_183' title='bbox 188 2470 235 2543; x_wconf 88' lang='lat' dir='ltr'>lut</span> <span class='ocrx_word' id='word_1_184' title='bbox 252 2476 283 2544; x_wconf 88' lang='lat' dir='ltr'>si</span> <span class='ocrx_word' id='word_1_185' title='bbox 305 2476 390 2545; x_wconf 84' lang='lat' dir='ltr'>haec</span> <span class='ocrx_word' id='word_1_186' title='bbox 415 2497 498 2545; x_wconf 84' lang='lat' dir='ltr'>vers</span> <span class='ocrx_word' id='word_1_187' title='bbox 522 2497 595 2545; x_wconf 88' lang='lat' dir='ltr'>esse</span> <span class='ocrx_word' id='word_1_188' title='bbox 618 2476 838 2564; x_wconf 78' lang='lat' dir='ltr'>negaverint,</span> <span class='ocrx_word' id='word_1_189' title='bbox 865 2498 960 2545; x_wconf 90' lang='lat' dir='ltr'>mens</span> <span class='ocrx_word' id='word_1_190' title='bbox 977 2475 1092 2567; x_wconf 82' lang='lat' dir='ltr'>igitur</span> <span class='ocrx_word' id='word_1_191' title='bbox 1107 2477 1177 2545; x_wconf 88' lang='lat' dir='ltr'>erit</span> <span class='ocrx_word' id='word_1_192' title='bbox 1192 2478 1321 2569; x_wconf 80' lang='lat' dir='ltr'>absquo</span> 
     </span>
    </p>
   </div>
   <div class='ocr_carea' id='block_1_3' title="bbox 185 2642 1325 4505">
    <p class='ocr_par' dir='ltr' id='par_1_5' title="bbox 185 2642 1325 4505">
     <span class='ocr_line' id='line_1_22' title="bbox 188 2642 1324 2710; baseline 0.002 -16"><span class='ocrx_word' id='word_1_193' title='bbox 188 2653 222 2694; x_wconf 88' lang='grc' dir='ltr'>ιι</span> <span class='ocrx_word' id='word_1_194' title='bbox 235 2645 363 2710; x_wconf 73' lang='lat' dir='ltr'>snslogia</span> <span class='ocrx_word' id='word_1_195' title='bbox 381 2642 503 2710; x_wconf 85' lang='lat' dir='ltr'>quadem</span> <span class='ocrx_word' id='word_1_196' title='bbox 522 2643 600 2695; x_wconf 85' lang='lat' dir='ltr'>inter</span> <span class='ocrx_word' id='word_1_197' title='bbox 619 2658 648 2695; x_wconf 87' lang='lat' dir='ltr'>re</span> <span class='ocrx_word' id='word_1_198' title='bbox 666 2644 830 2695; x_wconf 84' lang='lat' dir='ltr'>convenire.</span> <span class='ocrx_word' id='word_1_199' title='bbox 851 2644 885 2696; x_wconf 94' lang='lat' dir='ltr'>In</span> <span class='ocrx_word' id='word_1_200' title='bbox 905 2644 1044 2708; x_wconf 82' lang='lat' dir='ltr'>mysterio</span> <span class='ocrx_word' id='word_1_201' title='bbox 1062 2643 1217 2696; x_wconf 72' lang='lat' dir='ltr'>Trinitatis</span> <span class='ocrx_word' id='word_1_202' title='bbox 1231 2657 1324 2710; x_wconf 86' lang='lat' dir='ltr'>perso·</span> 
     </span>
     <span class='ocr_line' id='line_1_23' title="bbox 187 2733 1323 2788; baseline 0.001 -3"><span class='ocrx_word' id='word_1_203' title='bbox 187 2740 370 2788; x_wconf 69' lang='lat' dir='ltr'>consuentes</span> <span class='ocrx_word' id='word_1_204' title='bbox 388 2736 467 2786; x_wconf 88' lang='lat' dir='ltr'>inter</span> <span class='ocrx_word' id='word_1_205' title='bbox 485 2750 515 2786; x_wconf 92' lang='lat' dir='ltr'>se</span> <span class='ocrx_word' id='word_1_206' title='bbox 535 2733 689 2787; x_wconf 85' lang='lat' dir='ltr'>distinctae</span> <span class='ocrx_word' id='word_1_207' title='bbox 717 2734 837 2786; x_wconf 88' lang='lat' dir='ltr'>realiter</span> <span class='ocrx_word' id='word_1_208' title='bbox 857 2733 1073 2788; x_wconf 84' lang='lat' dir='ltr'>identificautur</span> <span class='ocrx_word' id='word_1_209' title='bbox 1100 2749 1162 2786; x_wconf 89' lang='lat' dir='ltr'>cum</span> <span class='ocrx_word' id='word_1_210' title='bbox 1181 2748 1239 2786; x_wconf 89' lang='lat' dir='ltr'>uua</span> <span class='ocrx_word' id='word_1_211' title='bbox 1258 2733 1323 2786; x_wconf 88' lang='lat' dir='ltr'>sim·</span> 
     </span>
     <span class='ocr_line' id='line_1_24' title="bbox 187 2822 1324 2891; baseline 0.001 -14"><span class='ocrx_word' id='word_1_212' title='bbox 187 2822 309 2878; x_wconf 69' lang='lat' dir='ltr'>russina</span> <span class='ocrx_word' id='word_1_213' title='bbox 329 2828 434 2878; x_wconf 86' lang='lat' dir='ltr'>natura</span> <span class='ocrx_word' id='word_1_214' title='bbox 453 2823 562 2889; x_wconf 83' lang='lat' dir='ltr'>divine,</span> <span class='ocrx_word' id='word_1_215' title='bbox 576 2828 605 2876; x_wconf 89' lang='lat' dir='ltr'>et</span> <span class='ocrx_word' id='word_1_216' title='bbox 618 2824 687 2877; x_wconf 87' lang='lat' dir='ltr'>haec</span> <span class='ocrx_word' id='word_1_217' title='bbox 700 2828 745 2877; x_wconf 88' lang='lat' dir='ltr'>est</span> <span class='ocrx_word' id='word_1_218' title='bbox 757 2824 874 2891; x_wconf 88' lang='lat' dir='ltr'>propria</span> <span class='ocrx_word' id='word_1_219' title='bbox 887 2826 965 2877; x_wconf 83' lang='lat' dir='ltr'>ratio</span> <span class='ocrx_word' id='word_1_220' title='bbox 982 2823 1159 2877; x_wconf 82' lang='lat' dir='ltr'>recesserise</span> <span class='ocrx_word' id='word_1_221' title='bbox 1179 2826 1209 2876; x_wconf 94' lang='lat' dir='ltr'>et</span> <span class='ocrx_word' id='word_1_222' title='bbox 1221 2822 1324 2889; x_wconf 80' lang='lat' dir='ltr'>periec-</span> 
     </span>
     <span class='ocr_line' id='line_1_25' title="bbox 187 2910 1323 2980; baseline 0 -13"><span class='ocrx_word' id='word_1_223' title='bbox 187 2910 280 2967; x_wconf 68' lang='lat' dir='ltr'>missa</span> <span class='ocrx_word' id='word_1_224' title='bbox 307 2913 509 2967; x_wconf 86' lang='lat' dir='ltr'>immanentiae</span> <span class='ocrx_word' id='word_1_225' title='bbox 538 2913 763 2980; x_wconf 86' lang='lat' dir='ltr'>uniuscuiusque</span> <span class='ocrx_word' id='word_1_226' title='bbox 792 2929 930 2979; x_wconf 87' lang='lat' dir='ltr'>personae</span> <span class='ocrx_word' id='word_1_227' title='bbox 959 2915 991 2966; x_wconf 90' lang='lat' dir='ltr'>in</span> <span class='ocrx_word' id='word_1_228' title='bbox 1014 2914 1082 2967; x_wconf 80' lang='lat' dir='ltr'>eliis</span> <span class='ocrx_word' id='word_1_229' title='bbox 1102 2918 1132 2966; x_wconf 89' lang='lat' dir='ltr'>et</span> <span class='ocrx_word' id='word_1_230' title='bbox 1150 2912 1273 2966; x_wconf 85' lang='lat' dir='ltr'>aliarum</span> <span class='ocrx_word' id='word_1_231' title='bbox 1291 2914 1323 2967; x_wconf 90' lang='lat' dir='ltr'>in</span> 
     </span>
     <span class='ocr_line' id='line_1_26' title="bbox 187 3004 1323 3075; baseline 0.004 -22"><span class='ocrx_word' id='word_1_232' title='bbox 187 3014 330 3074; x_wconf 75' lang='lat' dir='ltr'>ruqssque.</span> <span class='ocrx_word' id='word_1_233' title='bbox 358 3005 392 3057; x_wconf 92' lang='lat' dir='ltr'>In</span> <span class='ocrx_word' id='word_1_234' title='bbox 412 3004 614 3056; x_wconf 81' lang='lat' dir='ltr'>incarnatione</span> <span class='ocrx_word' id='word_1_235' title='bbox 634 3019 700 3056; x_wconf 85' lang='lat' dir='ltr'>vero</span> <span class='ocrx_word' id='word_1_236' title='bbox 720 3008 839 3057; x_wconf 77' lang='lat' dir='ltr'>naturae</span> <span class='ocrx_word' id='word_1_237' title='bbox 863 3007 896 3057; x_wconf 88' lang='lat' dir='ltr'>ut</span> <span class='ocrx_word' id='word_1_238' title='bbox 914 3005 1030 3057; x_wconf 77' lang='lat' dir='ltr'>termini</span> <span class='ocrx_word' id='word_1_239' title='bbox 1054 3025 1100 3066; x_wconf 80' lang='grc' dir='ltr'>της</span> <span class='ocrx_word' id='word_1_240' title='bbox 1126 3025 1323 3075; x_wconf 70' lang='grc' dir='ltr'>κιριχωρησιως</span> 
     </span>
     <span class='ocr_line' id='line_1_27' title="bbox 187 3092 1323 3161; baseline 0.003 -18"><span class='ocrx_word' id='word_1_241' title='bbox 187 3102 219 3145; x_wconf 79' lang='lat' dir='ltr'>tor</span> <span class='ocrx_word' id='word_1_242' title='bbox 233 3097 316 3147; x_wconf 85' lang='lat' dir='ltr'>solnm</span> <span class='ocrx_word' id='word_1_243' title='bbox 336 3098 405 3147; x_wconf 85' lang='lat' dir='ltr'>sont</span> <span class='ocrx_word' id='word_1_244' title='bbox 424 3094 579 3147; x_wconf 75' lang='lat' dir='ltr'>distinctae</span> <span class='ocrx_word' id='word_1_245' title='bbox 599 3093 648 3146; x_wconf 91' lang='lat' dir='ltr'>sed</span> <span class='ocrx_word' id='word_1_246' title='bbox 667 3093 781 3146; x_wconf 82' lang='lat' dir='ltr'>induite</span> <span class='ocrx_word' id='word_1_247' title='bbox 794 3094 935 3159; x_wconf 87' lang='lat' dir='ltr'>diversae,</span> <span class='ocrx_word' id='word_1_248' title='bbox 952 3098 1089 3161; x_wconf 88' lang='lat' dir='ltr'>quantum</span> <span class='ocrx_word' id='word_1_249' title='bbox 1103 3095 1256 3148; x_wconf 77' lang='lat' dir='ltr'>humanum</span> <span class='ocrx_word' id='word_1_250' title='bbox 1270 3092 1323 3147; x_wconf 87' lang='lat' dir='ltr'>dii·</span> 
     </span>
     <span class='ocr_line' id='line_1_28' title="bbox 187 3174 1324 3251; baseline 0.001 -16"><span class='ocrx_word' id='word_1_251' title='bbox 187 3174 248 3237; x_wconf 77' lang='lat' dir='ltr'>&#39;trts</span> <span class='ocrx_word' id='word_1_252' title='bbox 262 3185 373 3251; x_wconf 79' lang='lat' dir='ltr'>divino,</span> <span class='ocrx_word' id='word_1_253' title='bbox 393 3200 444 3237; x_wconf 90' lang='lat' dir='ltr'>nec</span> <span class='ocrx_word' id='word_1_254' title='bbox 461 3183 579 3251; x_wconf 81' lang='lat' dir='ltr'>proinde</span> <span class='ocrx_word' id='word_1_255' title='bbox 599 3189 721 3251; x_wconf 88' lang='lat' dir='ltr'>utraque</span> <span class='ocrx_word' id='word_1_256' title='bbox 739 3184 786 3237; x_wconf 89' lang='lat' dir='ltr'>sed</span> <span class='ocrx_word' id='word_1_257' title='bbox 807 3186 869 3237; x_wconf 89' lang='lat' dir='ltr'>sola</span> <span class='ocrx_word' id='word_1_258' title='bbox 887 3184 989 3237; x_wconf 82' lang='lat' dir='ltr'>divine</span> <span class='ocrx_word' id='word_1_259' title='bbox 1008 3188 1112 3237; x_wconf 83' lang='lat' dir='ltr'>nutura</span> <span class='ocrx_word' id='word_1_260' title='bbox 1130 3184 1324 3238; x_wconf 80' lang='lat' dir='ltr'>identificatur</span> 
     </span>
     <span class='ocr_line' id='line_1_29' title="bbox 187 3274 1325 3345; baseline -0.002 -18"><span class='ocrx_word' id='word_1_261' title='bbox 187 3276 382 3344; x_wconf 74' lang='lat' dir='ltr'>muypostssi</span> <span class='ocrx_word' id='word_1_262' title='bbox 402 3289 473 3342; x_wconf 88' lang='lat' dir='ltr'>quse</span> <span class='ocrx_word' id='word_1_263' title='bbox 492 3281 538 3327; x_wconf 88' lang='lat' dir='ltr'>est</span> <span class='ocrx_word' id='word_1_264' title='bbox 556 3276 701 3327; x_wconf 84' lang='lat' dir='ltr'>vinculum</span> <span class='ocrx_word' id='word_1_265' title='bbox 721 3295 769 3333; x_wconf 72' lang='lat' dir='ltr'>ess</span> <span class='ocrx_word' id='word_1_266' title='bbox 788 3296 997 3345; x_wconf 70' lang='grc' dir='ltr'>κιριχωρησεως.</span> <span class='ocrx_word' id='word_1_267' title='bbox 1018 3276 1149 3328; x_wconf 88' lang='lat' dir='ltr'>Humana</span> <span class='ocrx_word' id='word_1_268' title='bbox 1171 3279 1276 3327; x_wconf 90' lang='lat' dir='ltr'>natura</span> <span class='ocrx_word' id='word_1_269' title='bbox 1291 3274 1325 3327; x_wconf 85' lang='lat' dir='ltr'>itt</span> 
     </span>
     <span class='ocr_line' id='line_1_30' title="bbox 187 3362 1323 3432; baseline 0.002 -17"><span class='ocrx_word' id='word_1_270' title='bbox 187 3362 267 3427; x_wconf 68' lang='lat' dir='ltr'>suun</span> <span class='ocrx_word' id='word_1_271' title='bbox 283 3366 473 3420; x_wconf 79' lang='lat' dir='ltr'>incitsbiliter</span> <span class='ocrx_word' id='word_1_272' title='bbox 491 3365 529 3415; x_wconf 83' lang='lat' dir='ltr'>cd</span> <span class='ocrx_word' id='word_1_273' title='bbox 548 3365 658 3415; x_wconf 81' lang='lat' dir='ltr'>modum</span> <span class='ocrx_word' id='word_1_274' title='bbox 680 3364 774 3432; x_wconf 87' lang='lat' dir='ltr'>partis</span> <span class='ocrx_word' id='word_1_275' title='bbox 793 3365 910 3431; x_wconf 82' lang='lat' dir='ltr'>proprie</span> <span class='ocrx_word' id='word_1_276' title='bbox 931 3366 999 3418; x_wconf 87' lang='lat' dir='ltr'>huic</span> <span class='ocrx_word' id='word_1_277' title='bbox 1020 3366 1173 3432; x_wconf 72' lang='lat' dir='ltr'>hypostasi</span> <span class='ocrx_word' id='word_1_278' title='bbox 1195 3363 1323 3429; x_wconf 86' lang='lat' dir='ltr'>divinae,</span> 
     </span>
     <span class='ocr_line' id='line_1_31' title="bbox 186 3452 1325 3519; baseline 0.003 -14"><span class='ocrx_word' id='word_1_279' title='bbox 186 3452 324 3509; x_wconf 78' lang='lat' dir='ltr'>ttlerbum</span> <span class='ocrx_word' id='word_1_280' title='bbox 353 3469 420 3507; x_wconf 80' lang='lat' dir='ltr'>rere</span> <span class='ocrx_word' id='word_1_281' title='bbox 446 3454 486 3507; x_wconf 91' lang='lat' dir='ltr'>eit</span> <span class='ocrx_word' id='word_1_282' title='bbox 505 3454 596 3519; x_wconf 82' lang='lat' dir='ltr'>homo,</span> <span class='ocrx_word' id='word_1_283' title='bbox 611 3459 641 3507; x_wconf 87' lang='lat' dir='ltr'>et</span> <span class='ocrx_word' id='word_1_284' title='bbox 653 3454 700 3507; x_wconf 88' lang='lat' dir='ltr'>hic</span> <span class='ocrx_word' id='word_1_285' title='bbox 719 3455 801 3507; x_wconf 91' lang='lat' dir='ltr'>homo</span> <span class='ocrx_word' id='word_1_286' title='bbox 820 3469 886 3506; x_wconf 80' lang='lat' dir='ltr'>rere</span> <span class='ocrx_word' id='word_1_287' title='bbox 907 3454 947 3506; x_wconf 87' lang='lat' dir='ltr'>sit</span> <span class='ocrx_word' id='word_1_288' title='bbox 966 3455 1041 3506; x_wconf 88' lang='lat' dir='ltr'>Deus</span> <span class='ocrx_word' id='word_1_289' title='bbox 1061 3455 1203 3519; x_wconf 67' lang='lat' dir='ltr'>Verbum</span> <span class='ocrx_word' id='word_1_290' title='bbox 1225 3456 1256 3506; x_wconf 86' lang='lat' dir='ltr'>st</span> <span class='ocrx_word' id='word_1_291' title='bbox 1274 3469 1325 3508; x_wconf 83' lang='lat' dir='ltr'>nec</span> 
     </span>
     <span class='ocr_line' id='line_1_32' title="bbox 186 3536 1323 3610; baseline -0.002 -13"><span class='ocrx_word' id='word_1_292' title='bbox 186 3536 274 3598; x_wconf 77' lang='lat' dir='ltr'>lutum</span> <span class='ocrx_word' id='word_1_293' title='bbox 292 3549 338 3599; x_wconf 90' lang='lat' dir='ltr'>est</span> <span class='ocrx_word' id='word_1_294' title='bbox 352 3544 472 3599; x_wconf 76' lang='lat' dir='ltr'>realiter</span> <span class='ocrx_word' id='word_1_295' title='bbox 484 3544 607 3596; x_wconf 89' lang='lat' dir='ltr'>humana</span> <span class='ocrx_word' id='word_1_296' title='bbox 620 3547 735 3609; x_wconf 88' lang='lat' dir='ltr'>natura,</span> <span class='ocrx_word' id='word_1_297' title='bbox 751 3558 802 3596; x_wconf 88' lang='lat' dir='ltr'>uec</span> <span class='ocrx_word' id='word_1_298' title='bbox 815 3543 934 3610; x_wconf 83' lang='lat' dir='ltr'>proinde</span> <span class='ocrx_word' id='word_1_299' title='bbox 947 3543 1071 3596; x_wconf 87' lang='lat' dir='ltr'>humens</span> <span class='ocrx_word' id='word_1_300' title='bbox 1085 3548 1190 3597; x_wconf 87' lang='lat' dir='ltr'>ustura</span> <span class='ocrx_word' id='word_1_301' title='bbox 1202 3549 1247 3596; x_wconf 89' lang='lat' dir='ltr'>est</span> <span class='ocrx_word' id='word_1_302' title='bbox 1256 3544 1323 3596; x_wconf 80' lang='lat' dir='ltr'>Ver-</span> 
     </span>
     <span class='ocr_line' id='line_1_33' title="bbox 186 3625 1325 3703; baseline 0.002 -20"><span class='ocrx_word' id='word_1_303' title='bbox 186 3625 233 3686; x_wconf 78' lang='lat' dir='ltr'>bum.</span> <span class='ocrx_word' id='word_1_304' title='bbox 254 3636 408 3702; x_wconf 80' lang='lat' dir='ltr'>Propterea</span> <span class='ocrx_word' id='word_1_305' title='bbox 427 3654 605 3703; x_wconf 61' lang='lat' dir='ltr'>nsprqopncre·</span> <span class='ocrx_word' id='word_1_306' title='bbox 619 3633 677 3700; x_wconf 90' lang='lat' dir='ltr'>ibi,</span> <span class='ocrx_word' id='word_1_307' title='bbox 699 3634 725 3686; x_wconf 88' lang='lat' dir='ltr'>si</span> <span class='ocrx_word' id='word_1_308' title='bbox 746 3648 831 3686; x_wconf 87' lang='lat' dir='ltr'>sensu</span> <span class='ocrx_word' id='word_1_309' title='bbox 852 3632 1037 3687; x_wconf 85' lang='lat' dir='ltr'>strictissimo</span> <span class='ocrx_word' id='word_1_310' title='bbox 1057 3635 1223 3700; x_wconf 85' lang='lat' dir='ltr'>loquamur,</span> <span class='ocrx_word' id='word_1_311' title='bbox 1244 3633 1325 3685; x_wconf 79' lang='lat' dir='ltr'>velet</span> 
     </span>
     <span class='ocr_line' id='line_1_34' title="bbox 186 3722 1324 3792; baseline -0.003 -14"><span class='ocrx_word' id='word_1_312' title='bbox 186 3722 246 3778; x_wconf 73' lang='lat' dir='ltr'>bles</span> <span class='ocrx_word' id='word_1_313' title='bbox 261 3729 390 3780; x_wconf 83' lang='lat' dir='ltr'>concrete</span> <span class='ocrx_word' id='word_1_314' title='bbox 409 3724 615 3778; x_wconf 81' lang='lat' dir='ltr'>considerando</span> <span class='ocrx_word' id='word_1_315' title='bbox 635 3730 665 3778; x_wconf 89' lang='lat' dir='ltr'>et</span> <span class='ocrx_word' id='word_1_316' title='bbox 683 3724 873 3792; x_wconf 88' lang='lat' dir='ltr'>praedicando</span> <span class='ocrx_word' id='word_1_317' title='bbox 888 3726 974 3777; x_wconf 89' lang='lat' dir='ltr'>Deum</span> <span class='ocrx_word' id='word_1_318' title='bbox 985 3725 1108 3777; x_wconf 83' lang='lat' dir='ltr'>Verbum</span> <span class='ocrx_word' id='word_1_319' title='bbox 1122 3724 1171 3792; x_wconf 90' lang='lat' dir='ltr'>qui</span> <span class='ocrx_word' id='word_1_320' title='bbox 1186 3728 1231 3776; x_wconf 89' lang='lat' dir='ltr'>eet</span> <span class='ocrx_word' id='word_1_321' title='bbox 1243 3724 1324 3776; x_wconf 90' lang='lat' dir='ltr'>homo</span> 
     </span>
     <span class='ocr_line' id='line_1_35' title="bbox 186 3804 1325 3883; baseline -0.002 -16"><span class='ocrx_word' id='word_1_322' title='bbox 186 3804 246 3883; x_wconf 65' lang='lat' dir='ltr'>less,</span> <span class='ocrx_word' id='word_1_323' title='bbox 263 3823 292 3869; x_wconf 89' lang='lat' dir='ltr'>et</span> <span class='ocrx_word' id='word_1_324' title='bbox 308 3816 451 3870; x_wconf 88' lang='lat' dir='ltr'>hominem</span> <span class='ocrx_word' id='word_1_325' title='bbox 471 3817 563 3869; x_wconf 86' lang='lat' dir='ltr'>Iesum</span> <span class='ocrx_word' id='word_1_326' title='bbox 583 3818 634 3882; x_wconf 89' lang='lat' dir='ltr'>qui</span> <span class='ocrx_word' id='word_1_327' title='bbox 653 3820 698 3869; x_wconf 88' lang='lat' dir='ltr'>est</span> <span class='ocrx_word' id='word_1_328' title='bbox 716 3818 790 3869; x_wconf 87' lang='lat' dir='ltr'>Deus</span> <span class='ocrx_word' id='word_1_329' title='bbox 811 3817 944 3869; x_wconf 86' lang='lat' dir='ltr'>Verbum.</span> <span class='ocrx_word' id='word_1_330' title='bbox 967 3817 1032 3869; x_wconf 71' lang='lat' dir='ltr'>«Es</span> <span class='ocrx_word' id='word_1_331' title='bbox 1052 3831 1108 3882; x_wconf 89' lang='lat' dir='ltr'>quo</span> <span class='ocrx_word' id='word_1_332' title='bbox 1125 3814 1247 3867; x_wconf 83' lang='lat' dir='ltr'>Verbum</span> <span class='ocrx_word' id='word_1_333' title='bbox 1260 3828 1325 3865; x_wconf 83' lang='lat' dir='ltr'>curo</span> 
     </span>
     <span class='ocr_line' id='line_1_36' title="bbox 186 3896 1324 3973; baseline 0 -18"><span class='ocrx_word' id='word_1_334' title='bbox 186 3896 257 3960; x_wconf 67' lang='lat' dir='ltr'>Mem</span> <span class='ocrx_word' id='word_1_335' title='bbox 273 3914 327 3973; x_wconf 89' lang='lat' dir='ltr'>est,</span> <span class='ocrx_word' id='word_1_336' title='bbox 340 3923 391 3959; x_wconf 86' lang='lat' dir='ltr'>nec</span> <span class='ocrx_word' id='word_1_337' title='bbox 403 3908 491 3961; x_wconf 86' lang='lat' dir='ltr'>Deum</span> <span class='ocrx_word' id='word_1_338' title='bbox 510 3907 594 3959; x_wconf 85' lang='lat' dir='ltr'>illum</span> <span class='ocrx_word' id='word_1_339' title='bbox 614 3906 676 3960; x_wconf 84' lang='lat' dir='ltr'>sine</span> <span class='ocrx_word' id='word_1_340' title='bbox 696 3906 747 3959; x_wconf 87' lang='lat' dir='ltr'>hoc</span> <span class='ocrx_word' id='word_1_341' title='bbox 767 3906 840 3973; x_wconf 91' lang='lat' dir='ltr'>qnod</span> <span class='ocrx_word' id='word_1_342' title='bbox 861 3907 943 3959; x_wconf 89' lang='lat' dir='ltr'>homo</span> <span class='ocrx_word' id='word_1_343' title='bbox 963 3909 1017 3971; x_wconf 88' lang='lat' dir='ltr'>est,</span> <span class='ocrx_word' id='word_1_344' title='bbox 1033 3922 1084 3959; x_wconf 88' lang='lat' dir='ltr'>neo</span> <span class='ocrx_word' id='word_1_345' title='bbox 1102 3905 1242 3958; x_wconf 86' lang='lat' dir='ltr'>hominem</span> <span class='ocrx_word' id='word_1_346' title='bbox 1262 3903 1324 3955; x_wconf 92' lang='lat' dir='ltr'>sine</span> 
     </span>
     <span class='ocr_line' id='line_1_37' title="bbox 185 3986 1325 4064; baseline 0.001 -17"><span class='ocrx_word' id='word_1_347' title='bbox 185 3986 288 4052; x_wconf 76' lang='lat' dir='ltr'>teriest</span> <span class='ocrx_word' id='word_1_348' title='bbox 306 3999 433 4064; x_wconf 76' lang='lat' dir='ltr'>cogitare</span> <span class='ocrx_word' id='word_1_349' title='bbox 453 3997 526 4064; x_wconf 91' lang='lat' dir='ltr'>quod</span> <span class='ocrx_word' id='word_1_350' title='bbox 555 3999 630 4049; x_wconf 88' lang='lat' dir='ltr'>Deus</span> <span class='ocrx_word' id='word_1_351' title='bbox 658 4002 703 4050; x_wconf 88' lang='lat' dir='ltr'>est</span> <span class='ocrx_word' id='word_1_352' title='bbox 706 4034 759 4050; x_wconf 91' lang='grc'><strong>.....</strong></span> <span class='ocrx_word' id='word_1_353' title='bbox 773 3997 853 4050; x_wconf 84' lang='lat' dir='ltr'>Nihil</span> <span class='ocrx_word' id='word_1_354' title='bbox 876 3997 918 4049; x_wconf 89' lang='lat' dir='ltr'>ibi</span> <span class='ocrx_word' id='word_1_355' title='bbox 941 3998 1118 4050; x_wconf 85' lang='lat' dir='ltr'>abinvicem</span> <span class='ocrx_word' id='word_1_356' title='bbox 1138 3998 1240 4048; x_wconf 80' lang='lat' dir='ltr'>vacet:</span> <span class='ocrx_word' id='word_1_357' title='bbox 1262 3997 1325 4048; x_wconf 85' lang='lat' dir='ltr'>tote</span> 
     </span>
     <span class='ocr_line' id='line_1_38' title="bbox 185 4082 1324 4152; baseline -0.003 -14"><span class='ocrx_word' id='word_1_358' title='bbox 185 4086 406 4143; x_wconf 68' lang='lat' dir='ltr'>munumentum</span> <span class='ocrx_word' id='word_1_359' title='bbox 425 4088 586 4152; x_wconf 84' lang='lat' dir='ltr'>humilitas,</span> <span class='ocrx_word' id='word_1_360' title='bbox 602 4090 665 4140; x_wconf 92' lang='lat' dir='ltr'>tota</span> <span class='ocrx_word' id='word_1_361' title='bbox 683 4087 714 4139; x_wconf 90' lang='lat' dir='ltr'>in</span> <span class='ocrx_word' id='word_1_362' title='bbox 728 4087 893 4140; x_wconf 71' lang='lat' dir='ltr'>hnmilitate</span> <span class='ocrx_word' id='word_1_363' title='bbox 912 4088 1076 4140; x_wconf 73' lang='lat' dir='ltr'>maiestas»</span> <span class='ocrx_word' id='word_1_364' title='bbox 1097 4086 1192 4140; x_wconf 71' lang='lat' dir='ltr'>suco</span> <span class='ocrx_word' id='word_1_365' title='bbox 1212 4082 1324 4138; x_wconf 77' lang='lat' dir='ltr'>sermd</span> 
     </span>
     <span class='ocr_line' id='line_1_39' title="bbox 185 4164 1325 4245; baseline -0.006 -13"><span class='ocrx_word' id='word_1_366' title='bbox 185 4164 335 4242; x_wconf 65' lang='lat' dir='ltr'>¹&#39;persicus</span> <span class='ocrx_word' id='word_1_367' title='bbox 353 4177 478 4231; x_wconf 85' lang='lat' dir='ltr'>Domini.</span> <span class='ocrx_word' id='word_1_368' title='bbox 499 4177 677 4245; x_wconf 82' lang='lat' dir='ltr'>Frequenter</span> <span class='ocrx_word' id='word_1_369' title='bbox 697 4179 792 4229; x_wconf 87' lang='lat' dir='ltr'>tamen</span> <span class='ocrx_word' id='word_1_370' title='bbox 811 4177 866 4230; x_wconf 85' lang='lat' dir='ltr'>PP.</span> <span class='ocrx_word' id='word_1_371' title='bbox 883 4177 1027 4230; x_wconf 89' lang='lat' dir='ltr'>insistunt</span> <span class='ocrx_word' id='word_1_372' title='bbox 1055 4176 1152 4245; x_wconf 86' lang='lat' dir='ltr'>potius</span> <span class='ocrx_word' id='word_1_373' title='bbox 1174 4175 1261 4228; x_wconf 82' lang='lat' dir='ltr'>huius</span> <span class='ocrx_word' id='word_1_374' title='bbox 1280 4193 1325 4227; x_wconf 77' lang='lat' dir='ltr'>ss·</span> 
     </span>
     <span class='ocr_line' id='line_1_40' title="bbox 185 4265 1325 4334; baseline -0.003 -15"><span class='ocrx_word' id='word_1_375' title='bbox 185 4274 307 4333; x_wconf 65' lang='grc' dir='ltr'>μκῃσως</span> <span class='ocrx_word' id='word_1_376' title='bbox 326 4268 519 4333; x_wconf 87' lang='lat' dir='ltr'>consectario,</span> <span class='ocrx_word' id='word_1_377' title='bbox 544 4265 618 4334; x_wconf 89' lang='lat' dir='ltr'>quod</span> <span class='ocrx_word' id='word_1_378' title='bbox 638 4266 669 4318; x_wconf 92' lang='lat' dir='ltr'>in</span> <span class='ocrx_word' id='word_1_379' title='bbox 683 4267 834 4321; x_wconf 85' lang='lat' dir='ltr'>humanam</span> <span class='ocrx_word' id='word_1_380' title='bbox 859 4272 991 4321; x_wconf 88' lang='lat' dir='ltr'>naturam</span> <span class='ocrx_word' id='word_1_381' title='bbox 1011 4267 1091 4320; x_wconf 88' lang='lat' dir='ltr'>dotes</span> <span class='ocrx_word' id='word_1_382' title='bbox 1111 4271 1141 4319; x_wconf 90' lang='lat' dir='ltr'>et</span> <span class='ocrx_word' id='word_1_383' title='bbox 1158 4268 1325 4319; x_wconf 85' lang='lat' dir='ltr'>ornamenta</span> 
     </span>
     <span class='ocr_line' id='line_1_41' title="bbox 185 4349 1325 4424; baseline -0.005 -15"><span class='ocrx_word' id='word_1_384' title='bbox 185 4349 259 4409; x_wconf 66' lang='lat' dir='ltr'>Eitis</span> <span class='ocrx_word' id='word_1_385' title='bbox 274 4374 290 4411; x_wconf 88' lang='lat' dir='ltr'>s</span> <span class='ocrx_word' id='word_1_386' title='bbox 306 4364 414 4411; x_wconf 83' lang='lat' dir='ltr'>nature</span> <span class='ocrx_word' id='word_1_387' title='bbox 437 4356 555 4420; x_wconf 82' lang='lat' dir='ltr'>divine,</span> <span class='ocrx_word' id='word_1_388' title='bbox 578 4370 696 4422; x_wconf 68' lang='lat' dir='ltr'>quacum</span> <span class='ocrx_word' id='word_1_389' title='bbox 716 4356 747 4407; x_wconf 90' lang='lat' dir='ltr'>in</span> <span class='ocrx_word' id='word_1_390' title='bbox 774 4357 927 4424; x_wconf 83' lang='lat' dir='ltr'>hypostasi</span> <span class='ocrx_word' id='word_1_391' title='bbox 951 4357 1070 4421; x_wconf 88' lang='lat' dir='ltr'>unitur,</span> <span class='ocrx_word' id='word_1_392' title='bbox 1096 4352 1325 4409; x_wconf 86' lang='lat' dir='ltr'>connaturaliter</span> 
     </span>
     <span class='ocr_line' id='line_1_42' title="bbox 185 4432 843 4505; baseline -0.008 -2"><span class='ocrx_word' id='word_1_393' title='bbox 185 4432 307 4503; x_wconf 70' lang='lat' dir='ltr'>lemme.</span> <span class='ocrx_word' id='word_1_394' title='bbox 328 4448 642 4505; x_wconf 78' lang='lat' dir='ltr'>ci.1’etsv.1ncarnat.</span> <span class='ocrx_word' id='word_1_395' title='bbox 658 4447 680 4499; x_wconf 90' lang='lat' dir='ltr'>l.</span> <span class='ocrx_word' id='word_1_396' title='bbox 695 4447 746 4500; x_wconf 85' lang='lat' dir='ltr'>lv.</span> <span class='ocrx_word' id='word_1_397' title='bbox 760 4463 784 4500; x_wconf 91' lang='lat' dir='ltr'>c.</span> <span class='ocrx_word' id='word_1_398' title='bbox 801 4448 843 4499; x_wconf 81' lang='lat'>14.</span> 
     </span>
    </p>
   </div>
   <div class='ocr_carea' id='block_1_4' title="bbox 0 0 1590 4950">
    <p class='ocr_par' dir='ltr' id='par_1_6' title="bbox 0 0 1590 4950">
     <span class='ocr_line' id='line_1_43' title="bbox 0 0 1590 4950; baseline 0 0"><span class='ocrx_word' id='word_1_399' title='bbox 0 0 1590 4950; x_wconf 95' lang='lat' dir='ltr'> </span> 
     </span>
    </p>
   </div>
  </div>
 </body>
</html>
