3172 4950
584 322 621 336 ..
643 294 663 350 7
683 323 720 337 ..

95 388 257 461 maximum
279 392 475 484 capitulum
499 421 517 458 n
539 394 565 465 l.
579 396 630 464 ΙΙ.
652 420 683 466 o.
699 397 746 482 1.‚
772 420 880 467 unum
903 422 977 469 esse
999 398 1122 487 Deum,
1149 423 1247 491 prae·

95 504 260 591 torquem
289 500 384 570 alius
417 525 487 570 non
521 508 597 572 est:
629 502 771 573 «Solus
805 528 896 575 unns
931 508 1025 575 Deus
1057 509 1248 578 fabricator

98 600 290 699 (δημιουργος).
301 659 325 672 ..
345 609 407 699 qui
421 609 508 680 fecit
523 611 638 680 omnia
652 635 714 704 per
729 618 838 682 semet
848 612 962 703 ipsum
979 615 1015 682 h.
1033 638 1064 684 c.
1083 638 1145 705 per
1162 614 1248 684 Ver·

95 714 159 815 bun
171 723 204 786 et
214 715 432 807 Sapientiam
456 740 594 788 suem...
609 719 668 792 hic
683 720 777 790 Deus
792 721 972 790 Abraham
987 729 1023 792 et
1037 724 1133 792 Dens
1148 723 1249 792 Isaac

95 823 223 892 etDous
244 824 363 911 Iacob,
376 826 470 895 Dens
493 828 667 914 vivorum,
694 852 794 920 quem
824 827 882 898 lex
912 830 1122 916 annuntiat,
1149 852 1248 922 quem

94 931 259 1021 prophetae
274 934 541 1024 praenunciant,
560 959 660 1027 quem
683 935 847 1005 Christus
871 937 1017 1023 revelat,
1033 961 1132 1029 quem
1155 938 1249 1027 Apo·

93 1038 158 1106 stoli
177 1042 345 1128 madunt,
372 1066 472 1135 quem
495 1043 656 1115 Ecclesia
679 1044 802 1114 credit.
827 1045 895 1114 Hic
917 1046 1023 1116 Pater
1042 1046 1186 1119 Domini
1200 1047 1246 1117 N.

91 1144 115 1213 l.
131 1146 163 1215 0.
181 1171 242 1239 per
265 1150 419 1220 Verbum
443 1173 554 1237 suum,
581 1152 643 1244 qui
664 1159 719 1222 est
740 1153 857 1222 Filius
883 1153 973 1238 eius,
999 1154 1249 1224 manifestatur

90 1257 230 1327 omnibus
247 1287 264 1321 n
282 1264 351 1328 etc.
370 1259 456 1329 1.11.
468 1285 498 1330 o.
514 1260 569 1329 30.
584 1286 620 1329 n.
635 1261 668 1329 9.
691 1292 707 1325 o
724 1261 884 1331 Ecclesia
899 1284 961 1352 per
977 1262 1180 1333 universum
1196 1285 1248 1333 or-

90 1362 150 1432 bem
170 1389 279 1458 usque
302 1366 347 1435 ad
370 1367 457 1439 fines
480 1376 594 1439 terrae
617 1369 774 1461 dispersa
804 1371 847 1457 ab
870 1371 1050 1462 Apostolis
1073 1378 1108 1440 et
1131 1395 1249 1441 eorum

87 1470 258 1564 discipulis
280 1475 415 1565 accepit
437 1475 538 1545 fidem
563 1477 600 1545 in
622 1499 729 1546 unum
753 1478 863 1546 Deum
879 1479 1018 1548 Patrem
1038 1478 1249 1568 omnipoten-

84 1586 171 1648 tens
187 1586 255 1651 etc.
274 1581 442 1674 Sequitur
454 1582 577 1653 deiude
591 1584 628 1653 in
643 1585 761 1654 cadem
776 1584 911 1654 tradita
922 1585 990 1654 fide
1005 1585 1115 1654 totins
1130 1584 1250 1654 Eccle-

83 1686 145 1755 siae
165 1689 336 1778 professio
352 1690 389 1758 in
401 1714 508 1759 unum
523 1692 639 1761 Iesum
651 1691 715 1761 Ch.
732 1692 868 1761 Filium·
878 1693 955 1778 Dei,
970 1699 1007 1761 et
1022 1693 1060 1761 in
1077 1693 1249 1784 Spiritum

84 1792 262 1883 Sanctum,
286 1798 349 1891 qui
370 1822 431 1889 per
454 1798 642 1890 prophetas
671 1800 892 1891 praedicavit
919 1800 1162 1890 dispositiones
1185 1800 1250 1869 Dei
1320 1800 1323 1805 ’

82 1910 113 1972 ct
131 1905 323 1976 adventum
346 1906 431 1976 ibid.
452 1906 565 1977 l.1.e.
582 1907 762 1995 1o;1.111.
782 1932 811 1978 c.
827 1911 861 1977 4.
881 1909 1049 1998 Origenes
1066 1914 1248 2000 postquam

81 2013 229 2100 monuit,
256 2018 299 2082 ut
323 2019 517 2085 «servetur
539 2014 777 2086 ecclesiastica
799 2016 1013 2106 praedicatio
1035 2039 1097 2108 per
1120 2037 1250 2086 succes·

81 2118 182 2189 sionis
205 2119 362 2191 ordinem
385 2121 428 2189 ab
451 2121 632 2213 Apostolis
655 2123 789 2192 tradita
822 2130 858 2193 et
889 2123 1065 2215 usquead
1089 2143 1252 2212 praeseus

79 2227 113 2295 in
132 2227 302 2299 Ecclesiis
318 2251 534 2320 permanens,
555 2258 571 2294 n
592 2234 749 2301 recenset
763 2232 883 2324 aliqua
898 2254 940 2300 ex
956 2230 1169 2322 professione
1182 2229 1251 2300 Eo·

79 2334 198 2404 olesiae
219 2336 417 2407 universali
439 2344 475 2407 et
496 2338 695 2408 manifesta:
725 2337 896 2429 «Species
912 2362 996 2409 vero
1019 2359 1251 2430 eorumquae

77 2465 134 2532 per
155 2444 450 2534 praedicationem
465 2446 701 2537 Apostolicam
725 2448 908 2517 manifeste
931 2448 1136 2531 traduntur,
1161 2446 1251 2516 istae

77 2558 167 2621 sunt.
199 2551 317 2621 Primo
340 2550 431 2646 quod
461 2576 553 2623 unus
583 2555 678 2624 Dens
705 2562 777 2640 est,
811 2554 872 2647 qni
904 2548 1019 2624 obruis
1050 2553 1248 2624 creavit...

76 2661 225 2729 omnium
236 2662 409 2731 iustorum
423 2661 529 2746 Deus,
547 2660 674 2747 Adam,
692 2662 824 2731 Abel...
841 2659 1140 2749 Patriarcharum,
1152 2661 1251 2754 bloy-

75 2769 135 2855 sis,
159 2770 415 2860 Prophetarum
432 2796 450 2832 n
475 2775 543 2863 etc.
563 2768 801 2860 subiungitur
816 2770 1031 2861 praedicatio
1051 2771 1248 2859 manifesta,

76 2879 195 2971 «quod
218 2878 318 2948 Iesus
340 2877 503 2948 Christus
526 2883 609 2948 ante
633 2903 765 2950 omnem
788 2884 985 2949 creaturam
1007 2886 1113 2950 notus
1129 2903 1172 2950 ex
1187 2879 1251 2950 Po·

73 2994 128 3056 tre
149 2988 357 3058 incarnatus
379 2994 445 3073 est,
471 2994 507 3057 ct
528 2989 628 3057 homo
653 2991 768 3059 factus
792 3013 869 3058 cum
892 2990 987 3059 Deus
1002 2995 1104 3075 esset,
1123 2987 1256 3059 mansit·

72 3095 165 3189 quod
187 3102 266 3165 eret
287 3097 393 3166 Deus.
413 3095 502 3165 Tum
526 3094 651 3165 deinde
674 3094 802 3165 honore
824 3117 865 3165 ac
896 3095 1071 3184 dignitate
1093 3095 1194 3164 Patri
1216 3103 1253 3165 et

70 3204 167 3273 Filio
190 3204 362 3275 sociatum
384 3203 609 3273 tradiderunt
632 3202 805 3293 Spiritum
829 3203 976 3274 Santum
994 3231 1024 3273 n.
1041 3202 1184 3292 Origen.
1210 3201 1251 3272 de

71 3312 230 3404 Princip.
244 3314 399 3383 Praefat.
418 3334 453 3381 n.
469 3311 503 3382 2.
521 3313 555 3381 4.
1089 3308 1094 3319 ’

138 3418 341 3490 clarissime
365 3442 447 3491 vero
470 3425 615 3511 apparet
631 3419 750 3490 unitas
766 3419 842 3506 Dei,
856 3419 994 3512 qualern
1011 3417 1248 3510 antiquissimi

71 3529 198 3599 Patres
221 3549 355 3619 semper
377 3527 639 3612 intellexerunt,
673 3550 715 3595 ex
747 3526 1046 3617 disputationibus
1078 3525 1249 3596 adversus
1357 3522 1367 3541 ⁶

70 3638 268 3709 haereticos
291 3635 566 3721 monarchianos,
593 3641 714 3705 contra
736 3636 917 3719 Praxeam,
942 3635 1103 3717 Noetum,
1124 3631 1252 3702 Sabel-

69 3745 210 3833 lianos,
234 3744 384 3814 Paulum
409 3743 671 3814 Samosatcnnm
695 3743 757 3830 (1).
773 3741 858 3812 Cum
880 3742 971 3811 enim
995 3740 1165 3811 haeretici
1188 3739 1251 3808 isti

142 3890 186 3967 (1)
202 3894 334 3953 annulus
344 3891 553 3957 samosatenus,
570 3891 620 3958 qni
634 3891 691 3945 fnit
703 3889 872 3943 Antiochiae
891 3890 1049 3958 Episcopus
1075 3886 1250 3957 temporibus

70 3984 225 4038 Aueliani
246 3982 420 4050 principis...
435 3980 629 4036 Verbum-Del
647 3981 744 4033 Patris
763 3982 820 4033 non
839 3979 1054 4033 substantivum
1069 3976 1119 4031 sed
1132 3977 1250 4046 prolati·

71 4088 141 4129 vum
160 4076 209 4127 vol
226 4073 429 4141 imperativum
448 4072 542 4126 sensit
559 4075 646 4139 atquo
665 4071 877 4140 pronuntiarit,
892 4086 960 4137 non,
976 4074 1009 4122 ut
1027 4068 1097 4122 fldes
1111 4068 1198 4123 babet
1210 4082 1251 4123 oa

70 4166 193 4231 thalia,
206 4164 369 4219 Verbumin
380 4164 545 4219 substantia
554 4163 602 4216 vol
615 4163 742 4215 essentia
751 4161 1029 4227 consubstantivum,
1043 4160 1093 4211 i.o.
1106 4159 1249 4230 ὀμοουσιον

69 4254 182 4309 rium
195 4255 249 4308 Dei
262 4254 382 4308 Patris»
394 4253 503 4309 Marius
515 4254 632 4307 Marcet.
647 4252 683 4306 ed
696 4252 754 4306 xn
766 4252 911 4305 anathem.
923 4249 1053 4304 Nestorii
1064 4247 1147 4323 (opp.
1161 4248 1194 4302 ¹1⁸.
1208 4248 1249 4301 11.

70 4362 101 4411 p.
116 4346 181 4399 12⁸.
196 4343 241 4398 ed.
256 4342 398 4415 (lernen).
410 4344 483 4399 Vide
493 4345 595 4398 Patres
606 4342 679 4399 elios
693 4342 726 4398 dc
737 4342 852 4398 haeresi
865 4341 1043 4397 Samosatam·
1056 4340 1088 4393 in
1100 4338 1249 4393 dissertat.

71 4434 211 4490 (lanarii
221 4437 247 4503 ς.
258 4435 300 4490 111
313 4430 406 4507 (ibid.
422 4451 450 4502 p.
464 4430 519 4486 307
529 4449 592 4501 aeq.
604 4431 624 4501 ).
