3172 4950
705 336 743 351 -
767 304 826 365 150
845 337 883 352 ..

209 410 494 480 consuetudinem
518 409 555 479 in
578 407 748 478 Ecclesiis
777 411 1042 479 firmaverunt»
1067 408 1152 477 Bes.
1180 408 1223 478 de
1247 407 1384 500 Spiritu

210 516 340 588 Sancto
362 543 398 586 n.
414 516 470 586 71.

275 625 479 695 Clarissima
503 648 586 695 vero
609 630 761 716 petetex
774 625 1048 694 confessionibus
1070 631 1283 714 martyrum,
1297 648 1384 719 qnae

210 731 380 800 fueritin
404 733 585 823 primaeva
607 731 767 801 Ecclesia
791 731 980 801 communis
1010 731 1258 821 intelligentia
1280 733 1385 802 huius

210 837 385 927 mysterii.
400 837 621 907 Confitentur
634 837 690 906 illi
702 858 816 906 eoram
828 837 996 926 tyrannis
1008 860 1116 907 unum
1131 837 1245 907 solnm
1260 839 1382 926 Deum

208 946 270 1037 qui
292 952 347 1015 est
368 946 486 1032 Pater,
511 945 647 1031 Filius,
674 944 830 1036 Spiritus
855 945 1024 1033 Sanctus:
1050 951 1156 1038 atque
1180 946 1264 1016 dum
1287 969 1384 1038 prae·

209 1054 330 1125 dicant
353 1078 461 1124 unum
484 1054 594 1123 Deum
619 1061 806 1123 creatorem
829 1054 981 1123 omnium
998 1060 1036 1123 ot
1050 1053 1274 1125 Filinmeius
1285 1053 1385 1125 chri-

209 1170 314 1249 stum,
329 1166 458 1233 factas
474 1161 649 1231 iudicibus
661 1160 873 1255 quaestione,
883 1185 967 1231 num
980 1161 1039 1231 hic
1050 1161 1216 1233 Christus
1229 1164 1281 1234 sit
1291 1164 1386 1234 Deus

208 1271 326 1357 alius,
352 1279 515 1342 constans
538 1277 593 1341 est
621 1271 823 1361 responsio,
849 1292 923 1339 esse
946 1293 1054 1340 nnum
1076 1271 1213 1357 Deum,
1246 1286 1386 1363 praetor

208 1404 311 1475 quem
332 1380 427 1449 alius
450 1380 545 1449 Deus
574 1401 642 1447 non
677 1385 743 1447 est.
768 1378 868 1447 Hanc
903 1384 1100 1469 martyrum
1135 1381 1385 1450 confessionem

209 1488 369 1559 videmus
392 1488 535 1558 eandem
557 1486 595 1555 in
618 1485 770 1557 diversis
791 1485 973 1571 Ecclesiis,
998 1492 1035 1555 et
1056 1509 1119 1577 pro
1141 1486 1209 1557 hac
1236 1488 1307 1558 fide
1329 1488 1384 1558 illi

209 1602 385 1666 tormenta
407 1617 448 1665 ac
471 1600 614 1663 mortem
639 1593 834 1662 subierunt.
863 1594 1010 1663 «Verax
1032 1594 1139 1680 Deus,
1166 1594 1329 1685 glorifico
1349 1604 1381 1666 te

210 1726 289 1773 cum
312 1710 453 1773 aeterno
475 1708 512 1771 et
534 1701 675 1771 coelesti
697 1701 779 1771 Iesu
806 1701 971 1787 Christo,
1009 1701 1139 1772 dilecto
1169 1702 1267 1771 Filio
1297 1710 1377 1792 tuo,

210 1836 284 1879 cum
307 1835 372 1902 qno
398 1809 466 1876 titt
488 1824 520 1876 et
542 1811 697 1898 Spiritui
720 1812 843 1878 Sancto
866 1811 984 1901 plcria
1000 1816 1035 1880 et
1049 1832 1141 1880 nunc
1156 1817 1193 1880 et
1208 1812 1247 1879 in
1268 1814 1378 1881 intuta

210 1918 386 1988 saecular
412 1917 449 1986 S.
468 1917 686 2006 Polycarpus
710 1918 882 2008 Smyrnae
905 1939 996 1986 anno
1020 1917 1085 1985 166
1102 1918 1287 2006 (Ruinart.
1301 1920 1374 1990 Act

209 2023 294 2093 MM.
313 2025 367 2093 ed.
386 2022 515 2092 Veron.
534 2047 568 2113 p.
587 2022 642 2090 31.
658 2047 692 2092 n.
710 2025 772 2112 12;
788 2050 822 2117 p.
837 2025 893 2093 36.
921 2049 957 2094 n.
977 2024 1047 2112 14).
1082 2024 1293 2094 «christum
1314 2052 1376 2095 oss

211 2132 320 2202 Patre
343 2148 376 2199 et
398 2133 536 2221 Spiritu
556 2133 679 2200 Sancto
696 2134 804 2200 Deam
819 2159 886 2202 esse
902 2136 1072 2226 confiteor,
1086 2134 1303 2229 dignumque
1317 2144 1373 2222 est,

211 2241 332 2310 utini
354 2240 505 2309 animam
528 2261 636 2308 meam
659 2242 855 2328 refundam,
871 2242 932 2336 qui
955 2243 1042 2312 mihi
1068 2257 1100 2310 et
1122 2257 1257 2310 creator·
1279 2259 1375 2312 estet

210 2349 415 2440 Redemptor
432 2377 449 2412 r
469 2348 506 2417 S.
523 2349 718 2440 Epipodius
744 2351 913 2442 Lugduni
936 2352 1107 2420 ann0178
1123 2352 1373 2444 (inponat).

214 2487 231 2523 a
248 2458 432 2526 Dominum
447 2456 626 2525 Christum
642 2459 806 2527 confiteor
817 2460 949 2530 Filium
962 2459 1128 2529 altissimi
1142 2460 1275 2546 Patris,
1290 2460 1377 2530 unici

211 2567 376 2650 unicum,
403 2569 515 2655 ipsum
549 2590 621 2632 cum
645 2566 752 2633 Patre
776 2582 808 2633 et
830 2569 968 2658 Spiritu
999 2570 1122 2637 Sancto
1145 2594 1251 2636 anam
1279 2571 1377 2636 solam

211 2675 319 2742 Deum
335 2698 402 2742 esse
419 2675 624 2764 profiteor...
643 2675 720 2765 Ego
737 2675 800 2743 uni
816 2682 853 2745 et
868 2675 951 2745 vivo
972 2677 1129 2746 sacrifico
1143 2678 1229 2763 Deo,
1248 2679 1311 2771 qui
1331 2684 1378 2748 est

210 2783 414 2853 benedictus
429 2782 467 2849 in
484 2781 653 2851 saecular
679 2784 715 2852 S.
732 2783 940 2854 Vincentius
956 2784 1140 2854 Valentino
1158 2784 1196 2852 in
1210 2784 1378 2876 Hispanis

211 2912 301 2959 anno
324 2890 393 2958 304
415 2890 475 2978 (ib.
492 2915 526 2981 p.
542 2890 619 2958 325.
635 2915 670 2959 n.
686 2893 734 2979 ὅ).
764 2921 780 2957 c
798 2894 939 2960 Patrem
962 2908 995 2960 et
1018 2893 1150 2960 Filium
1166 2908 1199 2959 et
1213 2893 1378 2983 Spiritum

211 2999 372 3066 Sanctam
396 2996 500 3064 adoro
512 3024 526 3080 ,·
549 3012 701 3065 sanctam
726 3001 933 3067 Trinitatem
957 2997 1061 3066 adoro
1077 3049 1088 3082 ,
1107 3015 1250 3090 praeter
1283 3025 1378 3094 qnam

210 3132 278 3174 non
301 3121 351 3173 est
373 3107 505 3174 Deus...
531 3109 683 3195 sacrifico
707 3107 802 3175 modo
822 3108 959 3177 Christo
973 3110 1042 3176 Deo
1059 3133 1108 3175 me
1124 3111 1278 3199 ipsam...
1292 3108 1378 3179 Ado·

210 3241 279 3309 rem
304 3216 510 3283 Trinitatem
534 3218 809 3305 inseparabilem,
834 3242 923 3310 qnae
948 3220 1103 3287 Trinitas
1124 3220 1244 3286 amitas
1265 3221 1378 3288 Deita-

212 3324 258 3389 tis
281 3335 371 3389 est...
397 3319 474 3410 Ego
496 3320 655 3389 sacrifico
678 3329 714 3392 et
736 3324 874 3393 immolo
897 3348 951 3393 me
973 3325 1086 3416 ipsum
1111 3325 1218 3392 Patri
1240 3342 1273 3394 et
1288 3327 1378 3396 Filio

211 3445 244 3497 st
258 3431 413 3519 Spiritui
428 3429 579 3496 Senator
595 3430 630 3498 S.
646 3430 783 3522 Euplus
800 3432 952 3503 Catanee
970 3454 1059 3501 anno
1074 3433 1142 3501 304
1156 3433 1219 3522 (ib.
1234 3458 1271 3526 p.
1289 3434 1377 3521 362).

214 3539 377 3605 «Domine
400 3536 490 3602 Deus
513 3540 722 3628 omnipotens
746 3541 825 3608 Issa
850 3540 1028 3609 Christo...
1047 3541 1190 3611 Gratias
1213 3542 1282 3612 tibi
1304 3565 1376 3634 ago,

210 3646 354 3716 Domine
370 3645 450 3714 Iesu
462 3645 643 3716 Christe...
657 3648 724 3717 tibi
740 3651 852 3719 offero
864 3649 1075 3719 sacrificinm
1091 3672 1214 3734 meum,
1233 3654 1299 3742 qai
1313 3676 1379 3720 oen

210 3755 319 3825 Patre
342 3768 374 3820 et
389 3754 527 3844 Spiritu
543 3756 667 3823 Sancto
684 3760 772 3824 civis
789 3772 822 3823 et
843 3781 968 3848 repetas
984 3758 1075 3825 Deus
1093 3757 1130 3826 in
1148 3758 1290 3827 saecula
1312 3780 1378 3828 saa

210 3863 367 3933 culorum
382 3889 398 3925 r
418 3863 454 3930 S.
468 3862 561 3931 Afra
575 3864 760 3954 Augustae
776 3865 1038 3935 Vindelicornm
1053 3886 1144 3932 anno
1161 3863 1227 3933 308
1242 3865 1301 3935 vel
1316 3866 1378 3935 aot

210 3972 272 4059 (ib.
291 3995 324 4062 p.
341 3969 420 4039 401.
440 3994 475 4039 n.
496 3969 543 4057 3).
575 4002 590 4036 a
611 3972 793 4043 Tarachus
816 3977 984 4063 (martyr)
1008 3972 1113 4041 dixit:
1130 3994 1194 4062 ego
1217 3973 1289 4041 Deo
1315 3996 1378 4041 msc

209 4077 324 4149 servio
347 4084 383 4145 et
405 4076 604 4146 sacrifico...
623 4079 738 4169 Magis
761 4102 802 4149 ac
824 4081 937 4169 magis
961 4086 1041 4170 opto
1064 4072 1233 4149 confidere
1266 4084 1304 4148 in
1326 4103 1378 4148 nc·

208 4188 300 4253 mins
322 4186 391 4252 Dei·
404 4200 435 4251 et
460 4183 594 4254 Christi
617 4190 700 4256 cias.
718 4187 892 4256 Maximus
908 4192 1056 4278 (preses)
1073 4187 1178 4258 dixit:
1194 4187 1327 4259 iniuste
1347 4192 1379 4257 et

207 4294 402 4380 maledicte,
417 4294 583 4385 quomodo
599 4292 726 4362 duobus
741 4296 822 4363 Diis
837 4296 962 4381 servis,
982 4317 1067 4389 quos
1084 4317 1165 4365 voce
1188 4293 1375 4379 confiteris,

208 4409 244 4473 et
266 4426 358 4474 nuno
380 4402 471 4473 Deos
493 4406 619 4494 neges?
636 4404 816 4474 'Parachus
839 4403 942 4474 dixit:
960 4427 1025 4493 ego
1047 4403 1212 4474 confiteor
1238 4403 1376 4491 maniis·
