3172 4950
713 349 751 362 -
773 318 813 378 23
834 349 872 362 -

203 423 253 492 sit
275 421 399 491 divina
421 422 575 490 essentia
590 429 627 491 et
643 423 754 490 omnis
770 421 930 490 absoluta
952 421 1132 510 perfectio,
1158 421 1316 491 essentia
1331 421 1375 492 di·

206 530 290 599 vina
305 552 383 598 cum
399 530 557 598 omnibus
573 531 844 621 perfectionibus
859 528 1043 613 absolutis,
1063 551 1150 621 quas
1166 553 1229 598 nos
1245 531 1375 599 rationo

207 636 474 725 distinguimus,
500 658 571 705 una
592 659 734 705 numero
758 636 891 706 dicitur
913 657 988 705 esse
1010 634 1130 703 Patris
1145 657 1186 704 ac
1201 636 1304 722 Filii,
1323 658 1375 705 seu

205 742 368 812 strictius
390 744 497 812 Pater
518 748 555 812 et
577 742 694 812 Filius
725 743 857 812 dicitur
888 766 991 808 unum
1013 743 1102 810 Esse
1131 739 1290 809 divinum
1312 764 1375 811 nna

204 849 328 919 divina
358 852 523 920 essentia.
549 852 727 935 Quamvis·
741 852 856 942 igitur
879 858 955 920 tum
977 851 1016 918 in
1039 850 1121 918 aliis
1143 849 1232 919 locis
1255 850 1375 943 ubique

202 964 277 1026 tum
299 956 365 1026 hoc
390 958 465 1048 ipso
488 959 526 1027 in
548 965 649 1029 textu
675 960 771 1029 clara
794 960 844 1029 sit
866 959 1060 1044 distinctio,
1078 957 1269 1028 secundum
1292 949 1375 1050 quod

203 1067 399 1136 formaliter
409 1067 562 1138 Verbum
577 1071 643 1152 est,
656 1069 700 1137 ab
713 1090 752 1136 eo
768 1066 870 1137 cuius
881 1074 935 1136 est
944 1067 1110 1151 Verbum,
1125 1071 1161 1136 et
1174 1066 1270 1158 apud
1283 1087 1375 1158 quen

202 1173 240 1240 in
254 1174 428 1264 principio
439 1178 517 1242 erat
527 1173 692 1260 Verbum,
708 1179 863 1242 attamen
876 1173 1064 1242 secundum
1081 1172 1171 1264 quod
1183 1179 1219 1241 et
1229 1173 1275 1257 is,
1289 1170 1375 1261 apud

203 1304 302 1374 quem
325 1287 414 1368 erat,
439 1287 476 1353 et
498 1283 651 1353 Verbum
674 1283 786 1372 ipsum
808 1283 903 1352 Deus
918 1288 983 1365 est,
1002 1280 1202 1350 declaratur
1221 1279 1375 1349 absoluto

202 1389 370 1458 identitas
392 1411 432 1458 ac
455 1389 586 1457 unitas:
608 1402 713 1455 uerat
730 1388 823 1478 apud
845 1391 963 1471 Deum,
981 1402 1014 1455 et
1029 1388 1120 1454 Deus
1144 1401 1229 1455 erat.
1246 1414 1264 1449 n
1282 1385 1375 1456 Unde

202 1495 382 1565 distinctio
399 1484 506 1567 realis
521 1497 622 1566 unice
638 1497 870 1586 intelligenda
883 1501 948 1582 est,
963 1499 1069 1587 prout
1080 1494 1280 1564 nominibus
1295 1495 1375 1585 ipsis

202 1603 426 1694 exprimitur,
437 1605 625 1675 secundum
640 1605 819 1674 formalem
833 1604 1002 1674 rationem
1012 1603 1130 1673 Patris
1146 1612 1185 1672 ct
1198 1603 1375 1672 formalem

203 1712 374 1780 rationem
389 1713 477 1782 Filii
493 1736 554 1783 seu
569 1713 690 1784 Verbi.
711 1714 807 1783 Haec
823 1720 938 1783 antem
956 1736 1025 1781 non
1048 1716 1132 1782 suut
1144 1710 1308 1779 absoluta
1322 1710 1375 1780 sed

204 1817 356 1887 relativa
372 1819 416 1887 ad
433 1818 595 1889 invicem.
614 1821 720 1888 Pater
743 1819 940 1905 formaliter
954 1826 997 1888 ut
1012 1819 1118 1888 Pater
1138 1816 1226 1885 Filii
1243 1840 1314 1886 non
1329 1823 1375 1887 est

202 1922 329 2008 Filius,
347 1932 385 1994 et
399 1925 516 1994 Filius
532 1948 600 1994 non
616 1930 671 1994 est
693 1927 810 2012 Pater,
829 1925 888 1995 sed
906 1926 961 1992 bic
976 1926 1070 1992 nlius
1086 1928 1141 1993 est
1155 1923 1264 1992 Pater
1279 1923 1375 2007 Filii,

204 2036 239 2099 et
261 2032 324 2098 ille
347 2033 440 2098 alim
462 2030 580 2100 Filius
595 2031 724 2100 Patris.
746 2031 929 2114 Quatenus
944 2054 1027 2101 vero
1043 2032 1149 2100 Pater
1164 2036 1219 2099 est
1233 2029 1331 2098 Deus
1346 2035 1375 2098 et

201 2137 318 2208 Filius
341 2146 397 2209 est
414 2138 505 2207 idem
523 2162 614 2207 nnus
629 2139 736 2225 Deus,
757 2163 825 2208 non
841 2145 925 2208 sunt
941 2139 1010 2209 dno
1026 2139 1085 2208 sed
1102 2161 1209 2209 unum
1226 2138 1375 2221 omnino,

203 2247 296 2316 sicut
318 2267 389 2314 una
410 2252 465 2316 est
486 2245 610 2315 divina
640 2246 791 2316 essentia
813 2268 854 2316 ac
877 2251 1018 2315 natura.
1044 2245 1112 2315 Sed
1135 2246 1177 2314 de
1199 2243 1375 2314 relationi·

203 2356 279 2439 bus,
306 2354 432 2445 quibus
455 2376 620 2445 personae
643 2353 784 2424 divinae
808 2354 1072 2424 constituuntur
1094 2358 1131 2422 et
1154 2352 1375 2444 distinguun-

202 2471 274 2549 tur,
300 2461 387 2531 alibi
410 2463 494 2532 data
517 2485 621 2554 opera
644 2464 827 2534 dicendum
850 2464 929 2533 erit.
1077 2541 1080 2546 ,

268 2569 326 2638 Ad
348 2570 607 2661 praecavendas
637 2570 873 2655 difficultates,
908 2591 995 2662 quae
1024 2574 1146 2639 contra
1172 2590 1279 2638 unam
1301 2588 1375 2637 ean·

203 2678 346 2770 demque
369 2677 661 2767 significationem
684 2679 834 2748 nominis
864 2678 955 2745 Dens
978 2678 1016 2746 in
1038 2683 1188 2770 utroque
1220 2677 1334 2746 inciso
1357 2696 1375 2743 ε

202 2785 302 2854 nobis
323 2786 498 2855 defensam
515 2785 594 2855 fieri
608 2793 761 2876 possent,
781 2784 955 2875 distingui
971 2785 1073 2854 debet
1088 2783 1237 2853 nominis
1260 2785 1375 2873 siqni-

196 2895 317 2981 ficaeio
341 2898 377 2962 ει
399 2897 616 2984 suppositio,
640 2902 677 2964 ει
698 2900 880 2985 praeterea
908 2893 1145 2963 advertendus
1173 2898 1228 2962 est
1257 2892 1375 2960 modus

203 2998 426 3087 significandi
449 3000 626 3068 nominum
650 3002 780 3071 formae
804 3005 1008 3085 concretae,
1034 3000 1170 3092 quando
1200 3004 1375 3090 ponuntur

203 3107 240 3174 in
263 3107 474 3196 praedicato.
501 3109 707 3197 significare
730 3108 862 3177 dicitur
884 3130 1007 3176 nomen
1030 3108 1078 3192 id,
1097 3106 1142 3175 ad
1158 3106 1249 3199 quod
1266 3106 1375 3197 desig·

202 3214 355 3283 nandum
371 3237 414 3284 ex
427 3237 500 3284 sese
512 3220 548 3283 et
559 3214 751 3306 expropria'
766 3215 903 3284 ratione
919 3214 1124 3284 institutum
1147 3219 1213 3283 est.
1233 3213 1375 3297 Quande

203 3342 287 3391 vero
308 3321 401 3390 ratio
417 3321 617 3410 significata
632 3321 808 3413 reperitur
824 3322 861 3389 in
875 3320 1038 3413 pluribus
1054 3318 1247 3405 distinctis,
1265 3325 1375 3409 potest

203 3450 325 3497 nomen
347 3427 521 3519 applicari
543 3429 606 3497 nni
629 3429 860 3498 determinato
883 3452 925 3498 ex
949 3428 1024 3496 illis
1045 3425 1218 3517 pluribus,
1244 3432 1282 3494 et
1304 3434 1375 3495 tum

202 3535 338 3626 prohoo
348 3535 577 3606 determinato
589 3537 716 3606 axillis
727 3537 889 3629 pluribus
905 3536 1166 3607 diciturnomen
1174 3557 1375 3624 supponere.

204 3640 263 3711 Sic
272 3640 310 3708 in
320 3642 565 3733 propositione:
580 3641 680 3711 homo
692 3643 798 3728 vivit,
819 3641 1033 3733 significatio
1042 3641 1191 3710 nominis
1204 3642 1298 3706 bomo
1310 3662 1375 3710 non

203 3745 351 3832 estalia,
370 3749 446 3818 sive
462 3769 538 3819 eam
553 3748 714 3819 enunties
725 3751 762 3817 in
775 3748 947 3818 communi
959 3748 1034 3820 sive
1050 3749 1092 3817 de
1108 3748 1223 3833 Petro;
1242 3746 1375 3836 signiti-

202 3862 261 3924 cat
282 3856 374 3924 onim
390 3877 525 3946 semper
540 3855 671 3924 animal
687 3855 870 3940 rationale,
890 3856 950 3926 sed
966 3856 1004 3924 in
1020 3857 1174 3925 secunda
1188 3855 1375 3947 hypothesi

202 3961 367 4052 supponit
374 3984 438 4054 pro
455 3984 525 4032 una
538 3962 714 4053 singulari
729 3984 877 4053 persona
893 3963 956 4051 (1).
975 3963 1082 4031 Porro
1095 3964 1235 4031 nomina
1246 3963 1375 4032 formae

274 4147 317 4224 (1)
331 4155 475 4223 uProprin
495 4154 571 4208 ratio
592 4155 718 4208 nominis
741 4158 804 4220 est,
826 4169 910 4222 quom
929 4153 1075 4220 siqafficat
1095 4167 1206 4206 nomen.
1229 4150 1263 4204 Id
1283 4158 1375 4206 antem

203 4244 249 4298 cui
268 4244 446 4314 adtribuitur
461 4258 572 4309 nomen,
595 4244 621 4296 si
638 4243 678 4297 ait
696 4247 771 4297 recte
791 4245 934 4309 sumptum
956 4242 1008 4295 sub
1026 4256 1056 4294 rc
1074 4243 1237 4308 significata
1259 4258 1311 4310 per
1332 4258 1375 4296 no-

203 4347 267 4385 man
285 4332 361 4387 sicut
379 4331 598 4386 determinatum
611 4331 663 4386 sub
683 4330 913 4397 indeterminato,
935 4329 1044 4384 dicitur
1054 4331 1177 4397 supponi
1185 4346 1237 4399 per
1249 4347 1375 4386 nomena

204 4422 233 4475 S.
247 4422 301 4476 Fb.
316 4422 477 4497 dePotent.
491 4437 520 4490 q.
535 4422 562 4476 9.
576 4438 603 4475 ε.
616 4421 645 4475 4.
