3172 4950
714 354 753 369 -
777 318 836 385 103
856 354 895 370 -

226 434 275 496 tns
300 423 445 498 mittens
476 425 606 495 Isaiam
629 427 674 498 ad
698 429 865 518 populum
886 428 1019 516 Israel,
1045 451 1088 499 ex
1111 426 1178 499 hac
1207 448 1291 500 vero
1313 451 1390 521 per·

225 555 376 603 sonarum
399 533 627 604 distinctione
651 557 802 625 persona
824 535 944 605 Patris
972 544 1013 606 ut
1035 535 1247 628 principium
1270 561 1333 629 per
1355 561 1391 608 se

224 640 442 732 intelligitur.
466 642 586 712 «cnm
613 641 798 733 Seraphim
821 643 929 712 Deum
948 643 1172 733 glorificant,
1199 651 1253 715 ter
1277 646 1392 717 dioen-

224 756 284 818 tes:
309 749 481 837 Sanctus,
509 750 681 836 Sanctus,
712 750 863 820 Sanetus
886 751 1055 820 Dominus
1086 753 1181 822 Deus
1212 753 1389 840 Sabaoth,

223 857 353 926 Patrem
376 864 413 927 et
434 857 568 927 Filium
591 865 627 928 et
654 857 827 949 Spiritum
856 857 1025 926 Sanctum
1057 858 1270 950 glorificant.
1299 860 1390 944 Qua·

224 971 353 1055 propter
375 966 473 1036 sicut
492 967 530 1035 in
555 966 690 1035 nomine
713 966 844 1051 Patris,
869 973 906 1036 et
932 966 1021 1037 Filii
1037 967 1268 1057 baptizamur,
1289 969 1341 1039 ita
1356 976 1393 1039 et

223 1072 409 1144 innomine
432 1074 590 1166 Spiritus
614 1074 757 1160 Sancti,
783 1081 819 1145 et
842 1076 1017 1146 efficimur
1040 1077 1109 1144 filii
1130 1076 1196 1146 Dei
1219 1079 1389 1147 uouDeo·

224 1205 300 1250 rum.
325 1183 434 1253 Pater
455 1184 549 1253 enim
571 1190 608 1254 et
629 1181 747 1254 Filius
778 1190 815 1255 et
847 1184 1005 1276 Spiritus
1037 1183 1188 1255 Sanctus
1218 1186 1389 1256 Dominus

225 1288 364 1359 Sabaoth
388 1296 485 1360 ast...
501 1290 652 1383 Ideoque
676 1312 764 1384 quae
787 1291 892 1360 Pater
916 1290 1005 1360 dicit
1027 1292 1064 1359 in
1081 1292 1199 1378 Isaia,
1225 1315 1266 1362 ea
1287 1293 1388 1362 Ioan-

225 1419 273 1465 nes
293 1397 347 1466 ait
369 1397 501 1468 dixisse
523 1397 668 1487 Filium,
686 1400 725 1468 in
740 1398 878 1469 actibus
894 1404 1010 1468 autem
1032 1398 1283 1490 Apostolorum
1297 1401 1387 1471 Pau·

226 1502 271 1572 lus
284 1505 348 1590 ait,
367 1506 488 1576 adem
500 1505 672 1596 Spiritum
689 1506 856 1576 Sanctum
871 1505 1054 1599 loquutum
1067 1508 1203 1576 fuisse»
1219 1506 1256 1577 S.
1274 1506 1388 1576 Atha·

224 1634 286 1682 uas.
299 1613 342 1684 de
357 1614 539 1684 Incarnat.
554 1620 664 1684 contr.
679 1614 805 1684 Arian.
821 1639 857 1684 u.
877 1615 931 1683 10.
951 1614 1098 1684 Gemina
1121 1614 1259 1685 omuino
1282 1616 1389 1684 habet

226 1719 255 1789 S.
272 1722 463 1813 Gregorius
486 1724 684 1816 Nyssenus:
707 1748 809 1793 ocum
835 1722 930 1794 vidit
951 1724 1064 1792 Isaiae
1087 1724 1260 1793 sedentem
1284 1746 1387 1814 super

226 1827 335 1898 elium
356 1830 545 1917 excelsum,
569 1831 749 1923 antiquior
771 1831 919 1902 traditio
936 1831 1076 1900 Patrem
1099 1853 1173 1900 esse
1197 1831 1286 1901 dicit
1307 1855 1385 1901 eum

226 1936 273 2027 qui
293 1937 392 2007 visus
415 1945 480 2023 est,
507 1939 568 2008 sed
590 1938 825 2029 Evangelista
839 1938 988 2009 Ioannes
1005 1939 1050 2008 ad
1068 1938 1253 2008 Dominum
1269 1939 1385 2027 (Chri-

227 2048 316 2131 stum)
332 2046 444 2115 refert
456 2046 716 2137 prophetiam...
736 2069 884 2138 magnus
900 2069 984 2117 vero
995 2047 1127 2115 Paulus
1150 2046 1294 2117 eundem
1312 2071 1381 2119 ser·

226 2173 341 2221 uouem
361 2159 517 2224 testatur
541 2152 697 2244 Spiritus
721 2155 844 2224 Sancti
867 2156 1019 2225 fuisse...
1039 2154 1234 2239 ostendens,
1253 2161 1295 2224 ut
1310 2157 1381 2248 opi·

227 2281 288 2345 nor,
311 2282 371 2350 par
393 2260 483 2331 hanc
507 2283 641 2331 sacram
659 2261 891 2353 Scripturam,
911 2264 1001 2356 quod
1018 2260 1129 2331 omnis
1144 2261 1267 2332 divina
1289 2264 1381 2334 visio
1515 2271 1519 2279 '

228 2369 387 2463 omnisque
408 2371 475 2440 Dei
498 2371 674 2463 apparitio
697 2377 802 2463 atque
825 2371 935 2440 omnis
958 2394 1069 2441 sermo
1092 2395 1134 2441 ex
1158 2394 1305 2462 persona
1316 2372 1383 2443 Dei

227 2472 326 2546 dictus
340 2477 382 2546 de
396 2478 503 2547 Patre
526 2483 562 2547 et
584 2477 626 2547 de
648 2476 742 2547 Filio
765 2478 867 2547 etde
891 2478 1031 2569 Spiritu
1055 2477 1183 2546 Sancto
1206 2477 1379 2569 intelligi·

226 2586 302 2651 turn
324 2585 431 2675 Nysa.
450 2591 562 2655 contr.
579 2585 728 2654 Eunom.
742 2585 768 2654 1.
786 2586 817 2654 Ι.
832 2586 874 2655 Τ.
888 2586 939 2654 Π.
954 2611 988 2676 p.
1007 2586 1062 2655 60.
1078 2587 1140 2672 (cf.
1155 2585 1279 2656 Petav.
1291 2585 1379 2655 1.Π.

228 2712 251 2757 e.
266 2691 294 2758 7.
309 2715 343 2760 ιι.
362 2692 416 2780 14;
441 2691 468 2761 l.
487 2692 589 2761 VIII.
607 2716 637 2762 c.
657 2693 690 2761 2.
712 2717 748 2761 n.
768 2692 830 2778 13;
855 2692 1038 2761 Muranum
1062 2692 1104 2761 de
1126 2691 1248 2762 Divin.
1269 2693 1314 2760 D.
1333 2693 1379 2762 N.

227 2795 292 2892 Iesu
311 2799 444 2869 Christi
468 2799 495 2868 l.
509 2800 540 2869 1.
555 2801 595 2868 P.
609 2800 660 2869 11.
675 2824 705 2870 c.
719 2801 773 2869 17.
788 2824 823 2870 n.
840 2802 888 2888 3).
914 2801 990 2870 Hac
1019 2800 1243 2870 distinctione
1266 2800 1382 2892 posita

227 2911 318 2993 patet,
335 2908 625 2999 quampraeclara
641 2908 849 2978 exhibeatur
864 2908 973 2978 trium
983 2907 1113 2994 unitas,
1128 2914 1170 2977 ut
1182 2907 1245 2976 SS.
1260 2908 1384 2979 Patres

226 3011 456 3101 adverterunt,
481 3014 685 3085 nouaclum
708 3016 799 3109 quod
823 3016 1016 3084 subiectum
1046 3015 1161 3084 trinae
1195 3015 1383 3106 praedica-

225 3118 314 3190 tionis
334 3129 389 3192 est
411 3144 503 3191 unus
526 3122 696 3192 Dominus
720 3128 812 3192 Deus
835 3123 1065 3209 exercituum,
1084 3123 1265 3193 sedetiam
1284 3145 1382 3215 prae·

224 3225 320 3299 dicato
342 3230 430 3322 ipso,
461 3229 552 3323 quod
579 3230 694 3321 gloria
721 3231 922 3301 sanctitatis
953 3253 1024 3301 una
1050 3238 1104 3301 est
1130 3237 1167 3301 et
1193 3231 1382 3301 celebratio

222 3339 265 3406 ter
283 3337 458 3430 repetitur
481 3338 609 3408 eadem.
980 3394 982 3398 .

273 3447 463 3517 Distinctio
486 3447 591 3517 etiam
608 3446 786 3516 indicatur
802 3446 838 3515 in
855 3445 919 3514 illa
937 3445 1250 3516 connumeratione:
1272 3475 1288 3510 a
1305 3449 1381 3516 Ver·

220 3552 249 3621 lc
276 3557 419 3623 Domini
449 3554 538 3624 caeli
567 3554 700 3624 firmati
732 3562 816 3624 sunt
838 3561 875 3624 et
899 3555 1037 3644 Spiritu
1068 3557 1138 3620 oris
1169 3557 1240 3621 eius
1271 3554 1381 3624 omnis
1476 3629 1480 3636 ,

216 3661 321 3733 virtus
352 3685 505 3732 eornmn
539 3662 596 3731 Ps.
623 3662 778 3730 XXXII.
805 3663 850 3747 6,
877 3685 976 3755 quem
1001 3661 1114 3731 locum
1143 3662 1266 3731 Patres
1295 3662 1382 3754 plu-

213 3768 283 3839 rimi
298 3771 342 3840 de
358 3770 423 3840 SS.
444 3770 621 3840 Trinitate
633 3770 913 3862 interpretantur
932 3771 1027 3859 (vid.
1048 3771 1169 3840 Petav.
1188 3770 1213 3839 l.
1228 3768 1279 3838 H.
1295 3794 1324 3840 o.
1344 3771 1377 3839 7.

211 3898 241 3946 n.
263 3878 334 3965 14).
360 3877 572 3968 Expressior
594 3884 649 3947 est
671 3877 849 3969 Sapientis
875 3879 1056 3970 precatio:
1076 3907 1102 3955 va
1128 3879 1218 3945 Deus
1240 3883 1381 3968 patrum

209 4007 355 4055 meorum
378 3989 416 4053 et
437 3983 584 4053 Domine
607 3983 881 4071 misericordiae,
908 3984 968 4077 qui
993 3983 1113 4053 fecisti
1137 3984 1253 4052 omnia
1278 3984 1381 4053 Verbo

209 4105 259 4158 tuo
277 4085 322 4183 (ἐν
341 4089 422 4181 λογῳ
438 4115 493 4156 σου
510 4092 547 4159 in
571 4091 685 4161 Verbo
702 4091 760 4161 vel
774 4114 837 4182 per
865 4092 1018 4161 Verbum
1041 4096 1169 4178 tuum),
1188 4097 1224 4160 et
1240 4093 1381 4182 Sapien-

207 4200 256 4266 tia
278 4215 341 4267 raa
365 4199 584 4269 constituisti
614 4198 787 4268 hominem
889 4200 933 4269 da
957 4198 1043 4267 mihi
1076 4198 1209 4268 sedium
1239 4205 1381 4269 tuarum

204 4307 417 4378 assistricem
433 4308 721 4398 Sapientiam...
747 4329 886 4377 sensum
910 4311 1026 4376 autem
1049 4312 1149 4375 tuum
1173 4305 1252 4398 quis
1276 4306 1375 4391 sciet,

204 4415 270 4488 nisi
281 4424 325 4488 tu
335 4415 475 4488 dederis
490 4414 712 4506 sapientiem,
730 4420 768 4486 et
778 4418 911 4483 miseris
923 4416 1094 4506 Spiritum
1106 4417 1268 4484 Sanctam
1284 4427 1379 4479 taam
