3172 4950
657 316 696 332 -
716 285 778 347 219
796 316 835 332 -

192 413 282 460 um...
300 389 476 461 Similiter
498 395 536 460 et
558 391 619 482 qui
641 391 782 460 Patrem
805 389 999 475 admiserit,
1013 388 1120 458 etiam
1143 389 1276 459 Filium
1300 396 1337 460 et

192 500 338 593 ‚piritum
362 499 532 571 Sanctum
555 505 726 591 potestate
749 499 856 568 simul
879 499 1048 568 admittit.
1063 499 1141 569 Non
1164 500 1255 568 enim
1277 522 1335 590 po·

192 614 239 677 est
258 608 379 700 aliqua
402 608 476 677 ullo
499 614 600 698 pacto
624 607 819 697 excogitari
842 607 900 676 vel
924 607 1033 676 sectio
1056 607 1114 676 vel
1136 607 1277 691 divisio,
1296 613 1337 675 ut

192 716 245 787 due
263 715 380 785 Filius
403 717 532 808 absque
555 716 660 784 Patre
683 713 840 804 intelligi
864 713 939 783 sive
963 714 1119 804 Spiritus
1139 713 1269 782 aFilio
1285 737 1336 783 se·

191 824 268 915 iungi
289 830 417 918 queat,
443 823 503 892 sed
526 822 718 892 ineffabilis
741 823 910 915 quaedam
927 829 963 892 ct
977 821 1337 913 incomprehensibilis

192 931 285 1001 inhis
305 931 602 1002 animadvertitur
625 931 817 1002 communio
843 931 949 999 simul
971 937 1007 1000 et
1029 931 1245 1001 distinction
1270 931 1337 998 Ba·

196 1039 288 1131 silep.
302 1040 357 1108 38.
376 1040 425 1109 al.
441 1039 499 1109 43.
513 1064 549 1109 ιι.
560 1041 593 1108 4.
605 1039 815 1109 Huiusmodi
838 1038 1134 1108 declarationibus
1149 1039 1337 1108 inexisten-

198 1148 246 1218 tiac
264 1157 403 1219 mutuae
426 1170 651 1239 personarum
674 1171 735 1239 per
758 1155 906 1218 naturae
929 1149 1101 1216 unitatem
1127 1147 1230 1238 plena
1253 1151 1339 1215 sunt

199 1256 435 1326 mniaPatrum
454 1256 588 1346 scripta
600 1255 770 1325 adversus
781 1253 934 1325 Arianos
946 1254 1141 1343 (videRuiz
1155 1253 1335 1344 disp2073

199 1360 324 1435 Petaul.
335 1364 401 1435 IV.
414 1389 445 1435 c.
460 1365 516 1453 163
532 1365 752 1435 Thomassin.
767 1389 797 1434 c.
807 1364 863 1453 283
873 1364 1017 1433 Bullum
1025 1363 1193 1435 Fid.Nic.
1209 1366 1335 1434 sect.4.

201 1473 252 1542 al.
264 1497 297 1542 n.
311 1473 367 1542 10.
378 1478 461 1567 sq.).

243 1580 404 1664 Quamvis
426 1602 510 1651 vero
533 1580 704 1651 hactenus
726 1580 902 1672 explicata
917 1580 1010 1650 ratio
1025 1581 1132 1651 huius
1148 1581 1335 1652 inexisten-

200 1688 248 1758 to
264 1697 400 1760 mutuae
424 1690 473 1758 sit
496 1690 615 1759 unitas
638 1695 798 1778 naturae;
825 1689 928 1779 longe
943 1696 1059 1759 tamen
1075 1690 1252 1781 diversum
1270 1699 1334 1778 est',

200 1794 262 1887 qnod
281 1797 317 1865 in
339 1819 411 1866 una
433 1817 580 1887 persona
603 1820 632 1866 e.
652 1822 688 1887 g.
707 1797 745 1864 in
768 1796 876 1865 Patre
900 1797 993 1865 inest
1008 1798 1171 1882 essentia,
1190 1820 1337 1890 quacum

199 1900 406 1975 identificatur
427 1904 568 1974 Filius:
592 1911 628 1974 et
652 1905 742 1997 quod
766 1905 803 1974 in
827 1904 932 1974 Patre
963 1904 1126 1974 inexistit
1149 1907 1335 1991 secundum

200 2028 363 2104 περιχωιησιν
386 2011 504 2081 Filius
527 2014 591 2081 sub
614 2012 755 2081 formali
779 2011 916 2081 ratione
947 2034 1114 2103 personae
1147 2012 1338 2083 distinctus

199 2116 307 2210 clipeo
331 2121 451 2190 Patre.
471 2120 568 2189 Illud
595 2121 695 2212 prius
724 2143 792 2190 non
823 2127 877 2189 est
906 2120 1134 2191 inexistentia
1166 2123 1272 2192 unius
1300 2124 1335 2190 in

198 2220 302 2313 uero,
326 2226 387 2296 sed
411 2227 523 2296 solnm
546 2234 667 2297 nostro
690 2227 789 2296 modo
807 2227 1030 2318 intelligendi
1053 2230 1241 2300 secundum
1256 2252 1337 2299 ana-

199 2326 296 2421 logian
330 2342 571 2409 creaturarum
605 2338 817 2429 concipimus
857 2360 1037 2429 personam
1072 2346 1113 2407 ut
1147 2339 1339 2409 subiectum

199 2440 314 2513 dines
330 2451 498 2514 naturam
514 2445 615 2515 velut
630 2445 776 2513 formam
793 2445 1081 2536 metaphysicam;
1096 2446 1240 2515 realiter
1256 2468 1338 2515 vero

198 2554 234 2617 st
248 2553 375 2622 omnino
398 2553 568 2622 identitas
591 2576 757 2644 personae
781 2559 817 2622 et
840 2560 1000 2638 naturae,
1026 2553 1063 2621 h.
1082 2578 1111 2623 e.
1139 2576 1195 2622 res
1218 2554 1336 2623 eadem

200 2655 423 2751 simplicissima
447 2663 512 2731 sub
535 2682 605 2730 una
628 2661 788 2747 ratione,
815 2667 988 2754 quatenus
1011 2668 1066 2730 est
1087 2661 1260 2748 absoluta,
1286 2662 1337 2732 di·

201 2761 264 2836 tur
282 2778 317 2840 et
338 2776 394 2841 cst
415 2776 545 2839 natura
568 2768 712 2855 divina,
738 2775 773 2838 et
797 2770 861 2838 sub
885 2769 958 2837 alia
981 2769 1137 2856 ratione,
1164 2777 1337 2862 quatenus

201 2880 235 2942 st
248 2876 413 2964 relativa,
440 2878 572 2948 dicitur
596 2886 632 2948 et
655 2886 711 2949 est
734 2901 882 2970 persona
898 2878 1031 2948 divina.
1047 2877 1117 2948 Ubi
1132 2885 1248 2948 antem
1265 2900 1337 2947 reu·

202 2974 414 3057 indistinctio
436 3010 506 3056 non
528 2994 605 3074 est,
630 2989 787 3079 profecto
810 3011 879 3057 non
901 2978 1016 3078 potest
1046 3010 1121 3058 csse
1149 3009 1256 3057 unum
1287 2986 1339 3054 in·

202 3086 317 3166 dions
338 3096 459 3166 alteri.
476 3096 528 3164 At
551 3117 700 3187 persona
723 3118 906 3187 apersona
935 3096 1080 3166 realiter
1104 3096 1340 3186 distinguitur

203 3198 387 3289 &personae
410 3225 528 3272 omnes
551 3209 624 3272 tres
640 3203 907 3273 identificantur
923 3227 1001 3273 cum
1019 3211 1159 3292 natura3
1178 3203 1270 3273 unde
1285 3224 1339 3273 ra-

202 3300 263 3376 tius
281 3310 521 3380 distinctionis
543 3319 637 3381 recte
661 3317 777 3402 potest
799 3311 871 3381 dici
895 3334 965 3381 una
995 3312 1102 3381 alteri
1125 3312 1337 3398 inexistens,

186 3416 297 3495 ‚utone
312 3419 602 3489 identificationis
618 3420 770 3489 omnium
787 3420 897 3490 trium
914 3444 991 3490 cum
1008 3442 1079 3489 nna
1097 3420 1268 3491 communi
1280 3441 1340 3488 na·

203 3516 465 3598 iura'nocessario
490 3550 606 3597 omnes
629 3534 702 3597 tres
725 3529 794 3598 sibi
818 3536 940 3598 mutuo
970 3527 1193 3613 inexistunt,
1219 3532 1261 3595 ut
1284 3525 1340 3594 de·

204 3620 337 3705 tinctum
361 3644 428 3706 est.

244 3738 521 3815 Circumincessio
544 3746 663 3839 itaque
686 3746 780 3816 sicut
802 3746 904 3816 velut
930 3747 1077 3814 formam
1101 3750 1137 3813 ct
1160 3743 1340 3823 continens

204 3836 342 3919 monum
379 3851 486 3921 habet
519 3873 623 3921 unam
658 3875 801 3921 numero
833 3874 1043 3922 communem
1075 3858 1259 3935 naturam,
1290 3849 1343 3918 ita

203 3947 268 4024 'tlut
288 3960 455 4029 terminos
479 3960 645 4052 supponit
667 3967 703 4029 et
725 3960 878 4030 includit
895 3959 1039 4029 realiter
1055 3959 1243 4028 distinctas
1266 3979 1342 4048 per-

203 4070 280 4132 mos.
305 4065 347 4135 In
374 4067 644 4138 commendanda
666 4066 807 4137 unitata
829 4073 978 4153 naturae
1003 4074 1180 4160 tamquam
1206 4064 1343 4135 ratione

203 4175 389 4263 ῑῑριχωρησεως
412 4196 433 4241 a
456 4175 520 4245 SS.
535 4176 705 4245 Patribus
729 4198 797 4244 non
821 4176 938 4245 minus
954 4176 1105 4245 sollicite
1123 4176 1209 4244 haec
1224 4195 1340 4264 perso-

203 4282 290 4347 ”eun
310 4282 493 4353 distinctio
516 4284 730 4355 declaratur.
760 4285 861 4368 «Qui
885 4287 928 4354 ab
952 4307 991 4354 eo
1014 4284 1075 4377 qui
1091 4284 1197 4372 habet
1214 4281 1340 4364 omnia,

203 4386 300 4473 *cepit
320 4391 461 4478 omnia,
486 4393 581 4464 Deus
604 4416 625 4462 a
648 4394 744 4479 Deo,
770 4393 919 4484 spiritns
942 4415 964 4460 a
990 4392 1144 4483 spiritu,
1180 4391 1297 4459 lumen
1323 4409 1344 4455 a
