3172 4950
709 360 746 373 -
768 328 829 389 392
848 360 886 373 -

210 438 313 500 turae
336 438 372 500 et
394 431 540 499 Petrum
567 432 674 501 dietis
697 433 886 501 deducitur
909 432 954 501 ad
977 432 1278 501 demonstrandum
1300 456 1348 502 uo

211 537 293 605 dum
316 537 544 627 processionis
569 536 725 629 Spiritus
757 539 879 609 Sancti
910 563 972 629 per
1003 539 1185 609 formalem
1214 541 1349 609 rationcn

211 645 409 713 voluntatis
432 669 494 714 sen
517 646 741 732 dilectionis,
767 649 869 717 ouius
900 647 973 739 ipse
997 648 1047 716 sit
1070 647 1278 717 intrinsecus
1300 656 1348 718 ter

211 753 327 819 miuus
352 758 392 818 ut
415 774 510 819 arnor
532 775 740 842 expressae,
767 755 841 822 sola
864 753 1054 823 difficultas
1071 754 1154 824 inde
1169 756 1240 847 peti
1253 762 1348 845 potest,

212 861 302 953 quod
327 860 501 950 imprimis
524 862 633 930 tertia
656 885 802 952 persona
824 884 847 929 a
869 862 1011 931 Christo
1023 863 1172 933 Domino
1195 865 1267 954 ipso
1285 863 1348 932 tlesi·

211 977 343 1059 gnatur
358 978 399 1038 nt
411 972 566 1059 Spiritus
581 974 753 1051 veritatis,
768 972 829 1062 qui
844 972 1084 1040 testimonium
1098 972 1258 1061 perhibet
1270 970 1351 1063 etqui

210 1078 311 1148 docet
333 1102 464 1149 omnem
488 1080 674 1149 veritatem
699 1082 764 1169 (io.
783 1082 883 1150 XIV.
900 1081 955 1149 17.
973 1081 1051 1169 26.;
1077 1082 1158 1150 XV.
1176 1082 1255 1168 26.;
1276 1080 1349 1148 XVI.

211 1186 266 1255 13.
287 1191 368 1277 sq.),
394 1209 463 1255 non
487 1188 602 1255 minus
626 1211 730 1279 quam
754 1193 796 1257 ut
819 1191 974 1278 Spiritus
996 1193 1142 1259 Sanctus
1165 1195 1202 1258 et
1230 1192 1352 1279 Spiritu

208 1298 359 1384 protiue.
384 1295 637 1385 Antiquissimi
661 1296 784 1365 deinde
809 1297 933 1365 Patres
949 1296 1060 1388 aliqui
1075 1299 1254 1384 irenaeus,
1270 1298 1352 1365 Theo

210 1402 330 1493 philus
345 1401 606 1485 Antiochenus,
630 1402 876 1471 Tertullianus
899 1409 1026 1495 (snpra
1042 1429 1077 1495 p.
1094 1405 1171 1472 106.
1189 1404 1264 1472 144.
1274 1404 1352 1487 174.)

209 1532 369 1601 expresse
393 1511 579 1599 designant
608 1510 781 1600 Spiritum
809 1511 975 1581 Sanctum
1004 1513 1141 1582 nomine
1168 1516 1350 1603 sapientiae,

210 1642 298 1712 quae
326 1620 439 1704 alias,
474 1628 514 1687 nt
537 1618 643 1709 paulo
666 1628 747 1689 ante
771 1620 949 1704 diximus,
983 1621 1074 1690 solet
1095 1645 1171 1691 esse
1194 1608 1373 1712 appellatio'

209 1727 341 1813 Verbi,
375 1736 480 1819 atque
508 1729 593 1797 adeo
617 1729 832 1798 intellexisse
857 1731 1023 1799 videntur
1047 1731 1291 1819 processionem
1309 1748 1351 1817 ptr

211 1836 347 1907 modum
365 1836 567 1907 intellectus
585 1837 621 1903 in
637 1837 746 1905 tertia
761 1859 908 1927 persona
923 1860 1030 1929 aeque
1046 1859 1086 1906 ao
1103 1838 1142 1905 in
1158 1837 1308 1908 secunda.

276 1947 501 2036 Respondes:
527 1948 722 2015 adtentum
746 1946 952 2033 Scripturae
969 1946 1059 2037 qnod
1075 1954 1222 2037 spectat,
1240 1946 1295 2015 SS.
1306 1946 1349 2013 Po

209 2062 283 2123 tres
305 2055 367 2145 qni
390 2054 527 2122 nomine
551 2056 710 2121 ueritatis
740 2053 798 2120 hic
829 2052 1037 2143 intelligunt
1066 2056 1350 2145 appropriationes

211 2163 398 2231 mundum
422 2161 559 2229 modum
583 2159 837 2251 processionis,
864 2166 1038 2229 ceritatem
1071 2163 1197 2231 dicunt
1226 2186 1292 2231 esse
1310 2160 1349 2228 Pi-

210 2268 295 2337 linm
312 2270 375 2356 (1).
405 2300 420 2332 c
439 2269 612 2357 Spiritum
636 2270 803 2337 veritatis
825 2270 981 2360 appellat
1004 2270 1210 2357 (Christus),
1228 2279 1349 2339 utsnnu

210 2378 409 2469 significet,
435 2378 507 2468 ipse
531 2378 623 2447 enim
647 2386 700 2447 est
731 2378 895 2447 ueritass
923 2379 960 2447 S.
974 2378 1103 2468 cyrill.
1119 2377 1347 2466 (Cateninlo.

209 2486 264 2555 ed.
278 2486 421 2555 t'orderi
438 2510 472 2575 p.
484 2486 562 2553 394.
581 2510 623 2555 ex
647 2486 672 2554 l.
691 2487 754 2554 IX.
771 2488 808 2554 in
825 2487 876 2554 Io.
890 2486 976 2577 Opp.
990 2486 1033 2553 Τ.
1048 2486 1113 2555 IV.
1126 2510 1160 2576 p.
1176 2487 1266 2571 810).
1281 2485 1349 2551 Hace

211 2616 293 2661 vero
317 2593 562 2683 interpretatio
585 2602 620 2661 et
644 2593 831 2663 nonnullae
854 2594 946 2663 aliae
977 2592 1060 2662 licet
1090 2595 1208 2661 minus
1237 2613 1348 2662 comno-

209 2700 297 2781 dae,
323 2700 451 2791 quilius
475 2703 629 2789 Spiritus
654 2704 812 2767 recitatis
826 2702 1023 2791 explicatur
1047 2702 1205 2791 Spiritus
1221 2704 1294 2767 noni
1313 2697 1349 2765 l'e

210 2813 371 2875 statuenti
375 2860 383 2873 .
408 2809 567 2898 Spiritus
584 2809 703 2899 fidelia
727 2836 767 2875 ar
791 2826 947 2876 constans
962 2816 1044 2893 eta,
1063 2810 1282 2877 manifestum
1296 2804 1348 2873 retl-

209 2918 323 2985 tlunt.
349 2939 451 3009 qnam
476 2930 571 2985 cetto
595 2940 798 3007 persuasum
824 2920 934 2987 fuerit
957 2918 1135 3001 Patribus,
1161 2940 1229 2985 non
1250 2914 1349 2983 tertiat

209 3028 267 3093 secl
286 3026 455 3095 secundae
471 3050 636 3115 personae
653 3028 830 3116 proprium
846 3026 1080 3095 characterem
1097 3050 1173 3095 csse
1193 3022 1349 3094 secundun

210 3134 346 3201 modum
371 3134 601 3223 procedendi,
627 3134 717 3225 qnod
742 3135 790 3202 sit
816 3138 955 3202 ceritas.
982 3136 1142 3202 Ceterum
1159 3134 1197 3201 iu
1212 3125 1349 3202 contexti·

210 3241 274 3307 ltus
298 3241 486 3329 Evangelii
511 3244 665 3331 Spiritus
689 3246 847 3308 recitatis
876 3242 994 3312 dictus
1025 3240 1243 3329 intelligitur
1270 3233 1349 3327 aptit·

209 3348 317 3417 sime.
344 3358 516 3439 quatenns
540 3350 667 3417 missus
690 3372 711 3415 a
734 3350 838 3416 Patre
861 3362 896 3417 et
919 3349 1014 3416 Pilio
1043 3349 1226 3436 Apostolis
1247 3340 1349 3413 revele

210 3458 261 3525 rit
286 3466 320 3525 et
345 3456 380 3523 iu
407 3456 562 3525 Ecclesia
587 3482 647 3547 per
671 3480 769 3525 suam
785 3458 1023 3525 assistentiam
1039 3478 1175 3546 semper
1197 3454 1349 3525 conservat

209 3564 403 3633 ‹lectrinam
428 3564 534 3635 ticlei.
560 3588 647 3656 qnae
671 3563 786 3633 ornnia
811 3566 986 3653 pertinent
1016 3564 1062 3632 ad
1094 3562 1346 3633 distributiones

208 3672 459 3742 charismatum
482 3684 517 3741 et
541 3674 760 3761 gratiarum:
788 3672 878 3741 nrtde
901 3672 1091 3763 appellatio
1108 3672 1264 3763 Spiritus
1283 3664 1347 3734 reri·

208 3780 294 3847 talis
318 3780 518 3848 continetur
540 3780 605 3847 sub
627 3780 740 3847 altera
767 3782 921 3869 Spiritus
933 3783 1085 3869 praticae.
1103 3780 1136 3847 si
1159 3779 1243 3848 haec
1255 3779 1287 3845 in
1299 3792 1346 3840 au·

209 3885 312 3975 plicri
337 3888 594 3975 significatione
618 3888 782 3956 struitur.

275 3996 374 4075 tlutul
399 3994 522 4063 cleiucle
538 3994 580 4063 tle
596 3994 762 4064 Patribus
778 3996 924 4065 dicitnr.
943 3997 1004 4088 qui
1023 3994 1197 4085 Spiritum
1214 3994 1346 4063 Sanum

207 4104 472 4191 designaverint
497 4106 632 4173 neruine
656 4108 873 4193 sapientiae.
899 4103 954 4171 illi
972 4106 1174 4193 pancissimi
1190 4111 1268 4171 snut
1281 4092 1343 4166 etin

207 4210 271 4279 lior
295 4212 392 4281 rutulo
416 4212 576 4303 implendi
602 4214 826 4303 singulares.
853 4238 931 4282 cum
956 4236 1023 4280 usn
1039 4210 1211 4281 comatuni
1233 4210 1343 4276 Patrain

207 4331 239 4386 ct
266 4320 442 4388 Ecclesiae
468 4322 579 4389 tetius
603 4326 777 4409 saevientia
809 4322 1054 4411 approprietur
1084 4320 1200 4389 Verbo
1227 4340 1264 4386 ex
1290 4309 1342 4377 25⁰³

259 4454 302 4529 (ll
323 4466 427 4513 t¹·.·:...a
451 4482 492 4511 te.
510 4460 640 4513 sini-..m
661 4478 722 4515 rau
741 4464 875 4517 officula
