3172 4950
544 325 582 342 -
607 292 663 356 111
686 326 724 341 -

519 455 673 527 CAPUT
696 456 746 526 11.

88 618 240 663 uacum
255 619 465 664 umlnuoma
483 620 525 663 D}
544 619 684 664 nmnn‘rn
703 617 868 662 nnnnmon
887 616 1037 662 nanum
1056 616 1188 661 muman

340 711 374 753 m
394 710 545 754 PRRBONIS
564 709 724 752 nnnm‘rnn
743 708 928 751 murmane.

509 869 654 931 THESIS
675 870 761 930 VIII.

62 1000 232 1064 Communia
251 1005 333 1085 fides
353 1004 539 1066 christiana
553 1007 678 1066 soeculo
694 1001 715 1062 Ι
717 1003 744 1062 V
757 1000 891 1064 ineunte
906 1007 944 1063 in
958 1004 1132 1065 distinctos
1149 1020 1226 1079 per·

109 1122 203 1164 sonus
223 1106 327 1164 anina
346 1103 483 1164 diuinae
503 1111 646 1164 naturae
667 1103 910 1163 demonstratur
930 1119 973 1162 ecc
993 1100 1134 1161 historic
1149 1102 1225 1163 bae·

110 1205 186 1264 resia
202 1203 357 1264 Arianae
376 1206 509 1282 citoque
529 1202 798 1263 condemnatione
820 1203 857 1261 in
879 1199 1024 1262 Concilio
1045 1201 1201 1262 Nicceno.

122 1377 301 1432 -commnm
318 1377 374 1432 tide
392 1394 410 1432 a
427 1378 564 1432 Patrlbus
581 1375 692 1431 tradita
711 1380 778 1430 ante
803 1375 960 1430 Ouncilium
982 1374 1137 1429 Nicaenum
1167 1391 1224 1429 eae·

63 1470 139 1523 naula
155 1469 206 1523 IV.
217 1469 337 1522 Ineunte
356 1468 485 1522 Ecclesia
502 1467 690 1536 profitebatur
715 1483 802 1520 unum
821 1468 909 1520 Deum
935 1480 1075 1534 unamque
1094 1464 1224 1520 diviuam

64 1564 214 1613 »natumn-
227 1560 259 1611 in
279 1559 375 1613 tribus
389 1558 538 1612 distinctis
557 1559 698 1627 personis,
714 1557 867 1611 seeundum
886 1571 969 1626 quum
988 1555 1070 1610 fldem
1083 1556 1166 1609 uelut
1179 1554 1224 1608 de-

63 1646 172 1700 ·tnitio
190 1647 355 1700 clarissima
373 1648 511 1702 adserens
530 1663 632 1702 nouam
651 1647 792 1702 haereslm
811 1647 842 1699 lu
866 1646 950 1701 Oeno.
974 1646 1097 1699 Nicaeno
1117 1645 1223 1699 eonsti-

63 1741 175 1791 =tutum
194 1742 242 1792 ent
259 1722 429 1806 symbolum,
449 1737 557 1792 Filium
576 1753 637 1791 ense
656 1738 739 1791 Patri
758 1737 1060 1790 contentionum.»

112 1904 142 1974 Ι.
169 1905 268 1989 Quae
290 1905 402 1975 inerit
436 1904 649 1977 universalis
672 1929 711 1975 ac
736 1912 897 1977 constans
933 1905 1018 1975 fides
1041 1903 1219 1975 Ecclesiae

63 2018 215 2103 tempore,
242 2036 309 2105 qno
332 2013 443 2083 Arius
466 2036 565 2084 suam
589 2015 782 2085 doctrinam
806 2015 955 2105 primum
978 2013 1142 2104 protulit,
1161 2035 1219 2104 ap·

64 2127 148 2209 pret
165 2124 196 2189 1·
210 2143 253 2189 ex
266 2122 377 2209 modo,
392 2145 459 2215 quo
475 2121 630 2192 haeresis
642 2123 819 2193 Ecclesiae
830 2122 1040 2192 denuntiata
1053 2127 1107 2191 eet
1119 2128 1155 2193 et
1167 2122 1222 2192 de-

62 2231 223 2300 nuntiatio
242 2236 415 2321 suscepta.
432 2230 579 2316 Quando
590 2231 740 2322 primum
755 2231 865 2300 Arius
889 2254 986 2300 enam
1010 2230 1218 2301 sententiam

65 2337 164 2427 palam
179 2339 332 2430 apernit,
350 2338 551 2409 Alexander
565 2339 758 2431 Episcopus
773 2338 1036 2409 Alexandrinus
1056 2338 1101 2408 ad
1115 2339 1221 2408 Alex·

64 2447 195 2518 andrum
218 2447 642 2540 constantinopolitanum
658 2452 715 2536 (ut
736 2449 943 2518 inscribitur
960 2447 1052 2539 apud
1069 2447 1223 2517 Theodo-

64 2560 176 2643 retum)
187 2557 251 2644 (l),
261 2562 297 2627 et
308 2579 351 2625 ex
360 2555 514 2626 Concilio
522 2557 761 2627 Alexandriae
773 2557 893 2626 habitu
904 2557 948 2626 ad
962 2554 1124 2626 universi
1131 2555 1224 2625 orbis

64 2661 237 2757 Episcopus
258 2665 401 2736 litterae
423 2665 532 2751 dedit,
556 2664 683 2758 quibus
709 2665 924 2735 haereticum
947 2664 1128 2735 universae
1154 2663 1222 2733 Ec-

65 2771 173 2844 clesiae
184 2774 423 2860 denuntiavit,
441 2775 585 2866 eiusque
599 2775 791 2845 novitatem
809 2773 1040 2844 eontrafidem
1052 2771 1220 2842 traditam

65 2878 150 2951 iuxta
169 2883 364 2973 genuinum
387 2906 525 2952 sensum
547 2883 630 2952 Arii
644 2881 818 2973 exposuit,
834 2904 877 2950 ne
893 2882 1018 2951 fraude
1034 2888 1070 2951 et
1086 2880 1219 2951 fucatis

65 2988 191 3059 vocibus
214 2989 290 3080 ipse
314 3013 392 3059 enm
416 2987 491 3058 suis
512 2994 589 3058 tum
612 2989 727 3058 adhuc
749 2989 871 3079 paucis
895 2988 1085 3058 foederatis
1101 2988 1221 3059 haere·

64 3095 113 3164 eim
135 3101 255 3186 tegere
277 3102 314 3166 et
336 3097 388 3165 ita
422 3095 553 3165 alicubi
586 3097 625 3164 in
648 3095 918 3165 communionem
950 3094 1223 3166 ecclesiasticam

62 3202 209 3295 obrepere
231 3208 361 3294 poseat.
386 3202 489 3274 Nihil
512 3202 604 3271 enim
635 3202 820 3273 dubitabat
841 3203 1044 3273 Alexander
1075 3203 1220 3296 eiusque

61 3306 251 3397 Concilium,
276 3311 362 3404 quin
385 3311 525 3401 cognite
547 3310 629 3379 Arii
653 3333 769 3396 sensu,
795 3309 958 3400 negantis
982 3332 1086 3381 unam
1109 3312 1218 3382 Verbi

59 3425 209 3488 naturam
225 3442 303 3488 cum
318 3419 435 3505 Patre,
450 3419 494 3487 ab
510 3417 687 3489 universis
705 3417 833 3510 ubique
850 3425 1025 3487 terrarum
1035 3419 1223 3511 Episcopie

58 3529 224 3619 tamquam
239 3525 369 3616 impius
384 3525 622 3595 damnaretur.
645 3524 790 3598 «Multa
807 3523 937 3593 habens
954 3525 1080 3612 dicere,
1104 3526 1222 3619 inquit

56 3653 99 3723 ep.
116 3634 170 3704 ad
184 3633 426 3703 Alexandrum
449 3632 564 3724 (apud
588 3631 795 3702 Theodoret.
813 3632 859 3701 H.
875 3632 918 3701 Ε.
932 3632 1000 3705 LI.
1012 3656 1041 3703 c.
1053 3633 1086 3702 3.
1099 3633 1220 3705 nm.

55 3765 81 3831 p.
97 3740 202 3827 531),
229 3740 447 3831 supersedeo,
474 3740 566 3832 qnod
588 3738 771 3810 molestum
794 3745 912 3830 putem
929 3740 1091 3831 pluribus
1107 3741 1221 3811 admo·

53 3871 125 3918 nere
148 3850 307 3918 doctores
330 3848 523 3918 unanimes.
548 3847 623 3940 Ipsi
646 3847 738 3917 enim
761 3869 783 3915 a
804 3849 876 3917 Deo
901 3849 1014 3919 edocti
1043 3849 1130 3919 estis
1153 3874 1221 3920 non

53 3955 263 4046 ignorantes,
281 3956 373 4025 hanc
391 3977 479 4048 qnae
502 3955 672 4026 adversus
694 3956 964 4026 ecclesiasticam
981 3957 1145 4047 pietatem
1156 3982 1220 4029 nu·

51 4087 105 4155 per
120 4089 156 4137 se
172 4065 316 4151 extulit,
342 4064 487 4135 Ebionis
510 4071 546 4135 et
567 4065 732 4136 Artemae
748 4065 944 4136 doctrinam
962 4088 1036 4136 esse
1053 4073 1089 4136 et
1105 4088 1220 4136 aemu-

115 4228 158 4305 (1)
176 4232 220 4286 Ex
234 4234 369 4286 mntextu
389 4235 527 4300 apparet,
543 4231 694 4299 epistulam
712 4231 804 4285 luisse
820 4230 915 4284 datam
934 4230 970 4284 ad
989 4232 1088 4299 plures
1107 4232 1221 4300 Episco-

49 4340 111 4392 pus,
136 4327 215 4378 iuter
234 4339 306 4394 qnos
329 4324 429 4393 utIque
448 4323 538 4379 luerit
554 4321 718 4378 Alexander
736 4323 883 4390 Byzantii.
903 4322 947 4378 ef.
962 4323 998 4376 cl.
1014 4323 1120 4378 Heffele
1140 4322 1218 4378 Hlst.

48 4412 128 4469 Cone,
140 4414 209 4470 r.1.
220 4431 249 4485 p.
261 4413 327 4468 2³8.
