3172 4950
635 338 673 351 -
694 305 756 366 397
776 338 814 351 ..

186 433 227 479 sm
249 410 508 501 processionum
530 410 748 479 internorum
772 411 811 478 in
826 410 957 502 spiritu
972 410 1124 497 infinito,
1143 414 1310 504 quomodo

186 527 217 589 ut
236 519 490 609 concipiendae.

209 629 250 696 In
264 628 400 718 spiritu
414 627 553 696 infinito
576 628 820 719 productiones
836 636 872 698 et
886 628 1122 718 processiones
1138 630 1308 716 internae,

186 738 333 829 lquibus
356 737 568 828 quaerimus,
583 760 721 806 necesse
744 745 799 806 est
822 739 1053 827 respondeant
1074 746 1224 807 naturae
1242 741 1311 830 spi·

186 845 252 914 toli.
267 844 508 913 Processiones
530 851 646 913 autem
670 845 708 912 in
728 846 859 935 spiritu
882 869 950 913 non
974 853 1120 936 possunt
1142 870 1216 915 esse
1240 848 1309 916 nisi

186 976 208 1021 cr
227 958 329 1021 octus
359 951 488 1021 vitales
511 951 756 1040 immanentes;
782 953 841 1021 sed
865 953 955 1021 tales
982 958 1082 1021 actus
1112 954 1150 1020 in
1181 954 1311 1044 spiritu

186 1062 294 1129 efecto
318 1068 355 1129 et
378 1082 417 1128 eo
441 1060 553 1148 magis
577 1061 614 1127 in
638 1060 767 1150 spiritu
790 1060 930 1128 infinito
953 1068 1037 1129 sunt
1052 1061 1311 1131 necessarioin-

186 1167 294 1237 llectio
319 1167 407 1252 veri,
426 1173 462 1235 et
485 1165 609 1235 volitio
632 1166 713 1234 boni
736 1190 797 1235 seu
821 1167 974 1252 dilectio,
993 1191 1056 1236 nec
1073 1173 1221 1258 possunt
1237 1191 1310 1236 esse

186 1274 284 1362 iio),
311 1275 396 1368 quia
419 1297 534 1342 omnes
557 1273 622 1341 alii
644 1281 745 1342 actus
769 1274 897 1343 vitales
921 1274 1108 1342 includunt
1130 1275 1310 1365 imperfec-

186 1406 269 1453 onem
288 1384 473 1472 (Pallavic.
486 1384 586 1452 Curs.
605 1383 712 1452 theol.
734 1386 760 1454 l.
784 1384 886 1452 VIII.
902 1408 931 1454 1.
948 1384 1002 1451 51.
1021 1409 1056 1452 n.
1072 1383 1179 1472 ste).
1208 1383 1312 1452 Sicut

186 1516 227 1582 po
246 1491 415 1562 revelatio
440 1492 539 1561 docet
561 1493 648 1560 duas
664 1493 910 1583 processiones,
929 1494 981 1561 ito
1005 1491 1110 1560 etiam
1125 1512 1168 1558 ex
1184 1496 1313 1559 natura

186 1601 289 1691 tiritus
318 1601 452 1669 infiniti
474 1601 713 1690 intelligitur,
739 1602 770 1669 si
794 1600 887 1687 sint,
914 1625 982 1670 non
1005 1624 1104 1691 posse
1126 1624 1199 1670 esse
1222 1600 1312 1667 elios

186 1732 246 1779 uum
267 1726 329 1801 per
354 1709 572 1778 intellectum
596 1724 631 1780 et
651 1712 881 1796 voluntatem,
901 1735 962 1779 seu
986 1711 1110 1780 melius
1126 1734 1188 1801 per
1209 1709 1311 1778 intel·

186 1816 322 1886 ctionem
345 1823 381 1886 et
403 1818 604 1887 volitionem
630 1818 666 1887 S.
683 1819 749 1886 Th.
765 1820 797 1887 1.
814 1844 847 1911 q.
868 1820 994 1889 2111.
1012 1820 1098 1888 1·.·3.
1122 1821 1169 1906 5.;
1197 1824 1308 1888 contr.

186 1930 247 1993 ont.
269 1924 333 1995 IV.
361 1948 411 1993 co.
439 1924 493 1992 11.
516 1924 571 1992 19.
598 1926 668 2012 26.;
684 1925 866 2015 Compend.
886 1926 1040 2015 theolog.
1061 1950 1089 1995 c.
1110 1927 1165 1993 52.
1184 1926 1255 2012 56.;
1271 1924 1313 1992 de

186 2038 276 2102 btent.
301 2059 334 2125 q.
363 2031 396 2100 9.
422 2055 455 2100 a.
480 2031 513 2101 9.
540 2031 845 2102 considerabimus
868 2039 1056 2125 utrumque
1079 2034 1310 2126 processionis

186 2141 291 2211 rodum.

216 2250 242 2317 Ι.
256 2250 410 2321 Divinus
426 2250 628 2319 intellectus
651 2251 823 2342 imprimis
850 2259 993 2320 nonest
1015 2253 1170 2321 facultas
1193 2276 1310 2344 super-

186 2354 264 2426 ddita
285 2352 474 2445 essentiae,
501 2358 561 2427 sed
591 2364 646 2427 est
672 2359 819 2449 ipsamet
845 2359 966 2427 divine
992 2359 1162 2448 essentia;
1189 2361 1312 2429 deinde

187 2471 281 2534 orest
301 2466 505 2535 intellectus
528 2467 563 2534 in
589 2467 746 2556 potentia
771 2467 827 2535 vel
850 2467 887 2534 in
910 2467 1036 2535 habitu
1054 2468 1098 2535 ad
1114 2474 1226 2552 ectus,
1253 2468 1311 2535 sed

186 2576 259 2642 aex
281 2575 473 2643 intrinseca
495 2597 560 2643 sua
583 2581 710 2643 natura
733 2590 828 2642 octar
846 2600 968 2664 parus,
986 2575 1232 2643 substantialis
1248 2576 1312 2643 sci·

186 2676 231 2748 'cet
248 2682 398 2751 actualis
422 2681 615 2750 intellectio
630 2682 783 2750 infinite.
802 2681 982 2750 Obiectum
999 2681 1248 2749 intellectionis
1260 2686 1313 2750 est

186 2790 239 2857 leus
258 2791 333 2882 ipse
356 2813 419 2858 seu
442 2789 565 2858 divina
589 2791 740 2859 essentia
764 2812 912 2881 quacum
942 2788 1136 2857 intellectio
1159 2789 1310 2857 identifi-

186 2900 261 2983 ulur,
286 2904 323 2967 et
346 2898 383 2965 in
407 2898 530 2967 divine
553 2899 706 2966 essentia
728 2921 826 2965 omne
852 2920 987 2965 verum.
1003 2896 1095 2965 Hinc
1118 2896 1312 2966 intellectio

186 3000 264 3073 irino
282 3031 349 3075 non
366 3006 560 3096 perficitur,
587 3007 689 3075 utin
713 3007 862 3092 creatis,
889 3008 1145 3098 multiplicibus
1176 3006 1312 3075 actibus

186 3106 290 3199 licitis,
316 3114 376 3183 sed
401 3119 458 3183 est
480 3114 627 3205 ipsamet
644 3137 735 3183 nnus
758 3121 859 3184 actus
884 3115 1130 3184 substantialis
1161 3137 1308 3204 compre·

186 3220 293 3290 cudens
317 3245 352 3289 se
378 3244 499 3291 verum
524 3222 704 3292 infinitum
727 3232 763 3292 et
786 3224 823 3290 in
847 3247 882 3292 se
907 3247 1004 3292 omne
1029 3247 1162 3292 verum.
1177 3224 1312 3292 Hucus-

186 3342 216 3391 us
233 3328 336 3396 etiam
358 3329 490 3397 lumine
513 3329 664 3397 rationis
687 3330 934 3420 pertingimus,
953 3338 990 3399 et
1013 3330 1135 3400 multis
1159 3330 1312 3400 haerde-

186 3424 275 3504 luruto
295 3436 402 3504 babes
425 3436 462 3503 in
486 3437 659 3505 Tractatn
678 3438 719 3505 de
735 3438 818 3505 Deo.

215 3541 280 3610 lam
305 3566 388 3613 vero
411 3544 573 3625 infinitus
586 3544 789 3616 intellectus
813 3545 1059 3614 substantialis
1083 3545 1312 3634 intelligendo

186 3652 360 3737 rproducit
376 3651 530 3719 Verbum
546 3650 622 3736 sui,
642 3659 683 3719 ut
700 3652 774 3719 sola
789 3652 1003 3721 revelatione
1019 3652 1191 3719 novimus.
1210 3651 1244 3719 N
1245 3675 1313 3719 nnc

186 3760 258 3826 utem
279 3784 322 3829 ex
344 3761 411 3829 hac
440 3760 508 3828 fide
540 3759 739 3851 quaerimus
769 3760 920 3851 aliquem
951 3759 1170 3827 intellectum
1200 3757 1307 3826 buius

186 3866 390 3937 reductionis.
406 3868 563 3959 Spiritus
587 3874 746 3952 creatus,
772 3868 888 3957 imago
911 3868 976 3936 Dei
1000 3867 1149 3959 spiritus
1166 3867 1310 3951 infiniti,

186 3974 371 4065 stelligendo
393 3999 430 4044 se
454 3974 618 4066 producit
641 3976 678 4042 in
703 3998 738 4044 se
763 3976 905 4044 verbum
937 3976 1014 4060 sui,
1040 3976 1154 4044 idest
1182 3979 1237 4041 rai
1261 3979 1314 4041 in-

186 4073 365 4151 dlcctuclem
388 4086 634 4173 expressionem
658 4107 730 4169 seu,
758 4090 799 4153 ut
815 4091 951 4153 veteres
967 4085 1175 4175 loquuntur,
1196 4086 1308 4153 inteu-

205 4330 239 4407 (l)
254 4338 394 4403 Quomodo
410 4340 503 4393 omnis
520 4339 1077 4407 11111111111111111111111111111111
1091 4340 1169 4394 etad
1189 4354 1310 4394 umorem

186 4422 220 4475 111
233 4434 382 4498 avocetur,
395 4431 462 4484 vide
481 4430 556 4498 apud
574 4431 603 4485 S.
615 4431 669 4484 rh.
681 4434 771 4485 contr.
784 4430 868 4484 (1111.
880 4431 929 4484 IV.
944 4447 967 4483 c.
981 4430 1024 4483 19.
