3172 4950
707 319 745 332 -
767 287 806 347 23
827 319 865 332 -

271 389 381 459 Alteri
410 390 507 480 parti
540 389 709 458 orationis
739 391 797 459 vel
825 391 943 481 potius
974 392 1125 460 orationi
1160 395 1374 464 secundaea

225 497 309 588 priori
322 497 513 567 distinctae
529 497 740 567 occasionem
752 497 850 567 dedit
860 499 1039 568 accusatio
1052 495 1273 569 Iudaeorum.
1287 502 1371 570 Cum
1439 484 1441 488 ὗ

224 606 291 674 enim
317 607 459 696 proprio
485 610 522 676 et
550 606 652 674 obvio
682 628 808 691 sensu,
843 629 943 698 quem
974 606 1150 693 diximus,
1184 632 1372 678 sermonem

223 712 330 782 Christi
353 713 624 798 intellexissent,
654 714 865 782 accusabant
887 735 964 781 eum
989 714 1234 805 blasphemiae:
1263 717 1373 808 aquia

222 826 250 888 tn
261 819 351 888 bomo
368 843 449 889 cnm
465 820 526 905 sis,
552 819 641 888 facis
656 825 692 889 te
709 820 822 910 ipsum
838 821 947 890 Deum
963 850 994 889 o.
1013 821 1088 890 Iam
1108 824 1192 915 qnid
1209 824 1374 893 Salvator

222 927 326 997 dehac
341 928 551 997 Iudaeorum
567 927 803 997 intellectione
826 930 1036 1019 respondet?
1056 931 1123 1000 «si
1139 931 1176 1000 id
1193 931 1284 1000 falso
1301 932 1371 1022 opi·

221 1036 276 1104 noti
289 1035 453 1122 fuissent,
472 1036 590 1127 inquit
604 1032 874 1124 Chrysostomus
890 1036 965 1121 l.o.,
980 1037 1062 1106 illos
1079 1039 1259 1107 emendare
1276 1062 1373 1129 opor·

220 1144 311 1213 tuit...
327 1145 362 1215 N
364 1167 432 1213 unc
449 1150 572 1214 contra
587 1143 663 1212 illis
680 1144 931 1214 ferocientibus
949 1144 1047 1214 illam
1071 1147 1280 1220 sententiam
1296 1169 1373 1216 con-

221 1251 315 1321 fimat
335 1274 378 1323 ac
401 1254 568 1343 probato
586 1251 754 1323 Videmus
770 1252 892 1323 multis
916 1253 953 1320 in
976 1253 1063 1322 locis
1084 1253 1244 1323 divinum
1260 1254 1372 1344 Magi-

221 1364 310 1428 strum
320 1365 564 1451 praeposteras
577 1360 760 1429 verborum
773 1382 914 1428 suorum
930 1359 1186 1449 intelligentias
1199 1361 1373 1450 corrigere

220 1472 246 1535 et
256 1489 371 1537 verum
387 1489 527 1537 sensum
543 1465 732 1556 explicare;
752 1473 873 1536 contra
889 1490 984 1552 vero,
1004 1467 1064 1536 nbi
1081 1473 1176 1537 recte
1194 1468 1373 1538 intellecto

220 1595 302 1645 seusu
316 1581 460 1665 propter
475 1574 638 1664 mysterii
654 1575 894 1644 difficultatem
910 1575 996 1644 fides
1011 1582 1174 1664 negatur,
1193 1576 1281 1645 solet
1296 1599 1373 1646 ver·

220 1682 257 1752 bis
276 1683 398 1753 iisdem
421 1683 479 1753 vel
503 1683 820 1775 aequipollentibus
835 1684 925 1753 illud
943 1683 1069 1773 ipsum,
1089 1685 1179 1775 quod
1197 1705 1372 1774 oppugna·
1488 1698 1491 1703 '

219 1790 326 1878 batur,
359 1798 516 1881 repetere
546 1797 583 1859 et
605 1791 782 1861 inculcare
806 1790 908 1878 (vide
940 1791 1059 1860 Tract.
1091 1791 1133 1859 de
1163 1792 1367 1860 Eucharist.

218 1895 254 1967 tl.
270 1898 338 1968 ΠΙ.
348 1903 375 1986 ).
401 1899 488 1968 Cum
511 1897 682 1968 dixisset:
704 1921 794 1988 rego
817 1903 854 1967 et
876 1898 983 1967 Pater
1007 1921 1115 1966 uuum
1138 1922 1311 1984 sumus,n
1337 1905 1374 1967 et

218 2001 322 2075 Iudaei
346 2004 412 2077 hoe
439 2005 627 2075 secundum
658 2005 796 2074 obviam
824 2004 1116 2094 significationem
1147 2005 1373 2096 interpretati

216 2117 313 2181 oxma
335 2111 437 2182 velut
458 2111 696 2204 aequipollens
730 2111 976 2180 affirmationi:
1002 2134 1066 2200 ego
1090 2134 1166 2180 sum
1188 2114 1303 2198 Deus,
1329 2114 1372 2181 ob

215 2216 300 2310 idque
324 2219 575 2310 blasphemiam
599 2219 881 2307 conclamassent
908 2218 1077 2287 Dominus
1097 2220 1282 2310 respondet
1304 2244 1372 2288 non

214 2325 401 2396 emolliendo
430 2327 562 2397 dictum
586 2326 645 2395 sed
668 2325 879 2416 increpando
909 2325 1118 2394 Iudaeorum
1145 2327 1372 2397 incredulita-

213 2436 278 2520 tem,
295 2435 450 2527 adeoque
464 2434 624 2526 postulat
638 2435 740 2505 fidem
756 2434 794 2502 in
809 2434 858 2519 id,
877 2434 968 2526 quod
981 2433 1132 2519 dixerat,
1151 2440 1187 2503 et
1208 2457 1245 2503 eo
1269 2458 1373 2505 sensu

212 2563 264 2632 quo
285 2542 356 2633 ipsi
378 2541 639 2613 intellexerant.
665 2543 723 2613 Aa
745 2544 836 2612 hanc
859 2542 1120 2613 incredulitatis
1136 2543 1371 2632 exprobratio-

210 2668 273 2718 nem
287 2650 453 2740 pertinet,
473 2651 564 2742 quod
587 2651 653 2720 ait:
674 2673 805 2743 equam
828 2651 933 2719 Pater
957 2649 1205 2735 sanctificavit,
1223 2654 1259 2718 et
1274 2650 1372 2719 misit

208 2755 236 2825 in
256 2758 434 2843 mundum,
452 2781 515 2829 vos
531 2757 663 2828 dicitis:
683 2758 767 2850 quia
779 2757 1009 2849 blasphemas,
1032 2758 1114 2849 quia
1138 2757 1226 2825 dixi:
1253 2759 1371 2825 Filios

207 2864 264 2933 Dei
283 2891 368 2935 rum.
383 2893 400 2929 o
414 2866 527 2958 Atqui
548 2864 623 2957 ipse
638 2888 706 2934 non
730 2865 815 2935 haec
838 2866 956 2950 verba,
977 2866 1036 2934 sed
1052 2865 1203 2933 dixerat:
1230 2888 1320 2954 rego
1336 2871 1373 2934 et

206 2971 299 3044 Pater
322 2998 432 3044 unum
456 2996 587 3059 sumus,
601 3001 617 3036 a
633 2978 670 3042 et
691 2972 815 3042 Iudaei
830 2996 899 3041 non
915 2976 1179 3056 accusaverant,
1207 2972 1297 3064 quod
1319 2971 1371 3040 di-

207 3084 301 3152 xerit:
331 3081 449 3152 Filius
472 3082 538 3151 Dei
561 3104 649 3165 sum,
675 3081 736 3150 sed
759 3081 850 3173 quod
874 3080 1018 3149 dixerit:
1044 3079 1139 3148 Deus
1164 3103 1251 3149 sum.
1277 3080 1372 3149 Haec

206 3187 308 3278 igitur
330 3190 416 3259 tria:
444 3211 536 3279 «ego
554 3194 590 3258 et
606 3189 711 3258 Pater
734 3211 842 3256 unum
866 3211 1027 3272 sumna»
1056 3210 1147 3277 rego
1167 3186 1284 3256 Filius
1306 3187 1371 3254 Dei

207 3319 284 3384 sum,
300 3325 317 3361 n
347 3318 438 3388 oego
460 3297 555 3366 Deus
572 3320 691 3382 sum,n
711 3295 761 3383 (1)
777 3295 947 3364 Dominus
962 3294 1093 3385 accipit
1108 3300 1149 3364 ut
1164 3294 1371 3386 propositio-

206 3427 257 3474 nes
267 3405 541 3498 aequipollentes
554 3406 615 3493 (cf.
630 3404 681 3472 Io.
693 3404 738 3473 V.
754 3403 823 3489 18),
835 3404 961 3495 quibus
977 3403 1141 3473 continuo
1153 3404 1253 3472 addit
1269 3423 1371 3494 quar·

205 3515 267 3581 iam
278 3513 323 3582 ad
334 3513 427 3582 idem
440 3511 699 3582 declarandum:
715 3509 847 3579 «Pater
859 3510 896 3577 in
912 3533 964 3578 me
977 3514 1041 3596 cst,
1056 3514 1093 3578 et
1104 3532 1168 3598 ego
1181 3508 1368 3578 inPatre.o

266 3754 308 3833 (2)
325 3759 358 3814 Si
376 3759 421 3813 cni
440 3758 475 3812 de
494 3760 525 3811 vi
545 3760 631 3813 huius
652 3757 907 3812 demonstrationis
933 3757 1090 3810 difficultas
1113 3756 1238 3809 oriretur
1259 3771 1293 3810 ex
1319 3772 1367 3821 eo,

207 3849 272 3914 quod
293 3864 350 3902 non
366 3850 429 3917 ipse
447 3849 585 3903 Dominus
607 3850 659 3903 ait:
682 3863 733 3914 ago
750 3849 826 3901 Deus
846 3863 917 3914 snm,
944 3847 992 3900 sed
1008 3847 1108 3900 Iudaei
1129 3848 1314 3914 exprobrant:
1330 3847 1370 3899 la-

205 3937 241 3990 cis
258 3943 285 3991 te
304 3941 399 4006 ipsum
421 3939 518 4005 Deum;
540 3938 567 3991 is
588 3938 810 4003 animadvertat,
826 3936 971 3990 adhristo
992 3936 1102 3989 modum
1122 3934 1309 4001 intelligendi
1327 3937 1371 3988 In·

205 4023 329 4081 dacorum
348 4028 511 4097 approbari.
532 4028 684 4080 Praeterea
698 4029 738 4080 Io.
760 4029 794 4080 V.
808 4027 850 4079 18.
865 4027 895 4079 in
910 4026 1069 4078 simillimis
1082 4026 1227 4079 adiunctis
1242 4026 1369 4090 Evange·

204 4113 269 4169 lists
286 4119 349 4186 ipse
372 4132 506 4186 expresse
525 4119 609 4185 ponit
633 4120 667 4170 no
689 4131 849 4182 synonyma
872 4116 941 4169 baec
962 4114 1015 4167 duo
1036 4114 1068 4168 da
1090 4115 1215 4168 Christo:
1236 4117 1368 4166 oPatrenr

205 4218 278 4259 suum
290 4205 415 4279 (xarrpa
427 4206 504 4278 iiior)
524 4206 637 4260 dicebat
658 4208 755 4273 Deum,
772 4206 879 4259 faciens
898 4221 927 4258 se
944 4207 1089 4272 aequalem
1104 4206 1192 4257 noo»
1206 4203 1291 4277 (Vide
1304 4205 1368 4256 Pro·

205 4292 348 4349 lectionem
367 4293 434 4349 fidei
453 4294 655 4364 Episcoporum
674 4294 788 4350 Africae
802 4296 925 4348 oblatam
938 4293 1079 4346 Hunerico
1092 4293 1154 4356 regi
1166 4293 1196 4345 in
1208 4292 1285 4344 niso.
1297 4293 1370 4344 Van-

204 4378 259 4435 dal.
271 4383 395 4441 Victoria
405 4385 518 4442 Vltena.
533 4387 554 4439 l.
565 4385 624 4453 ΠΙ.
635 4399 665 4438 n.
676 4382 728 4453 a).
