3172 4950
624 371 664 387 -
685 336 746 402 ⁴45
765 366 804 383 -

190 446 313 519 naliter
336 447 440 519 audit
462 454 499 518 et
520 447 650 538 accipit
664 468 686 515 a
701 444 795 514 Filio
810 468 889 514 cum
904 450 1064 535 respectu
1077 444 1122 513 ad
1138 444 1299 517 effectum

190 562 353 645 tempore,
379 556 440 647 qni
462 562 538 625 tum
561 552 698 646 quando
722 551 885 621 Christus
906 550 1137 643 loquebatur,
1157 553 1300 642 promit·

190 672 268 731 ntnr
290 662 405 731 adhuc
428 664 598 749 futurus3
624 661 701 732 ideo
724 660 860 729 auditio
883 667 919 729 et
940 660 1095 749 acceptio
1127 683 1214 752 quae
1245 684 1299 730 ae·

190 770 314 839 naliter
335 779 372 838 st
394 770 470 839 ideo
493 771 597 839 etiam
622 777 706 840 tunc
730 778 795 853 est,
822 768 958 859 quando
982 767 1106 836 existit
1128 768 1297 854 effectus,

191 878 245 947 nit
267 885 409 969 propter
431 878 521 948 hanc
548 878 781 969 operationem
798 883 835 945 et
857 883 999 967 propter
1022 875 1115 943 hunc
1138 877 1299 945 effectum

191 1008 288 1053 urum
311 985 356 1054 ut
378 994 479 1054 extra
501 985 681 1055 enuntiari
704 986 741 1053 iu
767 986 880 1053 forma
903 985 1068 1072 temporis
1093 984 1219 1052 futuri.
1235 984 1300 1052 Pa·

189 1114 204 1159 ι
223 1112 367 1183 graecos
390 1093 450 1184 qni
472 1114 515 1161 ex
539 1092 604 1161 hoc
626 1090 825 1161 testimonio
841 1090 891 1157 Io.
908 1089 1007 1158 XVI.
1026 1089 1152 1158 docent
1168 1112 1302 1180 proces·

189 1222 256 1268 nem
281 1198 438 1288 Spiritus
462 1200 584 1268 Sancti
606 1200 712 1268 etiam
735 1220 757 1264 a
779 1196 894 1281 Filio,
923 1197 1004 1266 vide
1035 1196 1177 1267 interim
1208 1198 1301 1289 apud

189 1304 290 1373 tav.l.
305 1303 389 1373 VII.
405 1328 435 1373 c.
451 1306 483 1372 5.

198 1410 244 1480 11.
270 1412 427 1503 Spiritus
442 1412 593 1481 Sanctus
608 1411 758 1482 relative
774 1410 906 1480 dicitur
921 1412 965 1481 ad
981 1432 1162 1502 personam
1178 1411 1298 1497 alium,

189 1522 278 1586 'cuitu
301 1521 466 1610 Spiritus.
504 1520 578 1588 Iam
603 1542 686 1589 vero
710 1543 853 1589 eumer
877 1522 954 1609 ipsa
984 1542 1047 1588 sua
1078 1519 1232 1588 relativa
1254 1520 1299 1589 oi·

189 1627 354 1697 litatione
388 1651 510 1698 nomen
534 1628 598 1698 hoc
617 1630 799 1718 personuit
822 1628 978 1719 Spiritus
1013 1622 1153 1717 (πνευμα)
1192 1628 1301 1697 conti·

189 1744 216 1805 nt
234 1738 407 1804 notionem
430 1737 670 1827 processionis,
691 1746 732 1805 nt
748 1736 840 1805 idem
855 1737 903 1805 sit
919 1758 959 1805 ac
974 1740 1129 1825 spirutus
1152 1759 1213 1805 seu
1232 1740 1301 1826 spi·

189 1868 246 1912 nen
268 1867 342 1909 πνοι
365 1846 426 1931 (cf.
446 1866 553 1935 supra
575 1869 609 1934 p.
624 1844 732 1932 390.);
758 1866 796 1912 eo
821 1845 895 1935 ipso
912 1843 1000 1913 dicit
1015 1843 1218 1913 relationem
1235 1845 1302 1914 ori·

188 1950 229 2021 ris
248 1952 293 2021 od
315 1974 390 2021 eam
413 1975 593 2043 personam
616 1962 651 2022 et
674 1954 937 2043 processionem,
964 1976 1024 2023 seu
1044 1956 1215 2044 spiratum
1238 1976 1305 2019 esso

202 2082 238 2129 ea
259 2082 419 2153 persona,
445 2062 547 2129 cuius
570 2062 703 2130 dicitnr
728 2061 898 2151 Spiritus.
926 2060 1015 2131 Sane
1039 2084 1135 2129 nemo
1154 2061 1224 2130 nisi
1246 2062 1303 2129 ub-

188 2166 336 2239 rdissime
350 2191 478 2259 negare
496 2176 626 2259 posset,
641 2178 678 2238 et
690 2168 913 2238 Schismatici
929 2170 998 2260 ipsi
1016 2192 1083 2236 non
1098 2177 1241 2259 negant,
1256 2168 1304 2237 lo·

188 2274 331 2347 tionibus
343 2278 497 2367 Spiritus
510 2279 575 2345 Dei
587 2276 715 2347 Matth.
730 2278 798 2346 III.
818 2278 873 2363 163
888 2279 986 2346 Rom.
1002 2278 1104 2347 VIII.
1119 2278 1153 2345 9.
1173 2278 1228 2346 11.
1248 2277 1302 2365 14;

188 2382 541 2472 cor.11.10.11;etc.;
557 2388 711 2475 Spiritus
725 2387 866 2453 Domini
878 2386 964 2454 Luc.
981 2386 1044 2453 IV.
1058 2387 1112 2472 183
1123 2390 1205 2454 Act.
1216 2384 1302 2472 V.9;

188 2488 299 2581 nist,
309 2492 693 2579 aeonum-,laetor
707 2494 861 2581 Spiritus
872 2491 1303 2562 ratrtsMatthMouo.

188 2598 280 2689 primi
304 2599 475 2690 spiratum
498 2622 520 2667 o
541 2601 625 2683 Deo,
650 2620 672 2665 a
694 2600 853 2683 Domino,
886 2621 907 2666 a
929 2599 1046 2667 Patre.
1074 2600 1173 2669 Unde
1200 2599 1306 2668 etiam

188 2702 383 2791 tor.11.1l,
400 2707 441 2774 12
456 2708 610 2795 Spiritus
627 2707 692 2773 Dei
708 2704 910 2775 declaratur
927 2707 1093 2795 Spiritus,
1108 2709 1171 2798 qui
1183 2729 1224 2772 ex
1237 2706 1306 2774 Deo

188 2824 239 2877 tre
255 2836 371 2899 πιευμα
393 2837 445 2878 του
468 2817 543 2878 Secu
561 2836 632 2879 -το
657 2837 771 2899 uranus
797 2836 829 2877 ro
852 2815 884 2877 ἐκ
907 2835 959 2876 τευ
984 2814 1072 2877 Secu.
1098 2813 1212 2903 Atqui
1239 2836 1308 2881 non

187 2918 374 3014 nusquam
399 2921 554 3011 Spiritus
577 2922 643 2991 Dei
673 2930 710 2991 et
738 2922 895 3011 Spiritus
918 2921 1039 2989 Patris
1062 2922 1204 3011 propria
1232 2943 1307 3011 per·

187 3048 238 3098 nne
258 3029 386 3098 tertiae
409 3029 605 3119 designatio
628 3037 682 3099 est
704 3029 742 3097 in
767 3028 935 3097 relatione
958 3031 1003 3098 ad
1025 3028 1171 3097 Filium:
1203 3027 1307 3119 «Spi-

187 3158 229 3205 ns
250 3136 337 3205 Filii
351 3163 368 3197 n
394 3136 474 3204 Gal.
493 3136 558 3204 IV.
574 3136 614 3224 63
645 3166 660 3200 u
676 3136 833 3226 Spiritus
849 3135 985 3205 Christi
1001 3164 1016 3197 u
1039 3138 1137 3204 Rom.
1154 3136 1257 3204 VIII.
1273 3134 1307 3221 93

193 3238 262 3313 Pet.
281 3244 312 3311 I.
330 3242 385 3329 113
407 3242 596 3333 «Spiritus
611 3242 692 3312 Iesu
709 3242 843 3311 Christi
857 3270 873 3303 n
893 3242 987 3309 Phil.
1001 3242 1031 3310 I.
1049 3242 1104 3331 193
1123 3242 1309 3333 «Spiritus

187 3372 246 3437 run
264 3350 425 3443 Ascyl.
441 3352 474 3418 7.
488 3350 537 3418 Et
560 3373 643 3419 vero
666 3349 750 3419 haec
767 3350 957 3440 appellatio
981 3356 1022 3417 nt
1045 3372 1152 3441 aeque
1168 3350 1311 3440 propria

188 3456 224 3527 in
238 3459 357 3528 eadem
372 3458 536 3550 loquendi
553 3460 664 3526 forme
682 3457 910 3547 coniungitur
926 3480 1003 3526 cum
1020 3456 1133 3525 alters
1156 3458 1310 3553 Spiritus

187 3570 222 3635 i:
248 3598 265 3633 u
279 3569 317 3638 in
340 3589 443 3637 carne
467 3567 638 3636 nonestis
659 3566 718 3635 sed
742 3565 779 3633 in
803 3564 945 3656 spiritu,
964 3565 995 3632 si
1018 3570 1133 3632 tamen
1157 3566 1311 3653 Spiritus

187 3676 365 3744 inabitat
387 3676 425 3743 in
449 3673 567 3760 vobis,
594 3674 625 3741 si
648 3674 728 3766 quis
751 3679 867 3741 antem
891 3673 1063 3761 Spiritum
1086 3668 1221 3737 Christi
1241 3692 1310 3739 non
1385 3670 1389 3677 ’

187 3784 252 3865 bet,
277 3782 336 3852 hic
358 3806 426 3851 non
450 3789 504 3850 est
526 3781 602 3850 cius
616 3808 633 3842 n
650 3782 748 3849 Rom.
766 3768 866 3848 VIII.
883 3778 916 3847 9.
1291 3856 1295 3863 Ι

200 3892 241 3962 Si
256 3891 486 3961 conferantur
503 3891 598 3958 inter
613 3913 649 3958 se
667 3897 740 3959 tres
758 3886 1031 3977 designationes,
1049 3886 1086 3952 in
1103 3886 1218 3975 prima
1234 3886 1310 3975 Spi-

187 4024 224 4068 us
238 4000 308 4067 Dei
324 3998 380 4069 vel
396 4000 550 4089 Spiritus
566 3999 708 4064 Domini
723 3996 857 4063 nomine
875 3996 941 4062 Dei
956 4000 993 4062 et
1005 3994 1147 4059 Domini
1173 3991 1311 4061 exhibe-

186 4108 324 4177 ·onnuis
346 4128 492 4197 persons
509 4105 642 4187 divina,
661 4126 748 4196 quae
766 4126 832 4172 non
849 4112 904 4173 est
920 4101 1075 4193 Spiritus
1092 4102 1254 4185 Sanctus,
1272 4108 1314 4169 ut

188 4216 349 4307 ncipium
373 4214 529 4304 Spiritus
553 4214 692 4300 Saucti;
721 4211 811 4280 unde
842 4209 1033 4303 propositio
1061 4207 1238 4299 complexa
1260 4229 1312 4276 re·

188 4326 289 4395 vitur
311 4324 349 4391 in
371 4321 546 4413 duplicem
569 4321 675 4391 aliam
698 4319 948 4409 distinguendo
972 4338 1139 4409 personas
1163 4335 1312 4404 compre·

186 4454 264 4503 usas
292 4430 429 4499 nomine
453 4429 520 4495 Dei
549 4450 590 4498 ac
620 4428 781 4495 Domini:
807 4428 962 4515 Spiritus
987 4425 1132 4505 Patris,
1157 4421 1313 4509 Spiritus
