3180 4944
862 354 901 368 -
922 320 984 384 582
1003 354 1042 368 -

365 450 442 496 men
465 427 548 493 doni
569 449 638 495 non
666 425 830 516 designat
852 426 1032 517 proprium
1055 425 1293 495 characterem
1327 422 1535 513 personalem

365 535 452 604 Filii
475 537 537 624 (cf.
549 535 586 603 S.
598 535 664 603 Th.
678 534 710 629 1..
723 534 807 629 dist.
822 534 877 602 18.
893 559 927 627 q.
947 534 979 602 1.
995 556 1027 602 a.
1047 534 1081 602 3.
1100 534 1144 603 ad
1160 533 1224 620 3.).
1249 530 1412 623 Spiritus
1427 535 1535 599 autem

366 642 541 727 Sanctus,
569 642 669 711 cuius
692 640 1095 732 characterpersonalis
1110 639 1329 710 constituens
1352 644 1421 725 est,
1440 643 1480 706 ut
1492 637 1535 706 sit

366 775 460 845 emor
470 749 660 840 productus
683 748 869 819 dilectione
891 749 1010 818 Patris
1033 753 1069 817 et
1090 746 1198 832 Filii,
1223 769 1266 816 ex
1290 747 1357 816 hoc
1380 746 1458 837 ipso
1479 766 1533 812 suo

365 858 566 928 charactere
589 857 765 948 personali
787 863 843 926 est
865 856 989 924 donum
1012 856 1130 925 Patris
1152 861 1189 925 et
1210 854 1312 923 Filii.

262 1015 267 1032 .
375 1038 379 1043 ,
431 966 485 1033 Ex
509 964 566 1033 hia
588 972 761 1056 apparet,
786 988 908 1034 nomen
932 964 1015 1031 doni
1037 963 1188 1033 relative
1211 969 1248 1032 et
1269 961 1398 1031 stricte
1426 982 1530 1048 sump-

362 1079 438 1159 tum
462 1072 719 1162 significatione
742 1073 960 1142 conincidere
977 1096 1054 1142 cum
1070 1070 1305 1163 appellatione
1323 1072 1531 1158 omorispro·

364 1177 523 1263 cedentis,
537 1185 573 1247 et
595 1179 684 1247 hanc
708 1178 836 1247 iterum
860 1201 936 1248 cum
960 1181 1089 1246 virtute
1111 1179 1379 1267 sanctificatrices
1406 1170 1532 1262 (δυναμις

364 1283 558 1374 ἀγιαστικη),
586 1308 688 1378 quam
712 1292 753 1355 ut
774 1287 952 1376 proprium
976 1288 1211 1356 characterem
1234 1284 1395 1375 Spiritus
1419 1280 1532 1352 Sancti

363 1391 529 1462 exhibent
543 1393 661 1483 plures
677 1394 800 1496 lPatres
824 1397 946 1483 (supra
957 1418 991 1485 p.
1004 1394 1082 1462 390.
1097 1392 1205 1479 aba),
1220 1393 1292 1462 nisi
1307 1392 1401 1484 quod
1418 1391 1533 1457 baum

339 1528 345 1545 ·
364 1513 396 1566 et
407 1503 459 1567 cis
471 1502 724 1589 sanctificastis
742 1501 874 1570 clarius
897 1501 1064 1592 exprimit
1085 1506 1281 1592 respectum
1300 1499 1478 1587 (rationis)
1492 1497 1531 1564 ad

363 1612 554 1675 creaturas.
577 1607 760 1678 cDilectio
775 1630 862 1699 quae
878 1631 920 1678 ex
936 1609 1008 1678 Deo
1024 1614 1077 1677 est
1092 1613 1128 1677 et
1143 1609 1238 1677 Deus
1253 1613 1318 1692 est,
1330 1606 1473 1697 proprie
1485 1603 1530 1690 (1)

363 1712 519 1801 Spiritus
545 1713 697 1783 Sanctus
715 1720 788 1800 est,
808 1737 869 1804 per
895 1737 993 1805 quem
1009 1713 1225 1783 diffunditur
1240 1713 1278 1781 in
1297 1711 1461 1782 cordibus
1478 1732 1529 1777 no

363 1819 448 1889 atris
471 1820 537 1888 Dei
560 1821 728 1906 charitas,
752 1843 940 1913 perquam
970 1844 1032 1890 nos
1055 1826 1130 1890 tota
1156 1819 1335 1889 inhabitat
1363 1818 1527 1888 Trinitas.

363 1926 535 2008 Quocirca
558 1928 753 1998 rectissime
776 1927 931 2019 Spiritus
956 1930 1130 2014 Sanetus,
1156 1950 1233 1998 cum
1265 1927 1314 1997 sit
1336 1927 1453 2010 Deua,
1477 1946 1528 1993 vo

363 2038 464 2101 catur
488 2032 594 2102 etiam
618 2034 742 2102 douram
756 2036 835 2103 Dei.
855 2036 954 2118 Quod
973 2036 1096 2103 dossum
1110 2035 1249 2127 proprie
1265 2034 1352 2125 quid
1370 2033 1442 2101 nisi
1457 2031 1527 2101 cha·

361 2137 451 2223 ritas
470 2138 702 2228 intelligenda
724 2148 800 2226 est,
827 2163 914 2233 quae
936 2141 1096 2232 perducit
1118 2141 1163 2211 ad
1185 2141 1296 2211 Deum
1320 2141 1386 2227 (2),
1411 2145 1448 2208 et
1462 2137 1528 2207 sine

362 2265 431 2336 qua
448 2244 626 2334 quodlibet
648 2246 747 2314 aliud
770 2246 898 2317 donum
920 2247 986 2316 Dei
1008 2271 1077 2317 non
1107 2247 1268 2337 perducit
1296 2245 1343 2314 ad
1374 2244 1525 2315 Deumls

363 2350 576 2440 Aug.·'l'rin.
592 2351 618 2420 l.
633 2352 715 2439 XV.
731 2375 762 2421 c.
778 2353 834 2421 18.

429 2457 601 2544 Quoniam
623 2467 738 2547 tamen
753 2484 885 2543 ¹nomen,
908 2462 1074 2530 dominon
1097 2484 1229 2552 semper
1244 2461 1310 2530 hac
1335 2459 1466 2529 stricta
1487 2459 1526 2527 si·

362 2563 588 2654 gnificatione
603 2567 797 2658 accipitur,
823 2574 858 2656 a)
883 2590 986 2637 sensu
1008 2590 1076 2636 uon
1099 2568 1251 2638 relativo
1281 2571 1327 2638 ad
1350 2590 1524 2658 personam

359 2676 562 2747 distinctam
586 2698 607 2743 a
630 2697 699 2767 qua
722 2676 837 2762 detur,
862 2681 978 2765 potest
1000 2674 1071 2745 dici
1095 2674 1222 2743 donum
1245 2675 1354 2744 etiam
1378 2677 1483 2744 Pater
1497 2679 1525 2742 et

358 2784 453 2853 Deus
477 2784 633 2852 absolute
658 2790 836 2874 spectatus
860 2806 921 2851 seu
944 2783 1095 2852 essentia
1118 2782 1253 2867 diviua,
1269 2781 1355 2874 quia
1369 2789 1407 2854 et
1430 2784 1523 2851 Pater

359 2892 512 2960 et·Deus
536 2892 694 2960 absolute
717 2897 894 2982 spectatus
918 2892 981 2959 dat
1004 2891 1179 2981 seipsum;
1206 2913 1317 2982 neque
1342 2891 1434 2959 enim
1457 2912 1522 2959 ver·

360 3001 439 3066 bum
464 2999 546 3067 dare
569 3005 606 3069 et
629 2999 768 3079 donorio
804 2999 920 3068 eodem
951 2999 1067 3088 rigore
1099 2998 1192 3067 sicut
1223 3001 1340 3065 missio
1367 2996 1522 3088 exprimit

358 3106 617 3175 distinctionem
651 3107 779 3176 realem
814 3107 907 3175 inter
941 3107 1081 3174 dantem
1112 3111 1149 3175 et
1183 3106 1303 3174 datum
1336 3105 1412 3194 (3),
1442 3102 1521 3198 quod

358 3211 428 3278 iam
452 3235 559 3302 supra
581 3213 902 3282 animadvertimus
919 3214 951 3298 b)
975 3211 1241 3302 Magisproprie
1256 3219 1293 3282 et
1316 3235 1423 3282 seusu
1446 3211 1520 3281 rela-

360 3317 434 3386 tivo
458 3319 590 3388 dicitur
614 3320 740 3389 donum
764 3344 841 3389 cum
865 3320 1090 3390 distinctione
1120 3319 1210 3389 reali
1240 3320 1362 3390 dantis
1392 3342 1434 3389 ac
1458 3316 1519 3388 dati

411 3496 454 3572 (1)
472 3499 590 3563 Quando
610 3501 644 3554 ab
662 3500 735 3567 Aug.
756 3502 884 3568 Spiritus
904 3502 1024 3555 Sanctus
1038 3502 1145 3555 dicitur
1153 3502 1408 3568 propriedilsctr'o,
1418 3501 1520 3569 propris

357 3588 489 3651 chorites,
512 3590 631 3657 opponit
643 3578 792 3656 proprium
811 3591 949 3643 communi
969 3594 999 3643 st
1018 3590 1159 3658 absoluto,
1181 3594 1214 3643 ut
1231 3590 1356 3657 ipsemet
1375 3591 1417 3644 ibi
1431 3587 1517 3643 multis

358 3677 495 3730 declarat.

409 3763 451 3839 (2)
469 3769 698 3836 Explicationem
718 3770 784 3822 vide
804 3770 878 3838 apud
898 3769 926 3822 S.
947 3771 1142 3823 Bonsveutur.
1163 3770 1308 3837 compend.
1331 3771 1422 3824 theol.
1442 3767 1514 3824 verit.

357 3872 380 3907 o.
395 3856 421 3907 9.
437 3856 563 3923 Spiritus
582 3859 703 3912 Sanctus
723 3861 768 3910 cat
786 3860 932 3925 charitas,
955 3873 1013 3925 qua
1030 3857 1180 3923 diligimus
1198 3859 1307 3925 Deum,
1329 3859 1479 3912 efficienter
1494 3855 1517 3905 cl

357 3945 569 4012 exemplariter,
590 3961 646 4000 uon
666 3950 761 3999 tamen
781 3946 943 3999 formaliter
961 3950 995 3998 ut
1013 3947 1131 4000 habitus
1150 3947 1306 4000 inhsorens
1321 3949 1369 4000 vel
1389 3950 1513 4002 sctusno·

358 4032 419 4082 ster
436 4031 600 4085 charitatis.

410 4112 452 4189 (3)
473 4104 608 4173 «Donum
627 4126 740 4188 oportet
767 4136 830 4175 esse
858 4122 956 4189 aliquo
984 4122 1064 4176 modo
1084 4122 1199 4190 dantis;
1222 4123 1271 4177 sed
1290 4125 1344 4178 hoe
1362 4140 1424 4177 esso
1442 4122 1512 4176 huius

237 4282 240 4289 Ι
356 4207 463 4260 dicitur
482 4211 699 4279 multipIIciter:
721 4228 776 4265 uno
797 4212 877 4265 modo
887 4230 943 4278 >prr
959 4212 1071 4266 modam
1091 4215 1294 4268 identitatis...
1317 4219 1348 4268 et
1367 4214 1512 4268 sindonum

355 4307 412 4435 pon
426 4297 619 4382 distinguitur
629 4316 646 4353 a
655 4300 741 4353 dante
755 4322 767 4351 n
790 4301 818 4364 S.
830 4302 883 4354 Tb.
894 4303 919 4353 1.
936 4318 964 4369 q.
976 4303 1021 4355 38.
1033 4318 1060 4355 a.
1073 4304 1099 4355 1.
1118 4303 1162 4358 cf.
1178 4306 1273 4358 tamen
1286 4303 1315 4358 S.
1327 4305 1478 4358 Bonavent.
1491 4298 1510 4348 l·

376 4385 427 4438 lat.
442 4387 485 4439 18.
498 4404 525 4456 q.
537 4388 565 4440 4.
595 4385 598 4390 ’
