3172 4950
611 360 648 375 -
669 326 730 389 380
752 362 790 377 -
905 340 909 347 ·

119 431 259 501 realiter
280 432 559 520 distinguentes,
591 442 631 502 ut
654 434 703 501 sit
725 435 820 502 alius
843 441 879 504 et
900 435 1008 505 alins.
1040 438 1093 509 At
1114 438 1150 505 in
1171 438 1256 529 print

120 561 262 631 persana
283 540 422 628 negatio
445 540 671 629 processionis
697 543 740 609 ab
763 541 846 627 elio,
861 564 930 633 qua
953 543 1090 612 dicitur
1113 547 1255 635 inperitis

120 648 156 715 iu
178 647 389 737 oppositione
412 647 457 715 ad
479 646 609 714 Filium
632 648 789 737 genitum
805 655 841 717 et
855 650 901 718 ad
914 650 1088 740 Spiritum
1106 653 1253 743 proceden-

119 766 199 823 tem.
224 753 311 822 dicit
338 753 442 819 aliam
468 754 645 823 formalem
669 756 837 825 rationem
861 757 1139 827 consideratione
1160 760 1252 829 ment'u

118 864 317 931 distinctam
340 885 362 929 a
384 862 594 951 paternitate
617 870 652 931 et
674 864 793 933 activa
812 864 1016 954 spiratione.

185 970 290 1039 Porro
312 970 357 1037 ad
380 970 667 1059 significationem
690 971 790 1039 illius
814 973 1015 1061 negationis
1031 974 1121 1065 quod
1142 974 1249 1057 attinet,
1273 1060 1275 1067 Ι

119 1082 289 1172 processio
312 1104 354 1149 ex
378 1080 547 1170 principio
569 1081 688 1171 utique
710 1103 778 1148 ιιοιι
810 1087 866 1149 est
892 1081 1110 1170 imperfectio
1132 1084 1167 1151 in
1184 1082 1251 1151 Filio
1273 1094 1275 1153 i

118 1200 153 1259 et
171 1188 310 1277 Spiritu
325 1187 465 1269 Sancto,
479 1186 538 1255 sed
554 1187 725 1277 processio
741 1196 833 1256 esset
847 1188 1065 1277 imperiectio
1081 1197 1179 1281 atqua
1191 1190 1251 1259 cde
1273 1220 1275 1269 ι

118 1296 259 1386 negatio
280 1310 315 1365 et
338 1295 528 1365 destructio
546 1296 681 1383 primae
703 1317 867 1383 personae
890 1296 1095 1383 Trinitatis3
1115 1297 1195 1365 unde
1212 1318 1251 1365 ne
1271 1280 1275 1367 l

119 1408 216 1497 gotio
239 1406 419 1474 relationis
440 1405 551 1494 geniti
573 1412 608 1473 et
632 1405 850 1495 procedentis
872 1406 909 1473 in
933 1407 1040 1475 Patre
1063 1414 1118 1475 est
1139 1407 1275 1505 affirma-5

118 1518 168 1585 tic
196 1514 416 1605 perfectionis
439 1513 607 1581 relativae
629 1535 689 1580 seu
712 1512 928 1601 personalis,
960 1513 1052 1605 quod
1076 1514 1166 1581 sicut
1183 1513 1276 1609 litui

118 1622 352 1693 essentialiter
373 1632 426 1689 est
442 1622 527 1688 Esse
541 1620 735 1709 ingenitum
751 1618 1007 1708 significatione
1023 1618 1249 1689 absolutate
1264 1618 1276 1661 '³

119 1760 176 1801 ens
198 1758 219 1798 o
241 1732 348 1800 saite
368 1734 481 1819 prima
504 1751 649 1819 persona
673 1728 862 1797 Trinitatis
884 1735 938 1796 est
961 1752 1002 1797 ex
1020 1729 1250 1798 intrinsecam·
1272 1714 1276 1821 l

118 1842 279 1913 cessitate
301 1844 447 1907 naturae
469 1860 610 1925 persono
634 1862 654 1901 a
678 1861 724 1903 se.
744 1859 844 1927 quam
868 1835 1130 1927 hypostaticam
1151 1838 1276 1927 perfeci

118 1952 244 2019 tionem
266 1946 476 2035 concipimus
498 1951 533 2011 et
555 1942 769 2033 explicamus
794 1944 980 2033 negatione
996 1945 1155 2033 originis.
1180 1943 1250 2012 cPt·
1272 2010 1276 2017 .

117 2064 172 2129 rer
199 2060 381 2145 inpertitus.
400 2076 466 2121 non
489 2051 578 2121 enim
600 2056 653 2119 est
676 2051 720 2116 ab
743 2051 872 2142 aliquo;
889 2073 911 2117 a
926 2075 962 2120 se
979 2052 1056 2141 ipso
1073 2052 1162 2121 enim
1175 2051 1253 2119 haiti

117 2180 157 2239 ut
180 2168 247 2235 sit.
265 2188 325 2233 uec
347 2184 464 2231 eornm
486 2182 573 2251 quae
596 2158 718 2242 habet,
739 2159 927 2251 quidquam
950 2161 993 2227 ab
1019 2160 1131 2228 altero
1153 2159 1249 2243 habet;

116 2278 175 2347 sed
200 2278 272 2367 ipse
295 2272 410 2365 potius
431 2268 638 2359 principium
661 2273 714 2334 est
738 2277 774 2334 et
796 2288 901 2335 causa
917 2266 1088 2350 omnibus,
1104 2276 1145 2336 ut
1158 2269 1252 2335 sintet

116 2384 327 2457 naturaliter
342 2388 435 2449 terto
450 2379 547 2446 modo
562 2376 634 2444 sint
651 2403 668 2439 n
683 2376 841 2444 Damaso.
851 2375 941 2445 ΕΟ.
954 2375 979 2443 l.
994 2376 1026 2444 1.
1038 2401 1068 2445 c.
1084 2377 1118 2445 8.
1132 2380 1174 2447 cl.
1188 2374 1251 2443 alia
1274 2430 1277 2439 .

118 2496 183 2565 Pr.
206 2492 298 2583 apud
323 2490 442 2558 Peter.
457 2487 481 2554 l.
494 2486 537 2553 V.
551 2508 582 2554 c.
598 2486 630 2552 ὃ.
647 2510 681 2553 ιι.
697 2485 751 2552 14.
778 2483 975 2573 Negatione
997 2487 1098 2554 nobis
1121 2509 1199 2575 opus
1215 2485 1250 2552 etl
1275 2538 1277 2543 .

118 2608 209 2675 sicat
226 2604 262 2669 in
273 2600 356 2669 aliis
371 2594 590 2685 conceptibus
605 2592 872 2682 simplicissimis
886 2592 1119 2682 explicandis,
1134 2589 1249 2661 itaet'n

118 2716 179 2783 'ttcc
203 2730 369 2799 &inceptu
386 2706 491 2795 primi
504 2710 539 2771 et
555 2727 576 2767 c
592 2725 625 2767 se
642 2701 876 2769 subsistentis.
908 2732 924 2764 c
943 2702 1050 2770 Ratio
1069 2705 1176 2793 primi
1188 2716 1249 2791 quet

118 2820 375 2913 simplicissima
397 2821 460 2895 est,
476 2835 498 2879 a
519 2810 617 2877 nobis
639 2809 766 2899 absque
782 2810 968 2897 negatione
983 2832 1052 2877 non
1069 2810 1247 2898 explicetur.

120 2934 234 3001 Prima
257 2950 340 3017 crgo
363 2942 503 3014 persona
526 2920 562 2987 in
585 2918 719 2986 ratione
740 2919 849 3006 primi
870 2918 1096 3006 producentis
1118 2918 1159 2985 ad
1179 2917 1248 2988 nti

118 3066 184 3111 ncn
206 3036 400 3129 explicatur
422 3030 491 3098 nisi
514 3050 574 3119 per
601 3025 817 3114 negationem
850 3024 1090 3114 productionis
1119 3022 1247 3094 sernia

117 3170 172 3219 tae
194 3146 238 3215 cd
263 3143 389 3233 ipsam.
411 3144 447 3205 et
471 3135 554 3202 haec
577 3133 717 3221 negatio
744 3140 798 3200 est
832 3133 1124 3201 innascibilitas»
1148 3133 1246 3201 Suara

116 3258 189 3325 Μ’.
204 3280 234 3325 c.
252 3254 305 3321 10.
320 3274 353 3319 n.
369 3248 403 3315 4.

181 3364 202 3431 3
223 3416 230 3429 .
249 3364 413 3429 Attamen
430 3353 512 3420 haec
527 3347 722 3439 proprietas
743 3351 896 3436 inperiti
911 3371 979 3416 non
994 3350 1139 3419 realiter
1153 3345 1246 3417 distin·

114 3474 238 3569 guitur
260 3492 281 3537 a
305 3460 537 3557 paternitate,
557 3455 645 3547 quod
669 3455 736 3521 iam
761 3476 803 3521 ex
828 3478 867 3523 eo
890 3462 1010 3545 patet,
1031 3457 1114 3548 quia
1135 3478 1195 3524 non
1212 3452 1247 3519 ott

115 3584 162 3655 ibi
186 3580 284 3667 origo
306 3572 410 3641 nnius
431 3568 475 3633 ab
497 3564 606 3632 altero
630 3566 665 3628 ct
686 3560 786 3628 nulla
809 3562 991 3652 oppositio.
1022 3562 1141 3632 Facile
1161 3568 1246 3629 anta

115 3709 225 3787 petest
251 3676 417 3769 intelligi,
436 3670 599 3766 quomodo
622 3668 705 3735 haec
741 3668 833 3735 ratio
851 3673 989 3757 primae
1013 3690 1174 3759 personae
1191 3660 1247 3733 rn'·

114 3800 236 3873 nitetis
257 3804 291 3865 et
316 3790 391 3859 idco
413 3802 573 3873 personae
594 3802 615 3843 a
639 3801 672 3843 se
695 3776 785 3843 idem
809 3777 859 3851 sit
882 3778 947 3843 sub
971 3787 1140 3868 conceptu
1161 3774 1248 3845 mino

113 3914 236 4005 plcttc.
260 3898 349 3995 quiid
374 3900 426 3963 est
452 3885 642 3980 paternitas
664 3883 866 3950 inconelusa
895 3885 1090 3973 spiratione
1114 3885 1175 3953 sub
1193 3900 1248 3950 cot·

111 4036 213 4109 “peu
238 4006 402 4103 pleniore.
428 3995 528 4080 Quod
551 3991 640 4061 enim
664 3996 718 4058 est
736 3991 854 4078 prima
875 4013 1022 4079 persona
1039 3984 1249 4059 Trinitatiset

113 4128 186 4199 Mes
217 4138 357 4213 per-som
392 4136 413 4175 a
436 4129 490 4187 se,
515 4101 579 4169 hoc
609 4100 683 4188 ipso
713 4119 755 4164 ex
783 4095 975 4166 intrinseca
998 4098 1050 4166 rei
1073 4105 1196 4166 natura
1213 4090 1250 4161 ost

111 4230 318 4333 principium
349 4218 560 4309 reliquarum
593 4228 835 4297 personarum,
861 4205 896 4272 h.
924 4229 955 4274 e.
984 4207 1091 4276 Pater
1121 4204 1201 4275 Filii
1226 4202 1250 4267 tt

110 4372 187 4423 pm„
212 4338 302 4411 pilio
325 4330 477 4423 spirator
499 4318 653 4409 Spiritus
670 4314 802 4383 Sancti.
829 4314 928 4383 Hanc
953 4316 1191 4384 connexionem
1209 4328 1250 4379 ne

110 4458 243 4533 amm
272 4440 419 4533 repositi
445 4438 481 4500 et
509 4426 628 4497 Patris
658 4421 791 4491 indicat
821 4420 858 4489 S.
883 4420 1067 4505 Basilius,
1092 4430 1128 4492 et
1155 4414 1252 4489 multi·
