3172 4950
565 340 602 353 -
625 308 666 368 35
686 341 724 353 -

79 418 200 483 tonost
231 414 279 482 ed
314 412 569 505 repudiandum
598 437 696 500 eum,
722 416 783 507 qui
805 415 879 485 eit:
908 436 974 509 ego
996 439 1072 486 sum
1096 418 1229 489 veritos

76 522 216 611 (loXIV.
231 524 283 609 6),
302 522 365 591 sed
379 522 425 591 sd
435 521 642 591 reiiciendos
657 546 726 607 eos,
738 522 798 614 qni
813 545 881 592 non
897 529 981 593 sunt
991 532 1122 595 nature.
1137 527 1225 612 veri,

73 629 163 722 qualis
184 636 242 699 est
263 631 372 701 Peter
394 631 538 722 eiusque
561 633 727 702 Verbum.
754 632 813 703 Sic
843 634 934 702 enim
961 633 1131 704 Dominus
1154 636 1227 726 ipse

72 737 169 825 statim
192 737 390 807 coniunxit:
414 743 452 807 et
474 761 573 828 quem
590 738 722 808 misisti
744 739 860 808 Iesum
882 736 1074 810 Christum.
1101 741 1172 824 Qui
1195 743 1227 812 si

70 851 140 914 esset
160 850 339 930 creatura,
363 867 432 913 non
456 844 695 914 coniunxisset
718 851 753 915 et
768 853 1051 916 connumerasset
1074 848 1225 939 seipsum

70 952 198 1021 creatori
212 973 290 1022 sno.
310 952 408 1037 Quos
422 952 516 1023 enim
539 953 688 1023 societas
711 976 794 1022 vero
812 976 889 1023 cum
912 976 981 1022 non
997 975 1079 1024 vero
1091 955 1108 1023 l
1122 957 1156 1026 N
1158 980 1226 1028 uno

69 1068 164 1130 sunm
185 1061 279 1153 quod
303 1062 456 1152 seipsum
480 1061 663 1131 coniunxit
686 1085 763 1131 cum
786 1064 903 1146 Patre,
930 1062 1083 1133 ostendit
1105 1086 1141 1133 se
1164 1086 1224 1133 ns-

68 1174 148 1238 tmec
170 1169 292 1239 Petris
314 1193 401 1257 esse,
419 1192 549 1263 nosque
565 1171 694 1263 docuit,
713 1195 750 1241 se
765 1194 840 1241 esse
864 1171 942 1241 veri
956 1171 1076 1241 Petris
1102 1195 1224 1243 verum

67 1278 216 1366 genitum.
241 1279 319 1348 Hoc
340 1278 447 1348 etism
470 1280 643 1349 didicerat
658 1287 694 1349 et
710 1279 830 1351 docuit
845 1280 993 1348 Ioannes
1017 1279 1171 1349 scribens
1186 1280 1224 1349 in

66 1407 114 1453 soc
130 1386 281 1477 epistola.
304 1387 354 1474 (1.
368 1386 420 1456 Io.
432 1388 477 1457 V.
495 1388 565 1475 20J:
591 1395 628 1458 et
650 1411 770 1457 sumus
792 1389 830 1457 in
854 1410 949 1472 vero,
975 1386 1013 1456 in
1036 1386 1130 1457 Filio
1145 1387 1223 1458 eius

65 1491 125 1561 Iesu
135 1491 289 1577 Christo,
306 1493 427 1563 hicest
438 1517 544 1563 verns
554 1495 649 1564 Deus
661 1501 697 1563 et
709 1494 786 1564 vite
797 1498 970 1564 aeterne»
990 1495 1042 1580 (1)
1056 1493 1093 1562 S.
1108 1494 1222 1563 Atho-

10 1596 12 1605 '
64 1621 121 1668 uss.
135 1600 569 1671 contr.Arian.or.HI.n.
580 1602 614 1670 9.
626 1603 730 1690 (Vide
741 1601 860 1672 Trect.
876 1602 918 1671 de
929 1602 1070 1672 Incsrn.
1083 1601 1223 1689 th.VI.)

115 1705 347 1775 Corollarium
368 1715 402 1776 3.
430 1709 502 1778 Neo
526 1709 639 1798 magis
670 1709 766 1778 obest
792 1708 1039 1778 demonstratis
1062 1706 1100 1775 in
1129 1708 1223 1778 thesi
1327 1788 1329 1793 ¹

63 1817 256 1906 cmpamcio
263 1816 458 1886 institutes
468 1815 610 1886 Christo
622 1817 768 1885 Domino
776 1817 949 1886 Io.XVII.
960 1816 1016 1885 21:
1033 1821 1096 1885 cut
1108 1838 1223 1886 omnes

62 1943 151 1991 unum
173 1923 291 1992 sint...
314 1923 393 2012 Ego
415 1923 453 1992 in
476 1923 527 1993 eis
550 1929 586 1993 et
606 1930 649 1992 tu
671 1923 709 1992 in
732 1945 808 2009 me,
834 1928 875 1992 ut
897 1922 971 1991 sint
993 1922 1222 1993 consummati

62 2032 91 2100 in
109 2053 212 2100 unum
237 2024 470 2116 (τετελειωμενοι
489 2030 528 2104 ec
541 2029 570 2094 ἓν
580 2027 608 2118 )
625 2057 641 2093 n
660 2030 750 2102 Nam
767 2030 798 2097 1·
814 2031 935 2100 unitas
949 2031 1068 2100 Patris
1082 2036 1119 2101 et
1132 2029 1224 2100 Filii

60 2145 88 2207 ct
106 2138 258 2230 Spiritus
282 2137 404 2207 Sancti
426 2136 501 2207 sine
523 2136 628 2206 dubio
644 2143 699 2207 est
718 2159 916 2227 supremum
931 2137 1108 2227 exemplar
1123 2159 1221 2208 sono·

61 2253 106 2315 uc
125 2246 264 2315 unionis
287 2244 443 2315 fidelium
475 2244 570 2314 inter
592 2267 629 2314 se
652 2245 823 2329 invicem,
850 2266 952 2338 quom
974 2246 1143 2314 Dominus
1165 2267 1219 2314 ro·

59 2361 110 2441 gat
128 2376 150 2421 o
170 2355 290 2423 Patre.
315 2355 367 2421 At
389 2375 451 2443 per
472 2351 673 2422 huiusmodi
697 2354 972 2444 comparationes
994 2352 1220 2444 perfectionis

59 2461 211 2552 cnulogoe
234 2460 272 2528 in
296 2460 469 2530 creaturis
492 2483 569 2531 cum
592 2461 804 2550 perfectione
820 2462 858 2530 in
874 2462 946 2531 Deo
971 2481 1053 2530 sene
1076 2483 1145 2529 non
1160 2483 1220 2530 ex·

57 2568 209 2657 primitur
232 2567 401 2637 identitas
423 2574 487 2636 eut
509 2569 627 2638 ecdem
649 2568 742 2637 ratio
764 2567 990 2658 perfectionis
1020 2568 1162 2638 divinee
1184 2572 1221 2637 ct

55 2675 268 2763 perfectionis
290 2679 448 2762 creets03
474 2674 544 2743 nisi
567 2676 658 2744 forte
681 2674 778 2744 dices
801 2676 846 2744 od
869 2675 1118 2767 aequalitatem
1141 2697 1219 2744 cum

54 2782 114 2851 Mo
128 2805 191 2852 nos
205 2781 352 2866 instrui,
371 2781 508 2873 quondo
524 2781 687 2852 Christus
701 2782 878 2853 hortatur:
900 2788 1040 2853 esstote
1056 2804 1139 2873 ergo
1156 2804 1219 2852 vos

53 2890 200 2980 perfecti,
215 2893 306 2958 sicot
316 2889 423 2960 Peter
437 2897 554 2961 vester
567 2890 726 2961 coelestis
739 2893 917 2981 perfectus
926 2897 1006 2961 esto
1020 2890 1085 2959 lit.
1097 2890 1142 2959 V.
1157 2889 1216 2958 48.

54 2999 91 3066 ci.
103 2999 188 3069 Irsv.
202 2998 304 3068 XXI.
314 2998 348 3085 83
361 2997 517 3073 Lucvl.
528 2998 584 3086 363
596 2998 688 3089 Eph.
699 2999 781 3067 V.1.
795 2997 922 3068 Multis
933 2998 1094 3089 disputat
1105 2995 1218 3065 Acha-
1350 3006 1355 3027 ‘

53 3107 162 3176 ossius
183 3127 235 3176 or.
250 3105 321 3175 111.
341 3112 432 3176 cont.
447 3105 573 3175 Arion.
588 3129 625 3174 n.
643 3106 745 3175 17-25
762 3107 805 3175 de
828 3106 895 3176 hec
917 3106 1068 3176 unitatis
1084 3125 1218 3195 compe·

53 3214 176 3283 notione
197 3235 261 3303 per
283 3212 496 3304 perticulam
517 3216 620 3296 sicut,
645 3235 725 3304 que,
744 3213 872 3305 inquit,
890 3237 959 3283 non
974 3215 1142 3285 identitas
1158 3218 1217 3288 sed

53 3319 157 3410 imago
178 3327 217 3393 ct
238 3320 417 3411 exemplar
438 3320 652 3391 declaretur.
676 3322 720 3389 2⁰.
747 3320 918 3403 Quemvis
942 3321 1087 3409 unitas,
1114 3346 1217 3415 quem

53 3424 209 3497 Dominus
223 3434 329 3518 roget
343 3450 407 3518 pro
421 3427 596 3515 fidelibus,
614 3427 664 3497 sit
678 3427 798 3497 unitas
811 3450 881 3496 non
895 3434 1043 3499 naturae
1060 3431 1120 3500 sed
1136 3430 1216 3499 cho·

55 3534 173 3621 nitetis,
198 3541 317 3605 mmcn
338 3534 423 3606 huic
444 3535 516 3626 ipsi
539 3536 891 3628 supponitur'unitss
914 3541 1072 3623 naturae,
1099 3539 1216 3631 qualis

55 3641 136 3712 inter
157 3643 315 3714 hominos
335 3649 403 3730 cet,
428 3644 590 3734 specifica
613 3644 760 3715 scilicet.
784 3644 855 3714 cSi
871 3667 940 3715 non
957 3645 1148 3736 diligerent
1163 3648 1215 3716 in·

56 3751 165 3839 ricem,
188 3758 320 3823 nature
333 3774 441 3823 unum
456 3759 584 3840 essent,
604 3753 790 3823 dilectione
812 3776 882 3823 non
904 3759 1030 3842 essent3
1051 3755 1082 3823 si
1097 3762 1215 3825 autem

56 3881 149 3931 unum
158 3868 290 3932 nature
303 3884 374 3931 non
389 3868 516 3947 esseut,
535 3886 643 3933 unum
655 3862 726 3933 dici
742 3862 928 3933 dilectione
944 3885 1013 3933 non
1027 3869 1210 3954 possent...

56 3963 160 4059 Neque
182 3967 287 4055 dixit,
313 3974 356 4038 ut
375 3970 555 4040 nobiscum
579 3969 651 4039 sint
674 3993 804 4056 unum,
830 3976 911 4055 aut,
938 3976 979 4040 ut
1001 3972 1070 4062 ipsi
1092 3977 1129 4041 et
1150 3995 1214 4041 nos

58 4073 151 4145 simus
178 4098 307 4164 unum,
333 4076 412 4147 scd:
437 4100 545 4148 nuum
569 4077 702 4147 sintin
724 4077 835 4147 nobis.
862 4077 1035 4163 Quoniam
1058 4079 1213 4150 homines

115 4334 154 4410 (l)
172 4344 221 4396 Kar
234 4341 317 4413 ἔσμεν
332 4339 357 4395 ir
371 4361 405 4395 τω
417 4338 544 4412 tantive,
559 4341 586 4397 iv
599 4363 632 4412 τῳ
648 4342 692 4411 tm
704 4343 788 4398 cicccc
804 4347 824 4398 I.
836 4347 865 4399 X.
880 4341 956 4405 ὄντος
969 4342 1045 4398 ἔστιν
1060 4343 1073 4397 c‘
1086 4344 1211 4403 ἀληθινος

61 4421 112 4489 tec
122 4450 161 4484 m
173 4429 224 4504 ζυη
240 4434 353 4495 domnoc.
373 4432 420 4490 Its
437 4433 512 4488 citet
529 4432 718 4488 Athoucsius.

1051 4532 1070 4568 o
