3172 4950
700 291 879 351 n-
1398 40 1410 399 l

210 421 289 470 vam
313 418 381 490 qua
398 395 673 481 constituuntur,
693 395 822 464 habent
839 395 1059 483 formalium
1074 391 1305 484 perfectiones
1322 415 1360 461 re·
1404 402 1410 449 ³·

208 505 341 576 latinas
363 504 513 574 aliarum
537 525 762 595 personarum
785 503 915 572 habent
930 525 998 571 non
1009 503 1220 591 formaliter
1234 500 1271 570 h.
1289 523 1316 569 e.
1330 508 1361 570 ut
1403 490 1410 595 l

210 614 473 698 constituentes,
499 613 559 681 sod
577 637 643 703 per
666 613 925 679 immerentium
948 633 1009 680 seu
1026 610 1240 678 correlative.
1264 608 1361 697 Igitur
1403 606 1410 697 ζ

210 743 435 815 unaquaeque
458 742 605 812 persona
626 742 695 788 non
718 719 830 789 solum
853 726 907 790 est
928 725 1005 788 tota
1027 719 1199 810 perfectio
1221 716 1361 785 absoluta
1402 708 1408 803 ξ

210 829 350 914 cadem,
377 850 464 920 qnae
488 833 572 896 sunt
593 833 666 896 tres
689 848 855 917 personae
879 825 1007 910 simul,
1034 825 1118 918 qnia
1149 823 1301 894 essentia
1323 822 1361 892 di·
1401 810 1410 901 l

210 937 294 1006 vina
325 959 396 1006 una
428 943 506 1024 est;
539 936 599 1005 sed
630 934 736 1004 etiam
766 956 992 1026 unaquaeque
1023 954 1172 1025 persona
1206 933 1244 1002 in
1273 930 1360 1022 pleni·

210 1043 332 1113 tudine
359 1065 442 1113 suec
469 1042 697 1134 perfectionis
730 1041 901 1112 relativae
931 1041 1037 1111 habet
1068 1041 1299 1131 perfectiones
1322 1061 1362 1107 re

209 1151 342 1222 latinas
365 1152 517 1221 omnium
541 1172 766 1242 personarum
789 1150 888 1219 modo
912 1147 1065 1240 singulis
1081 1148 1240 1241 personis
1262 1167 1362 1216 nonve

209 1259 321 1330 nienti
333 1262 396 1349 (1).

276 1366 346 1435 III.
364 1366 458 1435 Haec
470 1365 556 1435 licet
570 1366 624 1435 ita
639 1366 712 1435 sint
729 1373 765 1436 et
780 1366 961 1458 proposita
976 1364 1210 1435 consideratio
1225 1385 1292 1432 non
1305 1361 1362 1435 sue
1402 1354 1410 1517 Ι

211 1476 332 1544 fructu
346 1474 458 1565 possit
472 1472 626 1560 institui;
641 1472 868 1542 nihilominus
891 1473 985 1543 sicut
999 1471 1277 1542 circuminsessio
1297 1468 1363 1538 ulti·

210 1583 332 1651 matim
355 1587 540 1653 revocatur
556 1580 601 1649 cd
617 1580 787 1650 unitatem
803 1579 1016 1650 numericam
1031 1580 1205 1649 essentiae
1221 1579 1258 1646 in
1269 1578 1363 1648 tribus
1403 1638 1410 1647 .

210 1690 390 1761 distinctis
413 1690 594 1781 personis,
621 1689 674 1759 ita
696 1690 802 1759 etiam
824 1689 910 1758 haec
934 1688 1079 1773 veritas,
1099 1687 1199 1780 ·quod
1222 1683 1363 1776 singulae
1404 1708 1409 1715 ’

210 1820 377 1891 personae
400 1806 483 1868 sunt
504 1804 582 1867 tots
604 1797 744 1868 infinita
767 1798 936 1889 perfectio
960 1820 1048 1892 qnae
1070 1803 1133 1866 nec
1166 1795 1289 1886 augeri
1315 1815 1362 1863 nec
1399 1788 1406 1793 ’

211 1907 322 1975 minui
345 1912 483 1997 potest,
510 1913 643 1998 quanta
666 1907 834 1996 perfectio
857 1913 942 1976 sunt
964 1913 1037 1976 tres
1061 1904 1169 1974 simul
1191 1923 1360 1995 personae;

210 2015 316 2084 etiam
339 2014 424 2083 haec
448 2014 589 2107 inquam
612 2014 746 2083 veritas
769 2014 908 2083 tandm
932 2013 1140 2104 explicanda
1163 2018 1219 2088 est
1241 2034 1283 2080 ex
1302 2008 1361 2078 uni·

210 2127 286 2191 tate
300 2122 471 2191 esseutiae
485 2128 662 2215 tamquam
678 2144 721 2192 ex
737 2121 877 2212 proprio
894 2144 956 2190 suo
972 2120 1212 2204 fundamento,
1231 2118 1274 2187 ad
1288 2115 1358 2211 quod

210 2227 316 2298 etiam
340 2229 377 2296 in
401 2227 466 2298 hoc
489 2229 604 2318 capite
629 2228 691 2298 SS.
718 2229 842 2297 Patres
864 2228 1085 2320 frequentius
1112 2226 1293 2317 appellant
1310 2223 1357 2311 (cf.

210 2335 278 2405 PP.
288 2336 382 2427 apud
406 2337 495 2406 Ruiz
520 2337 609 2428 disp.
624 2338 679 2408 30.
697 2343 781 2406 sect.
796 2338 830 2405 2.
836 2361 845 2424 ;
863 2336 957 2427 apud
979 2336 1102 2407 Petav.
1123 2335 1166 2405 de
1177 2335 1251 2405 Deo
1271 2334 1295 2404 l.
1310 2328 1358 2401 Vl.

210 2467 240 2516 c.
256 2445 289 2514 7.
308 2467 344 2516 ιι.
361 2444 416 2513 12.
432 2468 522 2537 sqq.;
541 2445 692 2515 de'l'riu.
709 2443 852 2515 LVIII.
869 2467 899 2514 c.
915 2443 948 2513 9.
968 2466 1004 2512 ιι.
1021 2443 1105 2530 16.).

281 2699 323 2775 (1)
342 2703 417 2756 Ruia
435 2703 535 2755 multis
559 2704 686 2770 explicat
704 2703 777 2756 hanc
797 2704 946 2767 rationem,
972 2717 1022 2756 cur
1041 2706 1070 2754 et
1090 2699 1228 2768 quomodo
1248 2711 1360 2766 suaper·

211 2807 281 2846 sona
301 2793 522 2861 comprehendat
542 2793 734 2860 perfectiones
754 2794 894 2847 relativas
913 2793 1037 2845 omnium
1057 2806 1243 2859 personarum
1262 2785 1362 2856 dispit

211 2885 241 2935 et
257 2881 303 2935 00.
327 2883 451 2936 ablutus
468 2883 655 2937 immanentis
674 2885 798 2937 omnium
818 2898 1003 2951 personarum
1016 2884 1048 2936 iu
1066 2899 1097 2936 ιο
1114 2883 1238 2936 invicem
1253 2880 1370 2936 conant>

211 2984 272 3024 enm
294 2986 327 3025 ca
347 2973 532 3039 perfectionis
554 2973 717 3041 infinitate,
743 2974 855 3027 ratione
878 2974 959 3027 cuius
981 2976 1094 3026 tanturn
1117 2978 1162 3025 ost
1182 2988 1240 3026 una
1262 2983 1364 3040 persona

212 3065 349 3126 qnantum
366 3065 426 3114 tres
446 3063 542 3115 simul.
557 3063 595 3115 Et
613 3068 689 3117 certe
703 3064 819 3117 sublata
838 3063 1106 3117 circuminscsaioue
1123 3077 1180 3115 non
1193 3067 1288 3130 potest
1299 3056 1366 3114 reddi

211 3148 457 3216 aestimaretis,
479 3155 594 3218 propter
617 3166 701 3219 quarn
726 3167 784 3206 una
806 3152 988 3220 personarit
1008 3156 1105 3204 tantae
1125 3150 1330 3216 magnitudinis
1346 3149 1367 3200 rt

211 3237 407 3305 perfectionis,
422 3245 547 3305 quantae
561 3244 622 3294 tota
633 3242 762 3295 Trtnitas
782 3244 836 3308 est,
851 3242 934 3294 iuxta
947 3240 1106 3295 doctriuam
1126 3241 1246 3292 Patrum
1259 3244 1289 3291 et
1298 3237 1367 3292 Sche·

211 3326 377 3381 lasticorum
389 3346 401 3376 ι
413 3328 454 3380 ib.
469 3328 544 3397 disp.
556 3330 601 3383 30.
614 3334 681 3385 sect.
697 3331 723 3384 6.
736 3348 765 3386 ιι.
779 3332 822 3384 10.
840 3330 884 3383 Ad
897 3331 1098 3384 obtectionem:
1121 3343 1308 3396 unaquaeque
1318 3340 1369 3395 per·

211 3430 281 3468 sona
300 3431 351 3484 per
370 3423 526 3486 resumpta
545 3423 590 3472 eat
606 3421 720 3486 integra
733 3424 762 3473 ct
780 3421 907 3488 perlecta
928 3435 1050 3487 persona
1067 3424 1131 3485 cto,
1144 3417 1299 3486 respondet
1308 3414 1371 3469 idea

209 3504 375 3572 theologus:
394 3523 605 3576 «unaquaeque
626 3526 748 3578 persona
765 3510 921 3578 dupliciter
933 3514 1030 3578 potest
1043 3509 1219 3575 singillatim
1242 3524 1275 3562 ac
1292 3520 1373 3577 pern

210 3594 395 3649 considerarl.
413 3597 509 3650 Primo
529 3597 642 3665 quidem
664 3599 739 3652 sicut
758 3604 803 3652 eet
816 3600 846 3651 in
860 3615 890 3651 ae
908 3600 972 3666 ipsa
992 3599 1111 3652 realiter
1131 3597 1275 3660 distincta
1289 3595 1373 3651 adue

210 3687 263 3738 bue
283 3687 352 3740 aliis
372 3689 513 3755 peracuta,
529 3697 646 3741 ceteram
666 3706 712 3741 ecs
724 3691 803 3742 intra
821 3706 848 3742 ιο
868 3691 1122 3756 ipsamcontectam
1142 3688 1275 3740 vitaliter
1293 3687 1375 3738 ιἰιιιι·

210 3784 306 3827 nentes
327 3785 353 3827 et
368 3780 543 3844 perficientes
562 3781 659 3845 ipsam.
674 3781 732 3833 Hoc
751 3781 832 3833 modo
850 3781 998 3849 quaelibet
1016 3794 1138 3847 persona
1157 3794 1209 3847 per
1230 3780 1376 3846 resumpta

210 3872 256 3920 est
274 3868 390 3933 integra
409 3873 439 3920 et
460 3869 586 3936 perfecta
609 3886 739 3939 persons,
762 3873 850 3925 Pater
872 3875 917 3925 est
939 3872 1053 3937 iuteger
1081 3872 1167 3924 Pater
1188 3871 1375 3938 similiterque

209 3955 303 4009 Filius
323 3960 353 4010 ct
374 3957 501 4026 Spiritus
524 3959 656 4015 Sanctus.
682 3960 809 4014 Secundo
833 3961 913 4015 modo
935 3964 1032 4029 potest
1055 3976 1244 4029 unaquaeque
1265 3973 1378 4031 persona

209 4045 383 4110 singillatim
402 4064 433 4101 ac
452 4064 503 4114 per
522 4064 552 4102 ιο
578 4050 652 4102 sumi
673 4051 865 4104 abstrahendo
887 4051 923 4103 ab
944 4051 1012 4118 hcc,
1035 4050 1110 4119 quod
1137 4051 1218 4120 intra
1248 4065 1279 4105 se
1297 4052 1377 4119 ipsa!

210 4134 344 4188 altaliter
365 4137 552 4192 immanentes
581 4141 730 4194 contineat
760 4143 833 4195 alian
857 4158 1003 4209 personas.
1027 4142 1121 4209 Atque
1149 4145 1184 4193 ut
1206 4142 1249 4195 sic
1273 4143 1379 4208 accepta

208 4238 330 4289 persona
348 4227 530 4283 abstrahitur
543 4246 559 4283 a
571 4231 744 4297 perfectione
765 4248 826 4298 sua,
846 4231 966 4299 ideoque
982 4231 1107 4285 nondum
1121 4235 1167 4283 est
1179 4230 1319 4298 perlecta,
1333 4242 1378 4282 nec

208 4312 295 4453 illm
303 4321 381 4461 capet
392 4317 536 4458 peppcctns
545 4320 632 4383 Pater
643 4342 655 4370 n
671 4320 744 4393 (nist
756 4323 944 4379 immanentes
956 4323 1075 4379 haberet
1086 4336 1226 4390 personas
1240 4311 1377 4388 munau)

243 4408 330 4458 .scot.
360 4421 408 4460 .n.
461 4444 468 4458 .
