3172 4950
651 353 690 368 -
711 323 772 385 329
791 356 829 369 ..

187 425 270 495 runis
290 448 355 495 nec
378 431 523 517 generet
544 451 607 497 uec
631 437 821 519 generatur
848 453 911 500 neo
936 431 1105 521 procedit.
1136 412 1187 500 At
1213 435 1243 518 c)
1271 453 1326 500 ee·

187 557 232 604 em
253 557 387 604 summu
409 558 467 604 res
496 542 550 606 est
572 537 695 624 Pater,
721 545 757 608 ct
780 541 844 608 sub
868 540 933 608 he'c
957 540 1097 608 formeli
1127 540 1262 610 ratione
1286 546 1328 608 ut

187 650 260 711 uter
282 649 429 733 generat
449 643 600 732 Filium3
626 646 744 714 eadem
760 653 814 715 cst
828 646 956 730 Filius,
974 654 1011 715 et
1026 649 1090 716 sub
1105 647 1171 716 heo
1187 648 1326 715 formali

187 749 290 819 ctione
320 757 361 819 ut
390 749 507 819 Filius
530 759 762 840 generatura
789 753 914 841 Patre;
940 755 1057 823 eadem
1087 763 1141 823 est
1172 754 1327 845 Spiritus

187 866 330 943 anctus,
355 865 392 928 et
414 861 479 928 sub
501 860 567 931 hec
590 861 730 929 formali
753 863 889 931 ratione
918 870 960 932 ut
989 862 1145 953 Spiritus
1176 863 1327 934 Sanctus

187 969 313 1038 rooedit
326 990 347 1036 a
359 968 464 1037 Patre
479 968 651 1061 Filioque.
663 969 759 1059 Ergo
775 969 811 1057 d)
825 970 1004 1040 evidenter
1016 971 1133 1040 eedem
1151 994 1221 1041 nne
1237 996 1327 1041 sum·
1406 954 1411 961 ²

187 1098 215 1143 ru
234 1099 289 1145 res
311 1075 418 1144 habet
440 1075 619 1147 formalem
635 1077 806 1175 rationem
823 1077 975 1144 absoluti
992 1082 1048 1164 (ut
1061 1078 1260 1148 absolutum
1277 1080 1328 1148 di-

187 1185 251 1255 itur
272 1185 311 1253 in
338 1185 553 1274 oppositione
583 1184 628 1252 ad
656 1184 861 1272 relativum)
886 1187 948 1274 (1),
979 1186 1062 1277 quie
1093 1188 1157 1256 sub
1188 1188 1328 1257 formali

187 1294 293 1362 itione
316 1293 488 1363 essentiae
511 1316 574 1362 nec
597 1301 744 1385 generet
772 1318 835 1363 nec
866 1302 1058 1384 generetur
1087 1318 1149 1365 neo
1174 1296 1330 1386 procedit

187 1398 308 1493 deoque
330 1399 465 1469 nullam
496 1402 601 1471 habet
630 1401 907 1488 distinctionem,
934 1404 1064 1496 hoc‘que
1095 1406 1169 1494 ipso
1196 1405 1329 1474 nullam

187 1508 359 1577 eletionem
376 1508 531 1597 (realem)
547 1508 590 1576 ud
608 1509 722 1596 intra3
742 1510 847 1578 simul
868 1533 951 1578 vero
966 1512 1082 1580 eedem
1108 1535 1178 1580 una
1198 1534 1330 1581 summa

187 1616 341 1685 sehabet
364 1616 543 1685 formalem
566 1617 736 1685 rationem
759 1618 913 1698 relativi,
940 1641 1001 1687 seu
1023 1620 1148 1689 melius
1167 1622 1329 1687 relativo-

188 1748 237 1791 ιιι
249 1730 372 1817 (neque
387 1724 477 1792 enim
494 1723 638 1794 realiter
654 1724 934 1814 relativunmsine
949 1727 1038 1795 reali
1055 1726 1280 1797 distinctione
1295 1736 1332 1796 et

188 1832 450 1925 nultiplicetione
474 1831 703 1903 relativorum
726 1857 800 1904 esse
824 1840 887 1903 eut
903 1835 1036 1925 concipi
1053 1839 1193 1925 potest),
1213 1842 1248 1904 et
1267 1836 1331 1903 sub
1395 1864 1400 1873 ·

188 1960 231 2009 uc
248 1940 382 2009 ratione
405 1945 460 2009 est
481 1940 629 2029 ipsomet
644 1941 749 2011 Pater
772 1964 942 2032 generans
957 1949 993 2010 et
1007 1942 1280 2033 Filius'genitus
1297 1948 1333 2012 et

188 2044 317 2139 ipiritus
339 2048 492 2118 Sanctus
516 2042 721 2140 procedens3
747 2050 900 2143 adeoque
924 2074 1057 2119 summe
1073 2074 1141 2136 res,
1161 2074 1248 2144 quoe
1268 2053 1332 2120 sub

188 2152 300 2225 irmli
323 2157 459 2225 ratione
483 2158 634 2224 absoluti
657 2172 705 2224 eet
727 2184 843 2241 cenum,
862 2162 1106 2242 conconsortio,
1125 2161 1330 2244 tenuemus,

188 2262 278 2333 aden
299 2267 366 2334 sub
389 2264 529 2335 formali
560 2264 695 2335 ratione
724 2266 948 2334 relativorum
971 2273 1025 2335 est
1046 2273 1143 2353 tres,
1173 2268 1233 2359 qui
1260 2273 1333 2336 tres

188 2371 265 2443 inice
285 2376 350 2443 sub
373 2374 439 2443 hec
462 2372 602 2442 formali
625 2374 761 2443 ratione
784 2373 1014 2443 relativorum
1037 2374 1130 2443 inter
1154 2396 1190 2442 sc
1206 2374 1333 2442 distin·

188 2488 330 2565 guntur.
349 2479 551 2552 Relationes
575 2488 689 2551 autem
714 2483 779 2551 hec
802 2481 1061 2571 distinguentes
1085 2487 1170 2550 sunt
1192 2482 1333 2559 relatio·

188 2608 230 2655 sce
245 2593 390 2681 criqinis
413 2612 595 2681 expressae
618 2590 656 2659 in
679 2589 893 2660 revelatione
915 2589 1052 2658 nomine
1071 2612 1112 2658 ac
1135 2612 1173 2658 re
1196 2590 1331 2673 Patris,

188 2688 269 2780 Filii,
292 2700 446 2788 Spiritus
469 2699 602 2767 Sancti.

235 2804 396 2876 Doctrina
418 2807 536 2877 cadem
567 2805 767 2875 continetur
790 2806 828 2873 in
852 2805 1057 2895 Scriptura,
1082 2804 1118 2872 in
1142 2802 1331 2894 Symbolis,

188 2904 483 2983 indefinitionibus
514 2913 770 2999 conciliorum,
796 2913 834 2982 in
864 2912 1160 2982 declarationibus
1189 2911 1335 2979 Petrum

188 3019 258 3089 uin
271 3020 437 3090 universa
452 3020 708 3111 praedicatione
732 3019 980 3104 ecclesiastice,
999 3041 1041 3087 ex
1058 3018 1184 3112 quibus
1200 3017 1334 3101 demon-

188 3128 355 3199 !trevimus
376 3129 572 3200 doctrinam
595 3129 799 3214 revelatam,
820 3152 927 3197 unum
951 3128 1060 3197 Deum
1085 3150 1158 3196 esse
1182 3127 1333 3210 Patrem,

189 3224 294 3306 lilim
315 3246 352 3308 et
374 3238 547 3328 Spiritum
571 3236 759 3322 Sanctum3
786 3258 890 3303 unum
917 3257 1060 3303 numero
1091 3233 1278 3304 essentiam
1301 3240 1338 3302 ct

190 3342 333 3439 qrilquid
356 3345 554 3415 absolutum
570 3352 635 3430 est,
652 3367 721 3412 nou
744 3343 977 3434 multiplicari
994 3342 1053 3411 sed
1070 3363 1176 3410 unum
1192 3364 1337 3410 numero

192 3462 249 3521 Hc
264 3475 436 3523 commuue
462 3453 579 3522 tribus
605 3452 784 3522 distinctis
811 3450 975 3520 relativis
1001 3449 1046 3519 ud
1073 3449 1242 3533 invicem3
1273 3450 1337 3516 Pa·

192 3554 271 3649 ἥσω,
284 3562 428 3647 Filium,
449 3556 620 3653 Spiritum
636 3559 803 3630 Sanctum
824 3583 894 3628 non
906 3581 980 3628 esse
997 3558 1098 3645 eliud,
1111 3563 1147 3627 et
1163 3555 1262 3625 uliud
1278 3554 1337 3623 sed

233 3720 267 3797 (1)
280 3729 442 3782 Absolutum
460 3724 568 3779 dicitur
587 3724 742 3792 dupliciter
769 3723 802 3777 de
828 3725 904 3790 Deo,
936 3723 1026 3790 primo
1053 3738 1101 3773 ene
1125 3721 1283 3771 absolutum
1305 3721 1339 3770 ut

194 3800 310 3873 burun
327 3836 361 3873 uo
377 3815 574 3884 independens
593 3816 624 3868 iu
644 3815 822 3883 oppositione
841 3815 877 3868 ed
896 3830 947 3866 ens
973 3813 1179 3882 participatum
1206 3826 1238 3863 ec
1263 3825 1338 3862 cree-
1415 3864 1420 3871 ,

195 3894 286 3963 hiel
302 3909 447 3974 creabile;
467 3905 570 3960 deinde
589 3907 748 3965 absolutum
768 3904 842 3973 qnod
861 3905 980 3958 realiter
992 3920 1048 3956 non
1068 3903 1194 3956 refertur
1213 3899 1248 3954 ed
1268 3901 1339 3952 elte-

196 3994 247 4063 Μ,
261 3998 382 4067 ideoque
398 3998 430 4050 tn
446 3995 620 4062 oppositione
639 3995 677 4046 ad
694 3995 855 4047 relativum.
868 3995 927 4048 Hoc
947 3994 1039 4047 altero
1060 4006 1145 4045 seusu
1165 4003 1275 4057 semper
1295 3988 1337 4040 in·

195 4078 329 4158 Qut,
350 4088 400 4143 ubi
418 4087 547 4141 essentie
564 4090 595 4138 st
612 4102 750 4154 personae
772 4085 889 4145 divinae
910 4084 1120 4150 comparentur.
1143 4077 1341 4133 «Substantia

194 4172 263 4239 idn
277 4179 384 4234 dicitur
401 4178 535 4231 obsolute
554 4177 638 4243 quusi
658 4177 693 4230 ub
713 4177 771 4229 elio
790 4192 847 4229 non
867 4172 1040 4242 dependens.
1061 4170 1229 4224 Relativnm
1244 4171 1338 4221 eutem

192 4260 327 4325 hilvini·
343 4288 405 4324 non
426 4267 551 4321 excludit
570 4268 735 4332 absolutum,
751 4265 827 4334 quod
839 4273 879 4317 eet
899 4266 933 4316 ab
957 4263 1016 4314 clio
1030 4276 1089 4313 non
1110 4259 1278 4325 dependere·
1291 4256 1339 4309 sed

190 4358 296 4417 ndum
313 4350 577 4428 absolutum-quod
595 4358 631 4414 ud
657 4357 736 4413 eliud
757 4371 813 4410 non
837 4356 999 4409 refertur·
1021 4352 1050 4406 S.
1062 4351 1115 4404 lh.
1134 4350 1248 4402 Potent.
1269 4363 1297 4411 q.
1312 4346 1339 4397 9.

189 4448 337 4507 adrolo.
564 4440 570 4449 '
627 4434 661 4481 ·'
