3172 4950
369 412 451 460 vero
475 413 553 459 oum
576 387 711 457 Ohriati
727 393 764 457 et
778 386 845 457 Dei
859 390 1050 482 participes
1067 390 1240 477 dicamur,
1255 390 1379 483 ntique
1390 394 1520 472 constat,

369 500 587 586 unguentum
603 500 639 563 at
661 491 820 587 sigillum
843 495 935 588 quod
958 495 997 565 in
1019 496 1119 565 nobis
1140 503 1219 581 886,
1253 519 1324 566 888
1353 496 1399 565 nd
1426 519 1524 565 rernn

370 602 544 673 factarum
564 602 624 671 sed
652 601 695 669 ad
714 600 802 669 Filii
822 609 984 672 naturam
1010 603 1209 695 pertinere,
1228 606 1293 695 pai
1308 629 1370 671 nos
1380 627 1444 693 per
1464 604 1524 692 886

370 712 499 792 ritum,
530 711 592 802 qui
619 711 653 773 in
684 709 757 798 ipso
784 722 857 792 est,
887 710 993 777 Patri
1016 713 1196 800 coniunpit
1219 739 1236 773 n
1261 710 1401 782 Athen.
1424 708 1525 778 adst·

369 836 445 907 rap.
461 838 514 906 ep.
526 814 557 881 I.
571 838 606 881 n.
621 813 677 881 23.
690 814 746 881 24.
763 813 909 882 Gemina
922 817 994 885 fere
1006 815 1099 907 apud
1111 816 1276 886 Basil.dc
1287 815 1428 907 Spiritu
1440 815 1527 884 Sanc·

369 928 407 991 to
418 946 454 990 n.
471 922 527 990 47.
543 926 609 990 868.
627 920 767 989 Pariter
783 920 819 990 S.
834 919 1006 1010 cyrillus:
1028 921 1226 1014 «quomodo
1239 928 1384 992 creatus
1397 927 1454 990 886
1467 919 1528 1010 Spi-

370 1028 487 1113 ritus,
512 1031 545 1093 si
563 1029 756 1117 participes
786 1028 908 1095 Putris
935 1042 967 1094 et
994 1029 1087 1097 Filii
1104 1053 1168 1119 per
1193 1033 1307 1120 ipsum
1327 1027 1527 1120 afficimari..

370 1136 491 1227 Igitur
514 1136 608 1204 Dens
632 1140 685 1203 886
708 1133 745 1202 68
768 1134 867 1203 nobis
889 1158 951 1226 888
973 1136 1082 1206 Deum
1107 1135 1282 1227 Spiritum
1296 1165 1313 1199 n
1339 1134 1469 1226 cyrill.
1483 1156 1529 1223 ap·

370 1243 471 1335 pand.
487 1243 531 1311 ad
545 1240 762 1330 dialogNII.
773 1265 808 1331 8.
820 1242 897 1310 666.
910 1241 1021 1312 Immo
1032 1241 1069 1311 S.
1080 1242 1239 1314 Basilius
1251 1243 1361 1314 etiam
1372 1240 1530 1311 locutione

370 1355 522 1438 negante
551 1348 662 1432 dicit,
688 1348 799 1415 Deum
823 1350 977 1436 (Patrem
1000 1357 1037 1419 et
1061 1349 1208 1436 Filium)
1230 1372 1302 1419 non
1325 1348 1531 1418 habitarein

370 1455 469 1524 nobis
487 1452 557 1521 nisi
579 1476 642 1542 888
658 1451 841 1542 Spiritum:
870 1483 886 1517 c
901 1453 1002 1523 video
1017 1460 1053 1524 86
1072 1454 1138 1523 Dei
1152 1461 1189 1524 at
1204 1454 1365 1545 Spiritus
1387 1475 1530 1545 8888888-

371 1563 457 1631 tiam
480 1560 518 1630 in
541 1582 649 1628 unum
671 1558 830 1651 idemque
854 1569 1126 1646 concurrentem,
1146 1584 1224 1631 cum
1246 1583 1290 1631 88
1312 1561 1455 1630 dicatur
1468 1559 1531 1626 nni·

373 1667 523 1738 versalia
547 1667 583 1736 in
608 1666 777 1734 omnibns.
803 1666 855 1735 At
876 1673 918 1737 tu
941 1668 1119 1757 (Ennomi)
1143 1692 1222 1738 oum
1251 1667 1291 1736 in
1314 1667 1449 1737 talibus
1475 1688 1532 1734 non

371 1775 484 1866 888868
506 1797 574 1842 888
598 1772 798 1862 intelligere
820 1780 885 1843 aut
908 1750 1023 1844 668868
1046 1775 1221 1867 Spiritum
1243 1775 1467 1859 increatum,
1489 1772 1533 1840 ais

370 1882 481 1951 Deum
496 1881 611 1970 ipsum
635 1882 804 1967 (Patrem)
830 1882 949 1950 vocari
973 1881 1158 1972 Spiritum.
1175 1884 1299 1950 Verum
1325 1906 1388 1949 nac
1413 1881 1533 1947 inloti-

373 2003 427 2055 688
450 2012 516 2078 888
543 2012 577 2053 88
604 1990 717 2077 ipsum
745 1991 783 2052 in
809 2003 967 2054 ereatura
994 1988 1104 2070 Deus,
1125 2011 1187 2058 neo
1218 1988 1409 2080 quisquam
1438 1985 1535 2079 888866

372 2096 482 2166 Deum
506 2096 673 2181 (Patrem)
697 2118 759 2185 pro
782 2094 848 2163 Dei
872 2094 1010 2185 Spiritu
1026 2094 1239 2186 intelligere,
1254 2096 1446 2166 cnmclare
1455 2095 1534 2184 Apo

372 2201 501 2272 stolum
524 2200 646 2269 audiat
669 2201 758 2270 talin
781 2202 823 2270 de
845 2223 908 2286 8ο,
935 2201 1055 2295 quiin
1078 2201 1178 2271 nobie
1203 2201 1370 2287 habitat,
1397 2201 1535 2272 scrilrn·

372 2315 454 2381 tem:
480 2308 580 2376 nobie
602 2308 778 2378 revolavit
791 2307 887 2378 Dens
905 2331 967 2398 per
985 2307 1157 2398 Spiritum
1172 2332 1333 2396 snum3...
1351 2332 1419 2378 nos
1432 2313 1536 2377 88688

372 2440 441 2486 888
464 2416 629 2507 spiritum
651 2415 773 2484 mnndi
795 2414 1003 2505 accepimus,
1025 2414 1085 2483 886
1108 2413 1284 2505 Spiritum
1312 2416 1378 2508 qni
1412 2438 1454 2484 ax
1475 2412 1536 2481 Deo

372 2531 451 2594 esta
478 2530 544 2593 868.
559 2523 670 2591 Β8861.
686 2528 796 2593 88868.
815 2522 961 2591 Ennom.
977 2522 1003 2590 l.
1014 2522 1059 2591 V.
1076 2523 1118 2592 Τ.
1133 2523 1163 2591 Ι.
1179 2547 1216 2613 p.
1231 2522 1312 2591 309.
1336 2520 1536 2591 Huiusmodi

372 2629 468 2699 dicta
491 2629 584 2719 apud
612 2629 734 2697 Patres
760 2628 958 2721 frequentia
977 2635 1013 2696 et
1037 2628 1227 2698 universim
1252 2626 1535 2714 doctrinaScrip

371 2743 473 2806 68888
486 2744 521 2805 86
533 2737 677 2805 Petrum
688 2736 730 2805 de
743 2735 868 2803 unione
882 2734 1038 2825 Spiritus
1051 2735 1173 2805 Sancti
1184 2759 1261 2804 cum
1278 2734 1400 2820 iustis,
1412 2733 1536 2828 quaein

371 2843 424 2913 th.
439 2843 707 2912 XLIII-XLVI.
727 2848 780 2911 886
795 2842 964 2932 exposita,
991 2843 1065 2912 8688
1088 2843 1192 2912 dnbio
1208 2844 1404 2912 ostendunt
1414 2838 1536 2933 aliquid

372 2975 446 3024 8888
462 2952 697 3042 propriumne
714 2948 894 3039 personale
921 2949 1073 3040 Spiritui
1098 2950 1238 3034 Sancto,
1260 2950 1354 3042 qnod
1373 2950 1536 3019 referatur

372 3059 416 3128 ad
432 3059 591 3126 unionem
604 3064 639 3126 et
655 3056 946 3127 inhabitationem
962 3058 1249 3128 sanctificantem.
1260 3057 1318 3126 Ex
1334 3058 1451 3128 altera
1465 3075 1536 3124 vero

372 3173 472 3256 parte
495 3165 560 3234 hoc
583 3164 763 3255 proprium
786 3186 854 3231 non
877 3170 1090 3254 potestesse
1112 3162 1301 3248 eiusmodi,
1328 3170 1372 3233 86
1395 3162 1536 3233 violetur

371 3273 491 3341 unitas
513 3272 622 3341 trium
645 3292 870 3361 personarum
894 3273 931 3340 in
954 3271 1152 3361 operatione
1174 3292 1215 3339 ac
1237 3270 1473 3341 relationibus
1498 3265 1536 3334 el

372 3384 484 3462 extra,
512 3400 599 3469 qnae
623 3377 811 3448 secundum
835 3377 1015 3447 declarata
1037 3379 1074 3446 in
1098 3377 1151 3446 th.
1177 3376 1289 3446 XLV.
1311 3377 1470 3467 intelligi
1488 3376 1535 3444 de·

373 3485 466 3553 bant.
492 3482 702 3552 conciliatio
727 3483 868 3553 videtur
891 3483 991 3551 nobis
1014 3505 1160 3575 sequens
1183 3488 1277 3552 certe
1294 3505 1395 3569 vera,
1413 3480 1536 3553 1688668

371 3597 473 3659 68868
496 3588 658 3679 mysterii
680 3587 921 3680 profunditate
943 3612 1011 3658 non
1033 3589 1148 3679 possit
1169 3611 1244 3658 8888
1266 3588 1387 3679 plena.

438 3696 481 3764 In
505 3695 643 3785 Spiritu
660 3694 788 3764 Sancto
803 3718 845 3763 ex
862 3696 938 3764 eius
954 3694 1156 3765 charactere
1171 3695 1361 3786 personali,
1377 3701 1537 3788 quatenns

372 3809 425 3872 est
449 3801 746 3891 amor-procedens,
773 3800 1011 3891 intelligimus
1018 3805 1201 3894 proprium
1215 3816 1247 3869 ct
1261 3802 1478 3891 personalem
1489 3823 1537 3866 ru·

370 3927 524 4012 pionem,
551 3934 617 3975 non
645 3923 684 3974 ut
710 3910 802 3976 solus
828 3909 983 3998 Spiritus
1007 3911 1152 3978 Sanctus
1179 3933 1237 3975 nec
1262 3908 1360 3976 modo
1390 3911 1537 3999 sibipra-

361 4037 473 4124 P⁷i⁰r
501 4040 558 4106 ped
588 4055 626 4110 up
659 4015 820 4120 ,stipites
852 4039 919 4081 8888
957 4016 1160 4083 indistincto
1193 4016 1289 4082 modo
1323 4016 1493 4083 inhabitet
1512 4025 1540 4077 ct

365 4143 509 4214 “esaar
524 4152 657 4220 sanetis
672 4156 717 4224 au
734 4121 1002 4236 dicuntum
1015 4121 1225 4191 ⁰¹¹²fst⁸i²¹¹¹
1240 4127 1278 4190 “i
1290 4120 1426 4190 (ΗΜ
1438 4117 1540 4190 ⁰¹²⁸fi·

943 4229 949 4237 ”
1097 4250 1161 4294 η88
1181 4250 1224 4297 ex
1247 4227 1321 4297 Deo
1338 4233 1396 4296 886
1408 4226 1539 4296 86Ι)888

451 4340 459 4356 .
585 4256 684 4332 'ins
709 4286 838 4339 eorum.
862 4273 1149 4371 «88188888...

357 4351 431 4417 tate
449 4363 487 4407 1n
514 4354 647 4402 8888...

360 4456 433 4534 886,
452 4437 590 4537 8888868
607 4433 647 4522 (6.
662 4451 692 4498 8.
709 4446 751 4494 ex
771 4441 872 4508 prop.

812 4379 992 4459 '‘rristate
1007 4383 1197 4477 personali)
1213 4334 1383 4475 Spalim
1398 4334 1537 4405 Sam
