3172 4950
715 324 753 339 ..
774 292 834 354 304
857 326 896 341 -

231 412 352 501 posset,
372 432 387 463 n
411 400 465 469 Ex
488 398 601 467 altera
623 418 706 467 vero
729 404 830 488 parte
853 397 945 468 idem
966 398 1180 470 Consentius
1202 406 1363 473 statuerat:

233 540 330 585 «non
352 522 422 581 tam
444 508 537 577 ratio
559 506 769 598 requirenda
792 528 896 597 quam
918 508 1116 577 auctoritas
1145 516 1201 579 est
1222 512 1365 602 sequendi

230 628 440 703 Sanctorum
465 614 611 684 sienim
635 614 720 683 fides
745 615 894 683 Sanctae
915 615 1096 686 Ecclesiae
1118 639 1161 686 ex
1185 618 1365 709 disputatio

230 734 282 801 uis
302 728 433 799 ratione
455 728 492 793 et
512 746 580 792 non
604 747 646 792 ex
670 723 893 793 credulitatis
909 725 1041 815 pictate
1056 726 1364 816 apprehenderetur,

228 860 321 909 nemo
343 840 479 926 praeter
500 830 724 921 philosophos
746 837 852 923 atque
876 838 1031 901 oratores
1054 833 1366 925 beatitudinempoe

228 948 364 1017 smeret.
375 968 392 1003 n
416 940 491 1007 Iam
504 939 731 1027 Augustinus
746 939 784 1006 in
801 940 1024 1029 responsione
1042 962 1106 1009 sua
1125 942 1290 1027 ostendit,
1303 942 1367 1011 beer

226 1058 292 1127 duo
313 1073 335 1120 a
356 1048 538 1119 Consentio
560 1046 700 1136 posita,
726 1048 757 1115 si
782 1048 943 1117 absolute
965 1049 1236 1141 acciperentur,
1260 1072 1294 1119 se
1313 1072 1366 1119 nu·

226 1172 286 1234 tuo
308 1156 499 1230 excludere.
520 1154 661 1238 Quare,
687 1155 830 1247 iuquit,
857 1180 936 1225 cum
960 1163 1147 1250 utrumque
1172 1159 1222 1227 sit
1251 1158 1366 1227 variari·

225 1294 336 1353 mum,
360 1271 396 1335 et
419 1264 519 1332 fidem
543 1285 585 1330 ex
603 1264 816 1333 auctoritate
839 1288 914 1333 esse
938 1266 1148 1357 sequendam
1164 1274 1201 1336 et
1216 1265 1366 1335 nihiloni-

224 1402 288 1449 nus
310 1369 582 1459 intelligentiam
607 1369 818 1438 creditorum
837 1394 911 1441 esse
927 1375 1173 1465 quaerendam,
1192 1374 1300 1465 accipi
1319 1374 1367 1443 illa

223 1486 290 1555 duo
310 1481 364 1549 ita
386 1478 532 1559 debent,
559 1483 599 1544 ιιι
623 1475 709 1544 fides
733 1479 920 1566 praecedat
941 1487 978 1549 et
999 1502 1042 1549 ex
1064 1481 1133 1550 fide
1157 1482 1364 1551 contendatur

222 1594 265 1663 ad
287 1589 438 1681 aliquam
462 1585 515 1653 rei
538 1584 693 1654 creditae
715 1585 1008 1677 intelligentiam,
1027 1611 1116 1681 quas
1138 1596 1255 1659 tamen
1277 1590 1365 1679 perio

222 1708 278 1773 cta
298 1719 366 1765 nou
386 1693 478 1775 erit,
503 1693 573 1759 nisi
598 1693 737 1783 quaudo
761 1696 1022 1783 pervenerimus
1044 1696 1089 1764 ad
1106 1697 1276 1766 visionem
1296 1696 1365 1765 facia

220 1808 264 1879 ad
286 1803 420 1875 faciem.
438 1828 455 1864 u
473 1799 512 1868 Si
527 1800 698 1869 rationem
713 1822 736 1867 a
752 1824 804 1870 me
822 1801 912 1871 vela
928 1804 1084 1895 quolibet
1101 1804 1241 1874 doctore
1256 1828 1317 1873 nou
1328 1804 1364 1873 ir·

220 1910 476 1989 rationabiliter
498 1908 666 1997 flagitas,
693 1916 734 1979 ιιι
757 1911 850 2003 quod
876 1912 990 1981 credis
1020 1913 1225 2003 intelligas,
1251 1913 1364 2002 corrige

219 2020 452 2097 definitionem
468 2022 589 2101 tuam,
616 2041 685 2086 nou
710 2026 753 2088 ut
775 2019 877 2088 fidem
900 2043 1046 2111 respuas
1068 2022 1129 2091 sed
1158 2031 1201 2092 ut
1222 2045 1274 2108 ea,
1297 2042 1365 2115 quae

220 2131 297 2203 ddei
321 2126 489 2197 firmitate
513 2126 581 2192 iam
605 2130 726 2211 tenes,
752 2128 859 2196 etiam
889 2129 1039 2197 rationis
1068 2129 1146 2199 luce
1178 2130 1361 2221 conspicies

217 2239 321 2313 Absit
343 2257 490 2325 namque
515 2241 557 2303 ιιι
579 2234 643 2303 boc
666 2235 705 2301 iu
727 2236 828 2304 nobis
850 2238 946 2305 Deus
969 2238 1095 2324 oderit,
1113 2239 1152 2307 iu
1169 2264 1237 2332 quo
1258 2261 1363 2307 unsre

218 2346 325 2441 liquis
336 2343 574 2413 animantibus
597 2342 860 2414 excellentiores
882 2346 1030 2417 creavit.
1043 2346 1162 2433 Absit,
1177 2349 1321 2441 inquam,
1333 2352 1364 2415 ut

218 2456 292 2527 ideo
315 2451 518 2533 credamus,
544 2472 586 2517 ne
609 2451 782 2519 rationem
805 2453 1030 2544 accipiamus,
1056 2456 1132 2525 sive
1157 2476 1359 2549 quaeramus,

216 2588 291 2637 oum
314 2558 419 2629 etiam
445 2558 584 2627 credere
608 2581 676 2627 uon
708 2583 905 2650 possemus,
930 2562 1001 2630 nisi
1032 2564 1225 2634 rationales
1253 2565 1361 2632 animas

216 2672 429 2743 haberemus.
443 2666 492 2733 Ut
515 2689 599 2755 ergo
624 2666 660 2734 iu
684 2668 892 2759 quibusdam
915 2671 1019 2739 rebus
1042 2672 1087 2741 ad
1110 2672 1301 2742 doctrinam
1319 2690 1358 2739 sa·

217 2784 363 2849 latorem
388 2774 669 2864 pertinentibus,
696 2799 784 2868 quas
807 2778 943 2846 ratione
958 2780 1112 2848 noudum
1134 2781 1356 2871 perciperem·

216 2890 324 2957 Ιιιιιιιιιι
347 2882 407 2951 sed
429 2881 619 2972 aliquando
642 2882 858 2969 valebimus,
884 2886 969 2955 fides
992 2888 1179 2977 praecedat
1202 2889 1353 2965 rationem,

214 3018 282 3089 ιμιιι
305 3016 363 3059 cor
385 2991 596 3073 mundetur,
623 2998 664 3058 ut
688 3012 833 3081 magnae
856 2993 1005 3061 rationis
1028 2994 1148 3085 capiat
1170 3002 1206 3065 et
1229 2996 1377 3087 perferat.

215 3106 346 3183 lucem,
374 3100 437 3167 boc
462 3097 586 3190 utique
610 3098 758 3167 rationis
780 3105 846 3168 est.
860 3099 909 3169 Et
931 3101 1007 3169 ideo
1029 3102 1288 3173 rationabiliter
1304 3100 1353 3168 dic·

215 3220 286 3281 ιιιιιι
310 3214 366 3275 cst
388 3230 449 3296 per
472 3205 698 3295 prophetam:
726 3208 794 3275 uisi
819 3208 1143 3294 credideritis,non
1159 3207 1352 3301 intelligetis

216 3324 242 3391 11
248 3320 278 3387 bi
304 3316 425 3409 procul
449 3315 555 3383 dubio
578 3315 748 3386 discrevit.
770 3317 856 3387 baec
879 3319 973 3401 duo,
999 3318 1163 3411 deditque
1187 3319 1351 3395 censuim.

211 3454 279 3523 quo
304 3427 401 3517 prius
425 3424 628 3508 credemus,
656 3431 698 3493 nt
721 3425 756 3493 id
781 3427 870 3516 quod
895 3425 1079 3510 credimus,
1106 3427 1352 3519 intelligerem

213 3542 355 3607 lomous.
372 3532 520 3602 Proinde
544 3540 585 3600 ιιι
608 3534 694 3601 fides
718 3535 903 3623 praecedat
919 3535 1104 3619 rationem,
1123 3534 1354 3605 rationabiliter

214 3648 326 3719 νὶιιιιιιι
350 3650 446 3711 cst...
461 3640 499 3709 Si
524 3641 592 3707 iarn
617 3642 732 3711 fidelis
755 3642 925 3711 rationem
949 3650 1079 3733 poscat,
1094 3650 1135 3713 ut
1158 3646 1248 3737 quod
1269 3638 1353 3715 credit

213 3752 414 3841 intelligat,
441 3750 616 3839 capacitas
639 3750 717 3819 aius
740 3751 909 3820 intuenda
931 3759 1004 3836 est,
1031 3757 1072 3822 nt
1095 3756 1282 3825 secundum
1300 3768 1353 3821 eam

212 3864 345 3933 rationo
368 3860 508 3929 reddita
531 3868 647 3929 sumat
670 3861 753 3929 fidei
776 3883 871 3945 suae,
898 3867 1068 3953 quantum
1096 3870 1227 3952 potest,
1251 3856 1353 3931 intelli·

210 3972 389 4061 gentiam
422 3968 605 4051 maiorem,
632 3966 663 4034 si
696 3967 776 4057 plus
806 3968 923 4057 capit,
957 3967 1147 4054 minorem,
1180 3970 1212 4039 si
1243 3970 1353 4043 mnu,

207 4086 287 4153 ιΙιιιιι
314 4086 430 4147 tamen
455 4098 635 4168 quousque
659 4075 703 4144 ad
727 4075 980 4166 plenitudinem
1005 4077 1219 4166 cognitionis
1248 4076 1354 4170 perfee-

209 4192 404 4281 tiooornquc
428 4185 633 4277 perveniat,
659 4186 702 4251 ab
733 4184 859 4252 itinere
889 4183 970 4252 fidei
1001 4207 1068 4252 nou
1100 4188 1279 4257 recedat...
1302 4184 1355 4253 Ian

206 4324 291 4389 crgo
315 4296 344 4365 si
370 4294 490 4365 fideles
514 4316 658 4377 sumus,
685 4292 729 4360 ad
752 4292 834 4361 fidei
858 4292 951 4361 viam
974 4295 1210 4383 pervenimus,
1229 4284 1356 4390 quanti

207 4436 271 4479 oon
297 4402 556 4486 dimiserimus,
583 4423 651 4469 uon
675 4400 786 4469 solum
810 4400 855 4469 ad
877 4406 1012 4471 tautam
1027 4400 1299 4495 intelligentiam
1316 4418 1355 4467 ra·
