3172 4950
730 333 768 346 -
789 299 830 361 30
849 331 888 347 -

288 407 429 478 Maneat
450 405 575 496 igitur,
600 405 691 497 quod
714 405 885 491 diximus,
910 405 1082 475 unitatem
1103 404 1223 474 Patris
1245 425 1289 475 ec
1310 403 1386 473 Fili

223 540 284 588 eeu
300 515 420 599 Verbi,
435 535 522 606 quae
545 512 754 581 enuntiatur
775 513 826 582 Iu.
838 514 883 581 X.
895 512 966 599 30„
985 513 1051 583 hoo
1072 511 1176 581 initio
1191 511 1386 602 Evangelii

227 654 243 690 u
265 624 419 695 Verbum
441 627 520 691 erat
546 620 640 713 apud
662 620 783 702 Deum,
802 634 834 688 et
849 620 942 688 Deus
956 627 1034 689 erat
1045 619 1211 705 Verbum,
1224 647 1242 683 e
1269 618 1386 689 diserb

225 730 364 802 definiri
384 751 446 800 eeu
461 728 633 799 unitatem
644 727 860 812 divinitatis,
875 734 916 798 ut
926 729 1031 797 Pater
1043 733 1080 797 et
1090 726 1209 796 Filius
1220 726 1297 796 sint
1308 751 1386 796 nnn

226 839 333 908 Deus.
355 836 439 906 Cum
459 840 649 926 pernotum
665 835 703 903 in
715 835 868 904 formula
890 834 1056 925 baptismi
1071 833 1136 904 Me.
1151 832 1328 902 XXVIII.
1343 833 1386 903 19

224 954 299 1016 tum
322 944 404 1013 eliis
419 942 506 1012 locis
522 942 680 1034 Spiritus
704 943 855 1013 Sanctus
877 943 1060 1013 evidenter
1076 942 1153 1032 pari
1168 941 1307 1010 ratione
1322 963 1386 1011 eun

225 1056 331 1124 Patre
352 1058 389 1122 et
409 1052 503 1121 Filio
526 1057 793 1122 connumeretur
807 1053 845 1121 in
860 1051 1086 1125 distinctione
1100 1055 1137 1119 et
1151 1049 1302 1135 unitate,
1322 1073 1386 1119 con

226 1167 300 1231 stat
321 1161 462 1229 eandem
485 1159 721 1230 definitionem
737 1158 887 1228 unitatis
902 1159 954 1227 Io.
968 1159 999 1228 1.
1018 1156 1051 1227 1.
1067 1157 1162 1228 sicut
1183 1157 1386 1248 pertinetur

224 1271 324 1356 duas,
349 1271 403 1339 ita
424 1267 540 1339 eodem
564 1290 667 1337 sensu
682 1269 724 1337 de
740 1267 900 1338 omnibus
921 1266 1038 1336 tribus
1060 1265 1219 1357 personis
1234 1264 1301 1336 SS.
1321 1266 1386 1335 Tri

224 1379 349 1449 nitatis
373 1379 494 1448 debere
516 1376 684 1466 intelligi.

291 1484 415 1554 Omnia
437 1505 525 1577 quae
547 1483 700 1554 diximus
716 1484 758 1554 de
773 1483 896 1555 divina
912 1483 978 1554 hao
992 1481 1264 1576 praedicatione:
1285 1483 1386 1557 «Ver

225 1723 382 1779 notionalis
400 1722 535 1789 supponit
552 1722 605 1776 boc
616 1737 717 1776 nomen
730 1721 806 1775 Deus
817 1737 869 1789 pro
882 1736 1004 1789 persona
1024 1722 1122 1776 PatrIs
1135 1743 1148 1771 s
1162 1722 1191 1777 S.
1203 1723 1258 1777 Ἧι.
1272 1725 1300 1777 1.
1311 1739 1342 1791 q.
1354 1724 1386 1778 39

225 1832 251 1870 a.
262 1816 290 1867 4.
305 1813 377 1885 edd.
392 1812 550 1866 Secundum
569 1812 638 1864 baec
661 1810 855 1877 Intelligendu
875 1816 952 1877 suut,
972 1827 1044 1878 quse
1062 1827 1143 1866 secus
1160 1813 1312 1868 obscurius
1323 1815 1386 1869 diet

226 1903 320 1959 rideri
340 1906 457 1970 possent
479 1902 514 1955 ab
536 1903 697 1969 interprete
718 1901 969 1955 doctissimo:s1n
993 1903 1057 1955 illis
1079 1903 1154 1955 Deus
1177 1907 1242 1957 erut
1262 1904 1386 1960 Verbum

226 1995 269 2048 aIt
286 1996 358 2061 ipse,
375 2008 475 2046 nomen
495 1994 570 2045 Deae
583 1993 685 2059 nequit
698 1992 858 2059 significare
873 1997 1005 2047 naturam
1030 1991 1159 2046 divinam
1173 1993 1222 2045 sed
1236 2009 1386 2061 personum

225 2084 278 2138 Vel
299 2084 373 2136 enim
400 2082 452 2135 boc
473 2097 574 2134 nornen
598 2082 755 2137 subiectum
784 2083 992 2150 propositionis
1015 2083 1091 2137 foret
1112 2085 1159 2137 vel
1182 2082 1381 2151 praedicatum

225 2173 339 2226 utrovis
363 2172 443 2225 modo
459 2170 584 2226 absurde
607 2175 684 2225 esset
703 2173 859 2226 sententia.
879 2174 1027 2227 litentur...
1039 2174 1095 2227 illa
1113 2174 1272 2240 propositio
1293 2174 1386 2241 siguin

224 2269 304 2320 earet
326 2267 373 2317 vel
394 2267 483 2317 totam
497 2267 628 2317 naturam
642 2263 770 2317 divinam
792 2279 854 2317 esse
868 2264 1001 2331 Verbum,
1023 2266 1070 2317 vel
1090 2264 1214 2318 Verbum
1233 2279 1297 2319 esse
1310 2269 1386 2319 totu

225 2357 357 2408 naturam
380 2352 526 2419 divinam
551 2356 703 2420 utrumqne
727 2355 802 2408 tslso
827 2358 915 2421 atque
932 2353 1054 2408 cbenrde
1071 2358 1102 2407 et
1120 2368 1181 2407 oum
1201 2354 1386 2422 superioribu

225 2459 365 2512 pugnans.
386 2442 510 2507 Quodsi
531 2442 649 2510 diceres,
673 2458 772 2496 nomen
784 2446 872 2495 Deum
888 2444 918 2496 h.
930 2444 951 2495 1.
963 2444 1064 2511 ntique
1084 2443 1247 2509 significare
1265 2448 1386 2499 naturae

225 2531 352 2585 divinam
378 2531 505 2585 sednon
527 2532 680 2597 universe,
702 2533 875 2585 alterutrum
895 2533 1055 2585 necessario
1079 2547 1229 2599 peccares,
1253 2534 1302 2585 vel
1324 2548 1386 2601 quoe

225 2626 323 2691 plures
342 2626 461 2677 naturas
479 2621 595 2677 divinas
609 2638 670 2675 esse
685 2637 813 2690 poneres,
831 2622 879 2675 vel
892 2636 976 2675 unam
987 2621 1101 2689 quidem
1112 2637 1183 2690 qnae
1194 2620 1288 2675 dividi
1302 2639 1386 2691 posse

223 2712 255 2766 tn
265 2716 363 2780 partes
374 2728 405 2767 ac
417 2728 506 2780 paene
525 2712 829 2766 distribui.»1taille.
848 2712 906 2764 Nos
925 2727 993 2765 vero
1013 2711 1143 2765 dicimus:
1164 2712 1386 2788 nomenDeus(s

224 2803 339 2870 proprie
357 2807 387 2857 et
403 2817 459 2856 non
474 2803 621 2868 analogice
638 2796 773 2873 sumitur)
785 2802 944 2856 necessario
961 2803 1105 2868 significat
1116 2806 1249 2855 naturum
1268 2802 1386 2857 divinar

224 2909 285 2948 curu
308 2893 556 2959 udsigntflcstione
569 2908 621 2960 per
633 2907 662 2946 se
676 2892 900 2947 indeterminate
919 2893 1125 2946 subsistentiae
1140 2895 1203 2947 sive
1220 2894 1251 2946 in
1265 2908 1324 2946 nne
1336 2894 1386 2947 siv

225 2988 257 3040 in
270 2987 363 3039 ultera
376 2986 439 3039 sive
453 2985 485 3038 in
498 2985 594 3038 tribue
614 2985 754 3050 personis.
767 2984 847 3038 Unde
860 2983 885 3036 si
898 2984 930 3036 in
943 2984 997 3036 illa
1010 2984 1205 3052 propositione
1220 3003 1232 3030 s
1245 2984 1322 3038 Deus
1336 2997 1387 3037 era

225 3075 364 3140 Verbum,
378 3093 391 3120 e
406 3088 506 3126 nomen
529 3076 603 3125 Deus
622 3075 667 3126 est
690 3071 903 3140 praedicatum,
925 3073 1061 3126 enuntiat
1082 3073 1152 3139 quid
1173 3073 1208 3124 eit
1230 3072 1386 3140 hypostasi

225 3164 320 3232 posita
341 3163 373 3215 in
393 3162 540 3229 subiecto,
561 3179 624 3217 esse
647 3163 760 3216 scilieet
785 3165 904 3217 naturae
926 3160 1063 3228 divinae,
1086 3162 1162 3217 sient
1189 3177 1290 3215 nomen
1318 3166 1386 3216 bom*

224 3254 360 3307 ennnttet
372 3252 441 3322 quid
460 3253 501 3306 sit
516 3252 611 3319 (taius,
627 3253 653 3307 si
666 3252 783 3306 dicItur:
799 3252 885 3306 (taius
902 3256 947 3305 est
959 3253 1051 3305 homo.
1071 3252 1215 3306 eirenen
1231 3254 1307 3304 Deae
1325 3268 1386 3307 esse

225 3343 392 3409 subiectum,
411 3343 506 3397 eodem
519 3342 600 3396 modo
619 3343 795 3410 sipns'fieoret
813 3347 945 3397 naturam
964 3342 1092 3396 divinam
1112 3357 1163 3410 per
1181 3341 1292 3395 modum
1306 3343 1386 3396 snbsi

224 3433 342 3499 steutis,
360 3432 409 3485 sed
428 3431 672 3487 determinaretur
693 3431 729 3486 ad
741 3433 953 3499 supponendam
972 3447 1022 3498 pro
1043 3447 1100 3486 nna
1116 3430 1257 3486 distincta
1275 3448 1386 3499 person:

223 3537 276 3592 per
289 3521 485 3590 praedicatum
499 3522 724 3590 hypostaticnm:
743 3527 830 3577 «erat
845 3523 974 3576 Verbum.
987 3542 1000 3571 ι
1015 3523 1137 3589 Insuper
1149 3523 1274 3575 Verbum
1286 3527 1333 3575 est
1345 3524 1386 3576 uti

225 3628 280 3681 que
297 3612 421 3666 identice
441 3615 503 3666 tcta
521 3616 626 3665 natura
645 3612 755 3679 divina,
768 3617 798 3666 et
808 3616 871 3667 tota
891 3617 995 3667 nutura
1009 3611 1111 3667 dlvtna
1131 3616 1177 3665 est
1194 3612 1329 3680 Verbum,
1345 3628 1386 3668 ree

225 3707 309 3770 teque
329 3706 425 3769 potest
445 3701 502 3757 dici
526 3705 631 3757 natura
650 3703 752 3758 diviua
767 3719 849 3758 anon
862 3704 998 3758 universe
1011 3725 1023 3751 n
1038 3704 1068 3757 b.
1083 3719 1108 3756 ο.
1124 3717 1180 3755 non
1195 3705 1338 3770 quotenus
1351 3703 1386 3757 ub

226 3793 369 3846 solutast
389 3794 485 3847 tribus
502 3794 655 3847 eommunis
679 3795 844 3860 spectatur,
868 3807 930 3846 esse
952 3792 1095 3858 Verbum,
1121 3791 1171 3844 sed
1191 3795 1334 3858 quatenns
1354 3806 1386 3845 es

226 3884 390 3937 substantie
409 3885 534 3939 relativa
554 3885 696 3938 relatione
716 3883 889 3949 filiationis,
914 3898 1005 3950 neque
1028 3898 1097 3936 sane
1114 3881 1178 3935 ideo
1199 3883 1298 3949 plnres
1317 3885 1386 3935 natu

225 3989 274 4027 ras
293 3974 425 4040 ponimus
445 3977 492 4028 vel
510 3989 595 4028 unam
608 3973 731 4027 divisam
750 3974 781 4025 iu
801 3977 907 4041 partes,
929 3973 978 4027 sed
998 3971 1193 4026 tantummodo
1207 3987 1264 4025 unu
1280 3986 1386 4025 nnrnen

227 4066 331 4116 nutura
348 4062 503 4117 eommunis
521 4065 551 4116 et
570 4061 747 4115 identificatur
769 4078 831 4115 cnm
849 4063 942 4115 tribus
956 4062 1035 4114 inter
1051 4076 1080 4114 se
1097 4060 1247 4114 dIstinctis
1267 4061 1385 4127 personi

225 4153 350 4208 docetur:
369 4158 451 4208 suna
468 4151 606 4221 quaedam
626 4167 734 4205 sumna
754 4141 800 4206 res'
823 4153 966 4205 vercotter
984 4155 1029 4204 est
1041 4153 1129 4204 Pater
1142 4153 1172 4203 ct
1184 4150 1279 4202 Filius
1294 4153 1325 4201 et
1337 4151 1386 4219 Spi

224 4242 300 4297 ritns
322 4240 453 4308 Sanctus,
469 4245 529 4294 tres
542 4240 629 4293 simul
648 4255 787 4308 personae
808 4243 838 4293 et
857 4240 1032 4306 cirpilletim
1050 4239 1193 4307 quaslibet
1205 4238 1386 4292 eurumdem..

229 4333 374 4397 Quoslibet
392 4332 477 4385 trium
487 4347 673 4398 personam
686 4339 725 4383 est
743 4332 852 4384 illam
871 4329 1003 4385 videlicet
1020 4329 1189 4395 mittentia,
1203 4327 1324 4382 urentia
1342 4329 1385 4381 sie

226 4430 332 4477 serare
350 4422 475 4477 dicineo
490 4420 573 4478 donc.
587 4422 684 4477 Later.
698 4420 750 4476 Π.
