3180 4944
857 316 896 329 -
917 284 977 346 598
997 316 1036 329 -

363 392 502 484 Spiritu
515 419 553 477 n,
579 390 669 482 quod
696 391 828 459 dictum
851 397 906 459 est
927 411 990 481 pro
1016 409 1106 458 novo
1127 386 1364 456 Testamenta.
1391 383 1476 475 Cyr.
1498 386 1532 454 in

362 501 414 569 Io.
427 524 462 590 p.
478 500 644 569 alatae.
1033 564 1037 569 .

427 609 502 677 Iam
530 631 612 677 vero
639 605 918 675 conformitatem
933 605 979 673 ad
1001 604 1191 694 imaginem
1211 602 1322 688 Filii,
1342 601 1461 694 qualis
1478 624 1533 669 no·

361 718 515 784 minatur
538 716 636 783 Rom.
656 714 758 784 VIII.
774 714 844 799 29„
868 712 1027 802 Cyrillas
1050 736 1119 781 non
1145 711 1308 802 agnoseit
1334 710 1442 778 aliam
1465 709 1531 777 nisi

360 845 422 913 per
440 824 695 892 inhabitantem
708 822 881 913 Spiritum
893 821 1072 909 Sanctum,
1087 820 1189 889 immo
1206 825 1323 889 censet
1349 821 1530 907 iosap-inem

360 932 454 998 Filii
465 932 508 999 ab
524 930 693 1021 Apostolo
707 930 919 999 nominatam
935 929 1049 1019 ipsum
1066 951 1140 997 esse
1157 928 1330 1020 Spiritum
1347 927 1526 1009 Sanctum,

360 1044 465 1130 atque
493 1039 545 1107 ita
569 1038 707 1128 Spiritu
728 1038 856 1108 Sancto
883 1037 1107 1106 inhabitante
1134 1036 1248 1105 iustos
1274 1034 1390 1105 veluti
1413 1033 1527 1123 impri-

359 1152 472 1215 mente
501 1145 621 1235 sigillo
638 1145 848 1214 conformari
863 1143 1016 1213 Christo.
1046 1143 1276 1213 «Similitudo
1298 1164 1391 1232 pura
1414 1151 1451 1209 et
1472 1162 1526 1206 na·

358 1253 488 1322 taralis
514 1252 602 1320 Filii
626 1258 681 1321 est
703 1252 883 1342 Spiritus,
903 1253 947 1320 ad
979 1275 1079 1343 quem
1109 1251 1216 1320 etiam
1239 1273 1303 1318 nos
1318 1247 1526 1337 configurati

357 1383 417 1450 per
436 1359 758 1443 sanctificationem,
786 1358 830 1426 ad
846 1359 958 1449 ipsam
981 1359 1046 1431 Dei
1061 1361 1208 1428 formam
1227 1357 1524 1447 configuramur...

358 1468 458 1550 Quod
479 1473 596 1536 autem
623 1466 820 1536 similitudo
854 1488 939 1537 vera
957 1465 1046 1534 Filii
1069 1472 1126 1535 est
1142 1466 1309 1556 Spiritus,
1334 1463 1420 1532 audi
1443 1464 1525 1529 Pau·

356 1575 429 1643 lum
458 1575 676 1644 scribentemr
703 1597 788 1667 quos
811 1572 1006 1665 praescivit
1030 1579 1067 1642 et
1089 1571 1372 1663 praedestinavit
1395 1569 1524 1656 eonfor-

355 1707 421 1749 mer
438 1684 521 1771 fleri
543 1685 710 1774 imaginis
726 1682 819 1749 Filii
834 1686 890 1749 sai
910 1679 1256 1768 (Rom.V1H.29.)„
1282 1679 1427 1769 Dialog.
1445 1676 1521 1745 VH.

356 1789 447 1859 TV.
463 1815 497 1881 p.
508 1790 684 1859 639.Vide
696 1790 833 1882 reliqna
848 1811 870 1857 a
886 1789 985 1858 nobis
1001 1789 1175 1879 descripta
1187 1792 1310 1879 (supra
1324 1787 1520 1878 paacsqp

354 1896 455 1965 Certe
475 1897 589 1986 igitur
613 1897 772 1986 Cyrillus
795 1897 924 1982 sensit,
957 1897 1071 1986 ipsum
1099 1894 1284 1985 Spiritum·
1298 1891 1521 1963 Sanctumin

354 2003 568 2093 patriarchis
596 2013 633 2073 et
654 2005 833 2095 prophetis
856 2010 892 2074 et
915 2004 952 2071 in
975 2004 1105 2072 Ioanne
1127 2002 1291 2092 Baptista
1320 2002 1367 2069 ad
1401 1999 1520 2068 sancti·

353 2109 549 2178 ficationem
573 2116 608 2179 et
630 2112 890 2202 impressionem
913 2110 1080 2200 imaginis
1094 2109 1182 2178 Filii
1206 2109 1437 2177 inhabitasse.

419 2218 657 2288 Nihilominus
681 2220 732 2287 3¹⁰.
751 2219 910 2309 cyrillus
931 2219 1093 2308 agnoseit
1122 2218 1306 2308 specialem
1330 2217 1519 2285 missionem

354 2330 390 2393 et
418 2324 710 2394 inhabitationem
733 2326 891 2417 Spiritus
916 2325 1038 2395 Sancti
1068 2348 1130 2416 per
1161 2325 1462 2414 regenerationem
1491 2328 1520 2390 et

288 2438 292 2445 '
353 2433 646 2502 consecrationem
669 2432 826 2502 fidelium
859 2434 896 2501 in
920 2434 1115 2524 baptismo,
1144 2433 1185 2502 de
1215 2454 1283 2524 quo
1316 2432 1424 2522 paulo
1447 2435 1517 2498 ante

352 2539 517 2626 diximus,
544 2547 580 2610 et
609 2541 798 2610 secundnm
822 2541 912 2610 hano
937 2540 1124 2631 specialem
1147 2540 1442 2610 consecrationem
1465 2561 1517 2627 pu·

353 2651 410 2714 tat
432 2647 522 2716 solos
549 2653 688 2718 sanctos
712 2650 795 2717 novi
823 2649 1038 2718 Testamenti
1060 2648 1231 2740 appellari
1252 2648 1424 2738 templum
1446 2647 1515 2715 Dei.

351 2751 451 2821 Unde
478 2755 515 2822 in
535 2755 790 2845 comparatione
814 2755 986 2824 iustorum
1007 2756 1138 2825 veteris
1169 2756 1387 2825 Testamenti
1414 2763 1449 2824 et
1468 2778 1517 2823 re-

352 2866 596 2947 generatorum
619 2864 790 2954 baptismo
821 2863 859 2931 in
891 2886 980 2932 novo
1015 2865 1235 2935 Testamento
1267 2862 1432 2952 Cyrillus
1458 2886 1517 2930 uon

351 2968 560 3058 simpliciter
582 2976 690 3060 negat
719 2971 877 3061 Spiritus
898 2971 1020 3040 Sancti
1037 2995 1217 3061 personam
1237 2972 1457 3041 inhabitasse
1472 2971 1517 3037 iu·

351 3076 417 3144 stis
438 3078 627 3163 veteribus,
653 3102 715 3148 neo
731 3078 940 3169 simpliciter
955 3086 1063 3169 negat
1080 3081 1131 3149 eis
1148 3080 1359 3169 dignitatem
1372 3079 1516 3148 filiorum

350 3182 558 3272 adoptionis,
578 3186 637 3254 sed
649 3191 765 3255 tamen
781 3187 941 3276 agnoseit
952 3187 991 3254 in
1006 3187 1223 3276 regeneratis
1239 3210 1300 3277 per
1315 3189 1517 3279 baptismum

349 3287 482 3357 Christi
498 3292 681 3380 specialem
694 3293 906 3382 dignitatem
918 3295 1055 3383 gratiae
1073 3301 1108 3363 et
1124 3294 1308 3385 specialem
1320 3294 1468 3363 titulum
1479 3290 1516 3359 ad

350 3393 449 3462 illam
462 3396 751 3469 inhabitationem
762 3407 800 3469 et
808 3402 1039 3492 adoptionem.
1060 3401 1161 3484 Quod
1176 3403 1318 3470 tandem
1337 3407 1516 3471 revocatur

350 3503 395 3572 ad
419 3504 678 3575 distinctionem
701 3508 973 3577 inhabitationis
996 3510 1183 3578 secundum
1209 3509 1370 3579 diversos
1393 3509 1516 3598 gradus

349 3614 386 3677 et
399 3633 461 3700 pro
477 3610 618 3680 diversa
632 3636 700 3681 non
724 3614 835 3683 solum
854 3637 1016 3682 mensura
1029 3616 1204 3684 sedetiam
1216 3617 1433 3706 proprietate
1445 3635 1514 3704 gra·

348 3716 480 3786 tiaram
495 3740 536 3788 ao
548 3720 726 3809 donorum3
745 3745 813 3790 non
829 3745 913 3791 vero
929 3723 1081 3813 pertinet
1098 3725 1142 3792 ad
1156 3724 1383 3793 statuendum
1402 3721 1514 3792 discri-

349 3847 426 3895 men
448 3811 702 3898 ooniunetionis
718 3853 780 3920 per
794 3829 902 3898 solam
914 3831 1151 3920 operationem
1165 3853 1227 3921 pro
1250 3837 1406 3922 tempore
1431 3835 1514 3899 vete·

348 3932 400 4001 ris
417 3934 631 4006 Testamenti
654 3944 690 4006 et
711 3938 979 4007 inhabitationis
999 3941 1186 4008 seeundum
1202 3941 1438 4009 substantiam
1459 3959 1514 4029 pro

347 4044 542 4111 oeconomia
563 4045 648 4115 novi
672 4045 899 4115 Testamenti.
931 4046 984 4114 cf.
1002 4046 1038 4115 S.
1051 4046 1117 4114 Th.
1131 4046 1163 4115 1.
1176 4045 1260 4115 dist.
1275 4046 1331 4114 15.
1347 4072 1381 4138 q.
1393 4047 1426 4115 5.
1441 4067 1471 4112 a.
1482 4044 1510 4110 2.

679 4246 777 4283 GRATIS
792 4247 886 4284 nomm
902 4247 995 4284 reborat
1012 4248 1072 4284 man
1088 4247 1193 4285 cnnrsrr

562 4326 595 4361 nr
612 4326 739 4363 cnamras
755 4327 801 4362 nn1
817 4328 851 4362 ET
867 4327 1066 4364 conwmcnrlo
1082 4327 1175 4364 alncrr
1188 4328 1306 4364 smirna

714 4408 757 4443 SIT
774 4407 828 4444 GU!
845 4408 959 4446 omaus
975 4409 1059 4446 NOBIS·
1077 4409 1158 4446 un.
