3172 4950
712 346 750 359 -
772 314 832 376 298
853 345 892 359 ..

222 432 314 501 risit.
332 448 352 495 o
367 421 500 511 lapsis
515 419 616 488 illum
632 421 810 509 theologia
827 420 1099 510 surripuisse...
1124 421 1183 489 Ita
1206 445 1264 490 vos
1277 423 1358 492 decet¹

215 548 441 621 :lnanagorae
463 535 499 595 et
521 528 745 616 Pythagorae
769 535 805 596 et
828 526 988 594 Platonis
1011 533 1118 618 atque
1134 528 1286 618 deinceps
1299 529 1350 597 lln

213 646 316 713 :cerni
338 654 372 707 et
397 635 578 704 Plutarchi
597 648 632 704 et
655 637 787 704 Plotini
812 644 1073 727 ceterorumque
1097 636 1232 705 auditis
1253 660 1351 705 cerne

212 755 337 819 nibus.
363 749 492 814 feracem
515 745 739 835 perquirere,
765 769 807 813 ex
832 767 899 835 quo
923 744 978 811 illi
1003 767 1116 834 pauca
1140 745 1299 836 quaedam
1316 745 1352 813 di·

213 862 372 925 vincrrum
393 855 601 922 fluentorum
626 853 827 922 haurientes
850 852 959 920 libros
974 876 1055 920 suos
1075 862 1296 938 exornarunt,
1316 860 1353 920 et

211 991 278 1061 pue
294 966 415 1033 horum
438 963 599 1051 neglecta
622 968 828 1052 paupertate
851 963 1018 1050 abyssum
1041 962 1224 1051 complecti
1247 962 1353 1052 sapien·

211 1078 282 1145 aiae
299 1100 315 1129 r
340 1077 406 1140 etc.
434 1070 639 1139 Theodorei.
660 1070 683 1137 l.
704 1093 733 1138 c.
754 1094 788 1160 p.
808 1070 887 1137 505.
910 1072 956 1138 cf.
977 1070 1106 1138 Eusch.
1128 1071 1288 1161 Praepar.
1303 1071 1350 1139 Er.

213 1182 363 1270 1.x1.p.
382 1180 459 1246 527.

271 1289 326 1357 Ex
349 1287 507 1354 omnibus
530 1287 636 1355 dictis
660 1294 793 1356 certum
817 1289 954 1355 omnino
977 1294 1043 1372 est,
1070 1287 1228 1355 Platonis
1251 1286 1350 1356 doctri·

210 1420 288 1467 riam
313 1397 354 1464 de
377 1395 466 1463 ideis
489 1402 524 1462 et
547 1395 588 1462 de
612 1404 724 1464 mente
748 1397 871 1465 divina
893 1397 984 1464 nihil
1001 1398 1177 1487 pertinere
1196 1397 1238 1464 ad
1254 1404 1351 1485 mpsle

212 1506 302 1575 rium
325 1504 401 1587 nei,
429 1504 489 1594 qui
513 1505 562 1571 sit
586 1527 675 1570 unns
699 1506 849 1573 essentia
866 1512 901 1574 et
916 1506 1033 1573 trinus
1056 1507 1227 1595 personis.
1243 1505 1278 1572 Si
1289 1525 1350 1595 quae

212 1636 294 1682 vero
327 1612 368 1680 de
399 1611 623 1679 distinctione
654 1636 879 1702 personarum
908 1616 1000 1703 apud
1030 1614 1212 1682 Philonem
1241 1619 1351 1701 etpost

215 1721 444 1811 Evangelium
469 1721 570 1809 longe
595 1722 734 1814 lateque
765 1724 831 1791 iam
858 1731 1089 1813 propagatum
1121 1724 1214 1812 apud
1237 1721 1351 1811 Neopla

211 1830 345 1900 tonicos
370 1837 558 1897 occurrunt
574 1830 636 1915 (1),
663 1853 703 1898 ea
727 1856 767 1899 ex
792 1831 1006 1900 revelatione
1023 1832 1067 1898 ad
1084 1832 1147 1899 hos
1164 1829 1352 1921 philosophos

211 1945 467 2031 pervenerunt,
494 1945 528 2005 et
552 1937 666 2006 adhuc
690 1942 733 2006 ab
756 1941 806 2007 eis
829 1940 1120 2029 interpretatione
1144 1963 1186 2006 en
1202 1936 1352 2029 principiis

215 2067 304 2113 merc
327 2044 577 2135 philosophicis
602 2047 637 2112 in
662 2070 800 2115 sensnm
824 2048 953 2114 falsum
978 2048 1116 2115 detorta
1140 2054 1233 2114 sunt.

279 2154 399 2221 Obiter
423 2153 528 2220 etiam
552 2153 609 2221 hic
633 2156 866 2224 animadverti
891 2161 1022 2245 potest,
1043 2156 1128 2246 quid
1153 2157 1193 2222 de
1217 2156 1264 2222 sic
1284 2153 1353 2220 dicto

215 2262 428 2330 Platonismo
444 2261 588 2329 Petrum
606 2265 821 2332 sentiendum
833 2265 892 2331 sit.
908 2265 1031 2332 Patres
1044 2266 1212 2353 profecto,
1228 2270 1266 2330 ut
1280 2281 1354 2351 saepe

212 2370 298 2437 alibi
323 2370 548 2452 ostendimus,
574 2393 642 2437 non
667 2373 809 2438 verbnm
828 2371 1022 2439 revelatum
1043 2370 1279 2461 philosophiae
1297 2367 1355 2435 sub

213 2478 381 2561 iecerunt,
400 2484 463 2545 ant
486 2477 575 2545 illud
599 2478 746 2546 theoriis
770 2479 1052 2569 philosophorum
1076 2480 1289 2548 accomodare
1302 2500 1353 2543 um·

211 2608 313 2677 quam
338 2588 374 2654 in
398 2587 549 2654 animum
581 2587 813 2675 induxerunt3
841 2589 900 2657 sed
933 2588 1051 2656 ordine
1083 2587 1223 2656 inverso
1252 2585 1353 2655 verita·

267 2808 308 2879 (1)
327 2809 409 2863 Nihil
428 2807 575 2861 dicendum
597 2812 642 2860 est
655 2807 688 2860 de
709 2809 845 2861 llerenrio
865 2808 1070 2874 Trismogisto,
1094 2825 1145 2861 nec
1165 2811 1254 2874 magis
1272 2806 1300 2860 ad
1312 2818 1350 2856 re·

213 2902 361 2968 pertinent
380 2903 495 2952 oracula
513 2900 670 2965 Sibyllina.
683 2901 752 2952 'l'nm
768 2903 842 2952 enim
866 2905 1029 2970 Hesperien-5
1043 2902 1096 2953 sub
1106 2902 1239 2954 llerenrii
1251 2914 1293 2952 seu
1304 2896 1351 2946 litt

213 3006 272 3041 mae
296 2991 426 3053 nomine,
453 3006 533 3055 quem
554 2990 725 3042 sacerdotem
743 2992 915 3056 Aegyptium
929 2993 1024 3056 Moyse
1043 2991 1234 3056 antiquiorem
1253 2987 1351 3040 ethbn·

214 3083 267 3132 hae
291 3083 436 3145 aequalem
459 3082 588 3146 faciunt,
613 3090 671 3133 tum
693 3085 753 3133 orto
784 3082 853 3132 libri
880 3082 1019 3145 Sibyllini
1043 3081 1137 3131 foetus
1168 3092 1235 3132 sunt
1259 3072 1349 3130 hominis

213 3170 382 3233 christiani,
406 3170 449 3220 eui
470 3169 633 3236 Seriptnrae
656 3172 762 3222 veteris
784 3175 813 3221 et.
835 3170 901 3221 novi
923 3170 1097 3221 Testamenti
1119 3180 1201 3220 crant
1217 3160 1350 3234 perspecti*

213 3260 311 3311 simae.
324 3259 404 3311 Libri
425 3259 563 3324 Sibyllini
585 3261 610 3311 si
631 3262 749 3325 genuini
770 3266 875 3321 essent,
898 3259 1079 3311 continerent
1100 3275 1154 3309 non
1178 3260 1231 3309 iam
1253 3244 1348 3307 natrnll

213 3350 324 3400 ratione
344 3349 474 3411 cognitas
498 3349 545 3400 sed
571 3364 619 3414 per
639 3351 844 3401 revelationem
865 3349 1084 3400 communicatas
1105 3349 1291 3398 veritates:at
1305 3349 1349 3391 ven

212 3440 285 3491 editi
306 3446 373 3490 sunt
395 3441 448 3491 sub
461 3440 543 3490 finem
557 3441 670 3505 imperii
683 3440 822 3491 Hadriani
843 3438 930 3511 (eirea
945 3453 1048 3490 annum
1064 3435 1137 3505 138),
1154 3430 1350 3503 quemadmodu

212 3533 241 3582 et
260 3530 433 3582 Poemander
452 3531 572 3581 lorteab
585 3530 679 3582 eodem
700 3536 814 3581 anctore
835 3531 880 3582 vel
901 3535 976 3581 certe
997 3528 1073 3578 circa
1093 3527 1167 3577 idern
1193 3532 1294 3591 tempus
1308 3528 1350 3587 ρκ’

213 3621 277 3672 diit.
291 3623 391 3673 Patres
413 3620 506 3686 aliqui
518 3620 714 3685 antiquissimi
735 3621 875 3683 lustinus,
898 3619 1105 3682 Athenagoras,
1128 3616 1296 3682 Theophilus
1311 3609 1350 3658 Ab·

212 3712 360 3762 tioehenns
379 3715 432 3763 ete.
455 3709 593 3762 adversus
612 3710 737 3773 gentiles
760 3711 910 3775 appellant
935 3709 969 3760 ad
998 3709 1065 3759 haee
1096 3723 1182 3773 opera
1204 3706 1279 3758 velut
1296 3709 1350 3760 εἴμ’

213 3801 363 3854 mentando
390 3800 424 3854 ad
449 3800 600 3865 hominem:
623 3815 693 3865 quae
714 3806 808 3851 tamen
830 3799 1017 3864 supposititia
1034 3814 1096 3849 essa
1117 3814 1174 3849 non
1196 3796 1271 3849 modo
1288 3798 1351 3843 rectu·

213 3891 301 3944 tiores
313 3891 408 3945 critici
428 3895 543 3956 norunt,
562 3889 610 3942 sed
630 3890 686 3941 iam
706 3890 879 3942 saeculolV.
900 3894 1072 3956 compertum
1093 3894 1173 3941 erat:

282 3986 377 4056 Ἰἰρμης
399 3981 411 4035 ό
433 4001 599 4053 τρισαριστος
622 3982 695 4049 {pm
716 3982 842 4033 ἐπεεσσιν
862 3981 960 4049 ripenses

278 4078 346 4129 'llud
360 4073 466 4133 ibahar„
485 4093 598 4143 στανρον
622 4076 648 4124 δι’
671 4073 746 4136 aedos
770 4093 888 4141 postposui
912 4073 1056 4135 §sp-Ionia...

279 4169 327 4219 'lla
351 4164 453 4218 θεοθεν.
475 4164 571 4229 βιβλων
594 4167 619 4214 de
636 4162 857 4231 negauerim.-
877 4159 928 4232 (al.
945 4155 1182 4230 παμβλεψαντες)
1204 4157 1272 4227 ἑμεισ

212 4261 328 4323 tlrcgor.
341 4258 411 4308 Nar.
424 4255 497 4307 Seot.
510 4254 549 4305 ΙΙ.
559 4269 644 4305 carm.
658 4254 722 4304 vn.
733 4270 760 4303 v.
775 4253 835 4304 245.
851 4270 895 4319 sq.
916 4270 943 4318 p.
959 4252 1037 4302 luas.
1057 4247 1108 4320 (al.
1123 4266 1209 4302 earm.
1224 4240 1284 4309 tal.
1301 4230 1347 4330 lili

214 4350 311 4401 Peter.
333 4346 415 4398 Trin.
431 4345 454 4397 l.
470 4360 492 4394 r.
511 4345 548 4408 2.;
563 4342 699 4395 Gallandi
715 4342 790 4393 Bibl.
804 4343 835 4393 Τ.
852 4343 874 4393 Ι.
890 4343 1048 4404 Prolegom.
1074 4345 1104 4392 et
1128 4343 1254 4392 auctores
1278 4326 1308 4382 ibi
1321 4334 1345 4371 ‘¹'

214 4443 299 4491 tator.
