3172 4950
683 326 722 341 -
742 294 804 358 270
824 328 862 343 -

188 400 438 475 revelationem
462 402 522 473 sed
544 401 651 473 etiam
675 404 855 495 supposita
877 402 1094 475 revelatione
1116 406 1294 496 mysterii,
1314 414 1349 482 ut

190 513 255 583 illa
284 513 322 582 in
353 511 530 604 praesenti
560 511 637 581 vita
666 512 891 598 conceditur,
924 536 1046 584 verum
1075 521 1209 586 manet.
1237 545 1255 581 s
1272 516 1348 600 Quo

189 621 283 690 niam
307 620 449 690 divinae
471 619 699 690 revelationis
714 621 837 690 radius
852 622 897 691 sd
912 644 975 691 nos
989 622 1156 712 pervenit
1171 625 1349 696 secundun

191 729 327 798 modum
349 734 530 813 nostrum,
556 728 639 797 hino
655 728 815 821 quamvis
837 751 898 820 per
921 730 1172 800 revelationem
1187 732 1350 804 elevemur

190 838 235 907 ad
257 835 393 929 aliquid
416 835 708 925 cognoscendum,
727 836 817 930 quod
831 836 922 907 alios
943 837 1043 907 nohis
1065 846 1161 909 esset
1182 839 1348 932 ignotum,

190 966 259 1013 nou
281 950 398 1012 tamen
421 941 558 1027 adhoc,
578 948 619 1011 ut
641 942 712 1011 ulio
735 944 833 1012 modo
857 967 1106 1035 cognoscamus
1120 948 1194 1016 nisi
1211 971 1274 1039 per
1287 972 1349 1018 seu·

191 1051 339 1122 sibilian
355 1056 432 1140 (ssu
454 1050 656 1141 generalius
679 1052 867 1122 secundum
882 1053 1020 1122 modum
1035 1059 1227 1144 nostrum).
1245 1057 1282 1127 S.
1292 1057 1348 1128 Th.

191 1159 229 1230 in
242 1161 342 1231 Boot.
355 1159 437 1230 lect.
452 1160 502 1232 H.
518 1186 553 1254 q.
567 1160 600 1231 2.
615 1181 648 1231 a.
668 1161 701 1229 3.
722 1160 827 1248 (Vide
839 1161 960 1234 Tract.
978 1162 1022 1232 de
1034 1163 1136 1251 Deo).
1231 1189 1234 1196 ·

633 1401 778 1463 THESIS
799 1401 916 1465 XVIII.

242 1539 290 1603 De
307 1543 447 1622 fallacia
467 1548 498 1602 st
517 1542 663 1618 periculo
688 1543 908 1602 cantaminum
932 1540 977 1601 ad
997 1540 1306 1602 demonstrationem

532 1656 618 1702 mere
639 1642 837 1702 rationalem
859 1642 1019 1718 mysterii.

247 1826 320 1880 ·nx
338 1824 534 1882 demonstrate
552 1825 729 1895 proprietate
747 1826 872 1893 mysterii
884 1826 1093 1894 conmoritur,
1114 1826 1147 1903 in
1166 1825 1345 1882 ratiocinatio

195 1936 207 1963 ι
223 1915 308 1969 nibus
328 1915 477 1983 omnibns,
496 1931 569 1984 quse
586 1916 668 1969 velut
687 1930 762 1969 mere
776 1915 990 1984 philosophicae
1003 1917 1138 1983 mysterii
1151 1917 1344 1970 demomretie

195 2020 270 2056 unes
288 2004 451 2072 iactantur,
472 2006 575 2059 seltem
594 2005 653 2058 va
673 2004 886 2059 demonstrandi
906 2004 1032 2074 deficere,
1053 2007 1101 2059 vel
1126 2007 1246 2075 Insuper
1263 2005 1346 2073 dogne

195 2097 317 2164 »ipsum
346 2098 505 2150 revelatum
528 2095 657 2164 perverti
677 2100 708 2149 et
727 2098 759 2149 In
783 2096 909 2150 silenum
929 2111 1044 2150 sensnm
1071 2095 1255 2165 detorqueri,
1283 2093 1343 2165 quod

195 2205 208 2232 n
224 2188 376 2253 utrumque
404 2186 435 2240 in
464 2185 652 2240 recentiorum
678 2184 862 2253 quorumdem
888 2185 1135 2254 speculatIonlhvs
1160 2184 1344 2242 muniisstissl·

195 2289 296 2328 smum
311 2279 391 2328 est.»

259 2461 314 2533 Ex
336 2461 383 2532 iis
407 2482 495 2554 quae
518 2462 555 2532 in
579 2462 752 2552 superiori
775 2463 868 2535 thesi
884 2462 1212 2550 demonstravimus,
1231 2468 1344 2534 camum

192 2576 269 2656 est,
294 2571 485 2641 revelatam
510 2570 694 2640 veritatem
718 2570 781 2640 SS.
796 2570 987 2640 Trinitatis
1002 2593 1077 2641 esse
1094 2593 1203 2662 snpra
1221 2573 1289 2642 vim
1301 2570 1343 2640 iu·

194 2678 379 2769 telligendi
403 2679 611 2764 humanam,
637 2678 689 2749 ita
712 2685 754 2749 ut
775 2702 838 2750 nec
860 2678 1013 2770 cognitio
1040 2680 1210 2750 veritatis
1240 2704 1283 2746 os
1308 2680 1345 2745 sit
1369 2684 1374 2692 ’

193 2810 256 2856 neo
279 2793 466 2878 conceptus
489 2787 541 2856 rei
565 2786 651 2880 qnid
673 2791 733 2870 sit,
749 2811 792 2858 ex
815 2787 890 2857 sola
905 2786 1042 2858 ratione
1057 2794 1094 2857 et
1108 2786 1345 2879 principium
1391 2822 1393 2827 ι

191 2894 382 2965 tionelibus
404 2895 544 2965 hauriri
567 2895 690 2986 possit,
716 2896 776 2966 sed
799 2903 873 2966 tum
889 2911 1066 2986 conceptas
1080 2894 1347 2985 apprehensionis

192 3007 268 3071 tum
300 3003 466 3072 indiciam
496 3007 724 3072 consensionis
754 3004 931 3075 innitatur
961 3002 1172 3074 revelationi
1207 3001 1349 3094 Spiritus

192 3111 282 3196 Dei,
308 3109 367 3203 qui
385 3117 566 3182 scrutatur
589 3111 765 3202 profunda
786 3111 864 3181 Dei.
879 3111 973 3181 Hinc
995 3111 1101 3182 facile
1132 3115 1255 3202 patet,
1279 3107 1350 3203 quid

194 3219 242 3288 sit
264 3243 503 3312 consequens,
529 3222 559 3289 si
584 3220 740 3289 homines
763 3226 892 3311 negato
916 3221 974 3291 vel
995 3219 1158 3311 neglecto
1181 3218 1248 3290 hoo
1269 3217 1352 3311 prin·

194 3328 285 3420 cipio
309 3328 502 3398 methodica
525 3326 572 3416 (si
594 3328 648 3397 ita
670 3328 766 3421 loqui
782 3330 838 3398 ias
852 3333 932 3415 est),
958 3333 1087 3418 negata
1102 3326 1269 3397 nimirum
1283 3323 1353 3397 smi-

193 3436 314 3506 nentia
337 3437 498 3526 mysterii
515 3458 621 3526 supra
639 3436 709 3504 vim
726 3436 963 3526 intelligendi,
981 3442 1208 3526 praesumunt
1222 3436 1356 3529 ipsisne

194 3545 331 3615 ratione
355 3544 508 3615 scrutari
531 3546 704 3635 profunda
726 3545 804 3614 Dei.
827 3545 894 3614 Vel
925 3544 962 3614 id
990 3543 1195 3612 instituitur
1224 3544 1298 3629 ita,
1319 3546 1355 3610 nt

194 3676 278 3723 vero
301 3661 470 3745 conceptu
493 3654 545 3725 rei
568 3653 853 3723 demonstrandae
876 3675 918 3720 ex
949 3649 1165 3720 revelatione
1187 3648 1357 3741 supposito

194 3763 447 3851 praetendatur
469 3761 680 3831 solummodo
703 3758 952 3829 demonstratio
977 3757 1186 3827 existentiae
1201 3774 1221 3843 ,'
1237 3757 1294 3828 vel
1314 3757 1359 3826 in

196 3875 238 3938 ut
260 3877 335 3938 tum
359 3876 544 3959 conceptus
567 3869 620 3938 rei
642 3877 717 3938 tum
740 3866 875 3936 veritas
897 3865 1104 3935 existentiae
1120 3864 1359 3935 deducaturex

195 3977 280 4046 solis
306 3977 491 4067 principiis
514 3978 649 4047 ratione
672 3975 875 4069 perspectis.
895 3975 937 4042 In
960 3972 1071 4064 priori
1094 3971 1286 4064 hypothesi
1308 3993 1358 4042 ne

195 4085 345 4157 cessario
368 4085 426 4155 vel
442 4087 668 4156 fundamenta
685 4082 992 4154 demonstrationis
1006 4089 1112 4153 erunt
1128 4081 1300 4151 veritates
1313 4101 1359 4149 re·

195 4193 332 4264 velatae
347 4200 384 4266 et
398 4217 440 4265 ex
456 4193 531 4263 sola
546 4194 758 4265 revelatione
773 4192 946 4282 cognitae,
965 4191 1023 4260 vel
1038 4189 1286 4282 consequentis
1299 4186 1359 4258 erit

195 4302 320 4374 saltem
342 4303 555 4396 illegitima,
581 4303 665 4397 quia
687 4302 807 4371 nullae
831 4307 915 4370 sunt
937 4299 1107 4371 veritates
1130 4299 1209 4370 sive
1232 4300 1276 4371 de
1295 4299 1357 4369 Deo

194 4413 270 4486 sive
293 4414 335 4483 de
350 4412 524 4483 creaturis
547 4410 619 4484 solo
634 4411 767 4482 lumine
781 4410 930 4480 rationis
947 4406 1213 4500 cognoscibiles,
1230 4431 1274 4479 ex
1288 4402 1354 4500 qni·
