3172 4950
665 353 704 370 -·
725 320 786 385 455
805 353 843 370 -

237 424 473 497 Disertissime
496 425 534 496 S.
552 426 747 517 Gregorius
773 426 882 515 Nysa.
908 424 1037 495 Basilii
1060 425 1172 495 frater
1194 447 1236 493 ex
1259 424 1337 515 ipso

188 532 309 618 ordine,
335 533 427 626 quud
449 534 585 602 ratione
617 535 716 625 prius
740 533 994 623 intelligendus
1017 538 1073 602 est
1093 531 1211 601 Filius
1234 552 1338 624 quam

191 640 325 731 Spiritus
348 642 520 727 Sanctus,
547 642 724 711 concludit
747 642 967 731 prioritatem
987 642 1023 709 in
1047 641 1119 708 Deo
1146 664 1215 707 non
1240 660 1339 728 possa

194 770 247 818 esse
265 749 370 818 aliam
400 750 472 818 nisi
502 751 638 820 ratione
661 749 827 839 principii
851 772 891 816 ac
917 747 1136 837 procedentis
1160 770 1181 815 a
1209 746 1338 838 princi·

195 857 245 948 plo,
264 866 366 949 atque
379 858 457 927 ideo
470 859 562 928 sicut
587 860 708 927 ordine
730 858 895 949 principii
914 858 1019 926 Pater
1044 855 1339 948 praesupponitur

197 962 273 1048 llio,
296 966 350 1034 ita
372 965 504 1034 Filium
521 972 613 1054 (cum
631 968 750 1049 Patre)
766 965 884 1035 eadem
900 966 1034 1033 ratione
1049 964 1215 1054 principii
1232 962 1337 1053 (pric-

198 1071 276 1142 ritato
298 1098 321 1139 a
344 1078 425 1166 quo)
442 1076 673 1165 praesuppoui
698 1072 850 1164 Spiritui
867 1073 994 1142 Sancto
1009 1074 1053 1141 ab
1069 1094 1108 1140 eo
1125 1068 1334 1163 procedenti,

198 1200 240 1249 ten
256 1184 314 1265 (ut
339 1180 533 1270 Gregorius
556 1182 737 1273 loquitur)
753 1182 796 1249 ab
820 1205 859 1249 eo
883 1180 1058 1269 pendenti.
1077 1179 1264 1270 Postquam
1280 1177 1336 1246 de·

198 1287 389 1369 monstravit,
408 1310 469 1376 per
487 1290 745 1377 generationem
759 1287 847 1356 Filii
864 1289 1006 1355 aPatre
1028 1309 1096 1355 non
1120 1286 1259 1355 excludi
1282 1307 1337 1355 ae·

197 1394 367 1462 lenitatem
382 1393 482 1479 Filii,
502 1396 668 1487 quianon
684 1394 867 1463 duratione
888 1395 947 1463 sed
969 1394 1043 1461 sola
1057 1393 1192 1462 ratione
1208 1392 1337 1483 princi·

197 1499 461 1589 pilaeternaliter
475 1504 678 1591 generantis
693 1504 799 1572 Pater
822 1503 918 1594 prior
933 1511 988 1571 est
1001 1501 1095 1571 Filio
1111 1500 1338 1571 aeternaliter

197 1608 296 1695 genito,
314 1610 433 1702 pergit
444 1609 481 1679 S.
492 1610 642 1679 Ductor:
660 1611 804 1680 «eadem
820 1618 875 1679 est
889 1616 1010 1679 nostra
1027 1608 1187 1679 doctriua
1202 1608 1244 1677 de
1259 1607 1337 1698 Spi-

197 1712 250 1782 rito
261 1715 385 1788 Sancto
398 1715 435 1784 iu
448 1716 520 1783 solo
533 1717 653 1809 ordine
667 1717 903 1787 differentiam
920 1717 1028 1802 (inter
1039 1721 1217 1807 personas)
1231 1737 1336 1805 agno·

197 1838 277 1891 rmus.
294 1823 396 1894 Sicut
411 1824 502 1895 enim
518 1827 744 1913 coniungitur
767 1826 869 1894 Patri
895 1824 1030 1908 Filius,
1056 1831 1157 1894 etex
1180 1823 1245 1892 illo
1271 1845 1338 1891 eme

197 1920 296 1999 labem
310 1956 378 2001 non
391 1943 506 2004 tamen
518 1936 707 2004 existentia
722 1934 892 2027 posterior
903 1941 968 2020 est;
984 1933 1035 2003 sic
1047 1934 1181 2024 pariter
1194 1935 1237 2002 ab
1253 1934 1336 2002 Unt-

194 2037 283 2119 pou'to
292 2040 420 2128 pendet
437 2043 592 2133 Spiritus
608 2045 765 2124 Sanctus,
783 2044 836 2111 ita
851 2048 893 2111 ut
905 2042 980 2109 sola
996 2041 1209 2131 cogitatione
1224 2064 1336 2108 secun·

198 2141 252 2215 hm
263 2155 429 2218 rationem
441 2155 615 2241 principii
637 2152 755 2219 Filius
768 2150 1083 2240 praeintellipatar
1098 2151 1338 2217 aubslstentiae

196 2250 319 2343 Spiritus
334 2259 398 2347 (1).
417 2259 638 2349 Temporales
660 2257 750 2328 enim
774 2257 1004 2327 dimensiones
1033 2258 1071 2324 in
1094 2264 1237 2325 aeterna
1260 2255 1338 2324 vita

194 2379 243 2431 nm
254 2364 379 2437 habeut
394 2367 527 2451 locum,
542 2369 593 2436 ita
605 2374 646 2436 ut
657 2380 796 2457 excepto
810 2368 948 2432 ratione
958 2367 1134 2453 principii
1150 2363 1336 2432 esar-ini-

194 2470 235 2539 tas
247 2475 339 2546 nulla
355 2498 392 2545 re
408 2475 445 2543 iu
461 2498 497 2544 se
512 2475 590 2565 ipsa
605 2476 825 2544 discernatur
843 2502 860 2537 n
878 2474 987 2564 Nysa.
1013 2478 1125 2542 contr.
1149 2471 1242 2541 Eun.
1261 2470 1333 2540 1.1.

194 2580 436 2662 ρ.164.Αι11]ι]ο
458 2582 674 2652 luculentius
697 2584 787 2652 idem
810 2582 1004 2672 Gregorius
1027 2604 1069 2650 ex
1085 2579 1257 2649 communi
1280 2599 1334 2648 ca·

191 2680 295 2759 llolica
310 2691 470 2761 doctrina
493 2692 606 2759 tradit
628 2692 783 2760 ordinem
806 2712 1030 2781 personarum
1046 2690 1110 2773 ita,
1130 2696 1170 2757 ut
1185 2687 1336 2756 secunda

192 2787 271 2864 situ
286 2798 360 2867 sola
383 2799 506 2890 prima,
532 2800 593 2867 ubi
609 2799 803 2888 llregorius
819 2796 908 2866 hano
925 2797 1090 2888 supponit
1105 2793 1333 2884 significatio·

191 2913 245 2969 len
257 2906 405 2974 nominis
419 2906 603 2996 Unigeniti
614 2907 729 2993 (velut
740 2907 784 2973 ab
795 2929 863 2976 uno
876 2906 1017 2996 geniti);
1033 2927 1110 2973 oum
1123 2926 1205 2974 vero
1221 2903 1335 2993 prima

191 3008 366 3081 racundo
382 3036 528 3103 persona
543 3023 889 3105 praesupponuntur,
909 3013 973 3082 hoe
996 3011 1083 3103 ipso,
1110 3012 1174 3097 ait,
1192 3011 1333 3079 tertiam

190 3121 397 3211 nequidem
418 3121 524 3190 etiam
547 3146 589 3191 ex
613 3123 746 3213 prima,
772 3122 832 3191 sed
855 3143 924 3189 non
947 3121 1017 3189 nisi
1041 3143 1103 3210 per
1126 3119 1331 3203 secundam,

189 3224 268 3312 ttque
288 3228 366 3297 ideo
382 3228 493 3297 solum
508 3230 640 3299 Filium
656 3251 731 3299 esse
745 3253 787 3298 ex
804 3230 876 3297 solo
893 3230 1010 3307 Patre,
1039 3227 1212 3319 Spiritum
1228 3227 1333 3296 Sanc·

188 3326 243 3399 mm
262 3358 343 3404 vero
366 3337 553 3405 secuudum
576 3338 745 3407 rationem
770 3336 944 3426 principii
966 3342 1002 3405 et
1031 3335 1237 3426 principiati
1259 3357 1333 3405 esse

188 3446 217 3499 Β
233 3437 332 3512 Patre
356 3467 418 3534 per
450 3444 610 3530 Filium,
636 3445 789 3536 adeoque
811 3467 879 3511 non
902 3444 946 3511 ab
969 3466 1040 3512 una
1071 3444 1130 3512 sed
1153 3466 1175 3512 a
1198 3442 1333 3512 duabus

188 3550 328 3620 munis.
359 3579 376 3614 a
394 3551 637 3620 Differentiam
661 3550 848 3619 secundum
872 3548 1332 3641 principiumetpriuoipia·

188 3662 242 3721 :um
265 3654 357 3743 (κατα
373 3680 405 3722 το
423 3660 515 3723 mtto-1
532 3683 582 3722 και
600 3654 744 3739 carrarca)
771 3681 840 3725 non
869 3679 1060 3746 negamus,
1097 3656 1136 3723 in
1167 3678 1234 3746 quo
1258 3654 1331 3722 solo

188 3764 269 3829 llum
283 3765 328 3831 ab
343 3763 455 3833 altero
471 3764 645 3854 distingui
661 3765 892 3849 admittimus,
911 3787 950 3831 eo
967 3764 1056 3855 qu'od
1079 3761 1177 3829 aliud
1194 3760 1331 3852 quidem

188 3868 335 3939 redimus
349 3893 424 3940 esse
440 3871 666 3960 principium,
692 3871 789 3939 aliud
815 3894 897 3939 vero
920 3894 961 3939 ex
979 3870 1164 3960 principio.
1189 3868 1239 3937 Et
1255 3869 1331 3938 eius

188 3975 252 4044 uod
273 4000 315 4046 ex
340 3978 512 4069 principio
538 3986 603 4062 est,
622 4002 747 4047 rursus
762 3978 867 4046 aliam
883 3978 1116 4047 differentiam
1137 3977 1330 4046 considera·

189 4086 257 4171 ¹1s3
290 4108 399 4157 unum
426 4087 517 4156 enim
548 4093 603 4154 est
630 4086 785 4177 proxime
814 4092 851 4154 et
881 4086 957 4153 siue
986 4084 1099 4153 medio
1125 4084 1327 4174 exprimo,

210 4242 255 4318 (1)
271 4248 305 4310 ὦς
327 4270 382 4321 pap
403 4269 566 4303 συναπτεται
583 4270 616 4303 τω
637 4269 714 4319 πατρι
738 4248 751 4303 α’
772 4248 928 4303 tuentum
944 4255 1025 4304 παλιν
1046 4269 1089 4302 και
1111 4268 1156 4301 του
1172 4263 1331 4319 μονογενους

192 4344 252 4391 *tal
271 4358 302 4392 το
317 4358 422 4411 recupare
444 4359 473 4391 ro
492 4338 579 4411 apros,
592 4339 697 4407 iaetrotpt
713 4359 782 4411 μονῃ
795 4360 866 4392 κατα
886 4360 931 4392 τον
950 4360 996 4401 της
1013 4340 1198 4409 αἰτιαςλογον
1218 4333 1330 4405 mpuden-

188 4430 281 4491 Ιἐιιινου
305 4447 352 4487 της
373 4446 419 4480 του
440 4447 590 4497 πνευματος
610 4427 794 4489 duceret-sup.
