3172 4950
875 319 914 333 ..
935 287 976 349 9ss
996 319 1035 334 .-

367 390 484 481 teiiigi
507 390 607 460 debet
630 390 854 463 manifestata
876 415 1024 484 persona
1039 391 1140 479 Filii,
1158 394 1221 486 qui
1239 392 1373 466 dieitur
1391 421 1409 458 ι
1423 394 1540 484 magni

367 497 506 570 eonsilii
527 498 719 589 Angelus»
746 501 809 587 (Is.
825 501 890 571 IX.
907 503 939 570 6.
959 501 1060 571 iuxta
1083 503 1210 588 LXX).
1238 502 1339 585 Quod
1363 501 1540 592 sispeoies

368 606 451 676 illae
481 614 517 677 et
543 630 645 677 voees
679 609 848 679 formatae
878 609 953 680 sint
983 610 1179 680 ministerio
1209 609 1440 700 angelornm,
1468 615 1541 679 tum

369 737 450 784 vero
474 715 638 806 opinatur
659 716 908 809 Augustinus,
934 717 1061 787 referri
1092 717 1216 810 ntique
1247 716 1541 807 significationem

367 821 411 890 ad
422 823 532 891 Deum
550 830 764 914 praesentem
782 825 1101 922 demonstrandum,
1117 826 1178 896 sed
1190 847 1360 918 quaenam
1376 824 1543 895 distinete

368 951 514 1020 persona
536 929 773 1000 demonstrata
788 933 908 1018 inerit,
929 955 997 1001 non
1013 933 1083 1001 iam
1098 955 1141 1002 ex
1157 933 1393 1024 appellatione
1413 932 1543 1022 Aepoli

369 1037 428 1106 sed
451 1061 492 1107 ex
518 1037 601 1107 aliis
625 1039 807 1109 adiunctis
831 1063 906 1110 esse
930 1041 1177 1111 desumendum
1195 1041 1258 1129 (1).
1277 1041 1410 1132 Roipsa
1425 1040 1541 1110 huius·

369 1144 461 1213 modi
484 1150 620 1214 ostenta
648 1145 685 1214 in
715 1147 829 1216 veteri
865 1147 1087 1218 Testamento
1119 1149 1215 1218 iaota
1246 1170 1320 1217 esse
1351 1147 1543 1217 ministerio

369 1252 596 1343 angelorum,
623 1254 747 1324 oonfiei
770 1260 875 1345 putat
897 1255 1124 1346 Augustinus
1148 1278 1191 1325 ex
1215 1253 1540 1343 Heb.1.14;11.a;

369 1360 450 1430 Aet.
466 1361 550 1431 VII.
571 1361 627 1450 533
644 1360 725 1430 Gal.
741 1361 810 1430 ΠΙ.
831 1361 886 1431 19.
906 1363 971 1450 (Do
987 1362 1088 1432 Trin.
1100 1363 1127 1431 l.
1142 1362 1210 1431 III.
1230 1386 1265 1431 n.
1278 1363 1322 1430 22
1334 1366 1443 1455 sqq.).

435 1468 618 1541 Consentit
641 1468 761 1561 itaque
784 1470 1011 1560 Augustinus
1041 1494 1118 1541 oum
1146 1470 1312 1540 Patribus
1342 1470 1543 1541 vetustiori·

301 1656 306 1663 ¹
370 1577 435 1646 bus
458 1577 496 1646 in
519 1600 582 1663 eo,
609 1577 699 1670 quod
722 1577 908 1668 praecipue
931 1579 1137 1670 quaeritur,
1164 1579 1201 1647 in
1232 1578 1459 1669 theophaniis
1492 1602 1542 1649 ve·

369 1685 458 1754 teris
471 1685 687 1757 Testamenti
716 1685 918 1778 frequenter
934 1708 1159 1777 personarum
1175 1685 1441 1756 distinctionem
1457 1687 1540 1757 iuis·

370 1812 406 1860 se
430 1789 633 1861 exhibitam.
660 1790 854 1862 Discrimen
878 1799 994 1863 autem
1018 1793 1056 1862 in
1078 1816 1117 1863 eo
1140 1800 1205 1878 est,
1233 1793 1324 1886 quod
1342 1794 1470 1864 Patres
1484 1794 1543 1864 ali·

368 1899 431 1992 qni
455 1900 689 1970 vetustissimi
712 1907 822 1970 totam
847 1907 1000 1971 veterem
1017 1902 1247 1971 oeconomiam
1261 1925 1324 1993 per
1339 1902 1476 1973 Filium
1492 1925 1543 1974 ve·

369 2008 427 2076 lut
448 2008 683 2098 praeludendo
705 2009 944 2079 Inoarnationi
971 2010 1254 2081 administratam
1270 2032 1344 2079 esse
1360 2012 1542 2101 putabant,

371 2121 478 2208 atque
500 2116 585 2186 adeo
609 2117 848 2208 apparitiones
871 2140 987 2188 omnes
1003 2119 1135 2189 veteris
1153 2118 1369 2195 Testamenti
1399 2120 1544 2190 referen-

372 2222 436 2293 das
459 2246 534 2293 esse
556 2224 601 2293 ad
623 2224 783 2313 Filium3
816 2226 1042 2316 Augustinus
1074 2249 1155 2296 vero
1186 2225 1276 2296 hano
1309 2226 1542 2298 exelusionem

443 2430 485 2507 (1)
500 2457 512 2483 ι
524 2435 617 2489 iitbio
629 2432 986 2510 (Exod.111.2sq.)primo
999 2436 1127 2503 Angelus
1140 2437 1253 2491 Domini
1267 2436 1361 2491 dietus
1376 2441 1431 2506 est,
1446 2437 1544 2492 deinde

371 2529 456 2583 Dans.
471 2526 615 2595 Numquid
635 2543 702 2594 ergo
719 2527 847 2594 Angelus
867 2533 911 2581 est
928 2528 1004 2581 Dens
1022 2527 1167 2580 Abraham
1183 2529 1256 2580 etet
1265 2527 1366 2580 Potest
1386 2543 1455 2594 ergo
1475 2530 1547 2582 reete

372 2618 502 2683 intelligi
521 2619 584 2687 lpse
604 2618 752 2684 Salvator,
774 2617 808 2672 de
828 2633 882 2685 quo
901 2617 974 2671 dieit
991 2617 1166 2685 Apostolus,
1188 2631 1309 2685 quornm
1326 2618 1439 2684 Patres,
1462 2621 1494 2672 et
1516 2633 1546 2670 eu

371 2708 476 2776 quibus
495 2712 540 2762 est
558 2707 691 2763 Obristus
711 2708 864 2763 seeundum
883 2723 1016 2775 carnem,
1040 2708 1090 2775 qui
1109 2711 1155 2760 est
1179 2722 1266 2775 super
1293 2707 1388 2760 omnia
1407 2707 1486 2760 Deus
1505 2709 1546 2761 be

337 2796 502 2862 ,neotum
520 2797 688 2851 insaecula.
704 2798 760 2862 Qui
779 2812 845 2863 ergo
864 2802 909 2851 est
928 2812 1014 2864 super
1034 2796 1129 2850 omnia
1149 2797 1224 2849 Deus
1246 2793 1415 2849 benedictus
1441 2796 1474 2849 in
1493 2811 1548 2850 ase

372 2887 454 2952 ouis,
476 2902 533 2940 non
552 2886 673 2942 absurde
693 2888 779 2941 etism
798 2888 845 2942 bio
863 2888 925 2955 ipse
954 2888 1137 2953 intelligitur
1158 2887 1234 2939 Deus
1252 2885 1398 2939 Abrabam
1422 2889 1478 2940 ete.
1498 2885 1549 2941 Sed

371 2992 422 3031 our
440 2978 522 3044 prius
540 2977 669 3044 Angelus
697 2969 811 3032 Domini
839 2978 933 3032 dietus
954 2982 1020 3045 est,
1041 2992 1104 3030 oum
1129 2975 1163 3030 de
1183 2976 1253 3030 rubo
1281 2977 1312 3029 iu
1342 2976 1455 3031 flamma
1475 2978 1550 3043 ignis

298 3119 305 3132 ,
334 3134 339 3141 ,
373 3054 527 3134 apparuit;
549 3071 645 3121 utrum
664 3068 733 3136 quia
752 3084 826 3122 unus
845 3085 879 3122 ex
899 3068 1000 3122 multis
1019 3067 1132 3133 angelis
1152 3071 1233 3134 erat,
1254 3066 1303 3120 sed
1329 3083 1380 3134 per
1403 3066 1551 3135 dispensa-

373 3157 479 3210 tionem
499 3173 648 3225 personam
667 3159 781 3212 Domini
800 3159 845 3213 sui
866 3159 1006 3224 gerebat?
1026 3174 1060 3211 an
1082 3159 1258 3224 assumptum
1271 3157 1334 3210 erat
1346 3155 1461 3224 aliquid
1479 3169 1552 3211 esea·

373 3250 471 3314 turae,
493 3247 568 3314 qnod
587 3249 622 3302 ad
643 3264 777 3317 praesens
796 3250 942 3314 negotium
962 3248 1123 3304 visibiliter
1142 3250 1301 3314 appareret,
1326 3250 1356 3299 et
1374 3246 1449 3300 unde
1470 3262 1551 3300 voees

316 3383 320 3391 .
373 3337 554 3391 sensibiliter
572 3338 733 3406 ederentur,
756 3338 859 3405 quibus
877 3339 1041 3407 praesentia
1060 3337 1174 3391 Domini
1193 3350 1244 3404 per
1263 3335 1421 3389 subiectum
1440 3343 1551 3392 oreatu·

373 3442 432 3480 ram
452 3427 579 3494 eorporis
598 3428 685 3481 etiam
703 3428 835 3482 sensibus
855 3428 994 3494 hominis,
1016 3427 1091 3481 siout
1110 3426 1279 3494 oportebat,
1301 3425 1500 3480 exhiberetur.
1520 3427 1550 3481 Si

375 3516 449 3569 enim
470 3532 542 3571 unus
561 3532 596 3570 ex
615 3517 727 3583 angelis
746 3522 819 3583 erat,
840 3516 906 3585 quis
926 3517 1010 3570 iaoile
1031 3517 1168 3568 affirmare
1192 3514 1294 3582 possit,
1315 3517 1412 3567 utrum
1431 3514 1459 3566 ei
1479 3515 1550 3568 ruli

373 3623 495 3675 persona
515 3607 677 3662 nuntianda
695 3607 832 3674 imposita
851 3606 960 3673 tuerit,
981 3621 1017 3658 an
1037 3605 1165 3673 Spiritus
1183 3602 1292 3668 Sancti,
1314 3618 1351 3656 an
1370 3603 1424 3656 Dei
1443 3604 1553 3664 Patria.

374 3712 411 3750 au
430 3696 523 3764 ipsius
542 3695 707 3763 trinitatis,
728 3697 778 3764 qui
797 3699 842 3749 ost
861 3710 935 3748 unus
960 3698 989 3747 et
1008 3694 1086 3747 solus
1106 3694 1203 3759 Deus,
1225 3694 1258 3745 nt
1277 3690 1393 3745 diuersi:
1415 3707 1467 3758 ego
1488 3708 1548 3747 ιιιι

376 3787 451 3840 Deus
471 3787 644 3841 abrabam...
665 3786 809 3840 Stantem
838 3788 868 3840 in
894 3801 974 3839 usum
995 3785 1037 3838 rei
1061 3783 1223 3851 praesentis
1244 3785 1394 3849 assumpta
1418 3785 1553 3838 ereatura

376 3879 433 3943 est,
455 3890 527 3943 qnae
545 3879 575 3928 et
593 3876 683 3930 oeulis
702 3876 827 3930 bominis
846 3878 999 3944 appareret
1017 3876 1046 3926 et
1069 3869 1187 3926 auribus
1210 3872 1380 3938 insonaret,
1405 3875 1436 3925 et
1457 3872 1555 3940 appel·

376 3968 486 4022 iuretur
505 3967 631 4033 Angelus
649 3967 763 4021 Domini
786 3970 815 4021 et
834 3967 972 4020 Dominus
991 3969 1021 4018 et
1039 3966 1134 4031 Deus,
1156 3979 1212 4017 uon
1232 3965 1329 4030 potest
1347 3962 1394 4017 bio
1412 3963 1490 4017 Dens
1509 3963 1553 4016 in·

375 4057 472 4124 telligi
491 4057 577 4110 Pater
595 4054 644 4111 sed
664 4059 714 4109 aut
732 4056 828 4109 Filius
849 4058 900 4108 aut
918 4053 1046 4123 Spiritus
1065 4053 1197 4106 Sanetus.
1218 4052 1393 4119 Quamquam
1413 4051 1556 4119 Spiritum

375 4144 509 4199 Sanotnm
528 4146 635 4201 alieubi
646 4145 786 4212 Angelum
806 4145 914 4200 dietum
936 4160 991 4198 non
1009 4144 1163 4197 reoolam...
1178 4141 1211 4196 de
1230 4141 1349 4195 Domino
1373 4144 1469 4194 autem
1490 4142 1556 4194 lesu

375 4235 491 4290 cbristo
516 4235 732 4290 evidentissime
759 4235 879 4302 legimus
902 4234 977 4303 apud
1005 4235 1198 4302 Prophetam,
1220 4231 1295 4301 quod
1313 4231 1412 4298 magni
1439 4230 1557 4284 consilis·

375 4328 500 4394 Anystus
518 4325 613 4381 dietus
632 4329 694 4391 est,
716 4340 776 4380 oum
806 4330 836 4379 et
859 4325 987 4393 Spiritus
1009 4324 1132 4380 Sanetus
1150 4330 1180 4379 ιι
1198 4323 1250 4378 Dei
1269 4322 1364 4377 lilius
1378 4322 1420 4376 sit
1431 4322 1508 4377 Dens
1521 4323 1553 4376 ιι

375 4415 512 4472 Dominus
525 4416 689 4480 angelorum
702 4435 714 4463 n
735 4413 809 4469 ibid.
820 4416 842 4468 i.
853 4415 893 4468 11.
905 4430 934 4467 ι.
946 4414 990 4467 28.
