3172 4950
704 318 881 379 -193-

670 503 824 574 CAPUT
846 503 917 572 ΠΙ.

359 644 402 696 nn
422 644 646 698 oontnonnuns
663 647 816 699 oomnis
833 655 899 699 cunt
919 644 1060 699 unitur!
1078 644 1231 697 ussum

528 746 569 788 sn
588 747 811 792 ommentans
830 737 1052 790 morinum

672 909 817 969 THESiS
838 913 909 974 XII.

263 1032 309 1094 De
330 1036 561 1095 communitate
581 1037 666 1095 reali
686 1038 920 1096 attributorum
940 1045 971 1097 et
991 1039 1099 1096 obtuit
1118 1038 1306 1114 bonomonte

460 1133 499 1192 ad
521 1134 613 1194 extra
634 1134 672 1191 in
694 1135 798 1194 tribur
816 1134 964 1212 personis
985 1134 1123 1194 divinis.

280 1300 447 1368 sanonum
466 1316 523 1357 nna
541 1308 586 1357 est
611 1304 700 1356 trium
728 1316 914 1371 personarum
943 1304 1088 1371 esatntia,
1122 1307 1270 1372 propttrst
1285 1301 1346 1357 etin

210 1412 222 1440 η
237 1393 332 1444 onnia
353 1391 502 1445 adtributa
519 1393 653 1446 absoluta
672 1392 831 1446 eommunis
846 1397 925 1460 runt,
943 1397 974 1447 ot
986 1392 1166 1447 attributum
1181 1390 1295 1461 quoivis
1307 1398 1347 1444 not

210 1483 331 1549 ‚speeie
350 1482 400 1536 noti
416 1498 532 1536 numero
551 1497 637 1536 unum
657 1483 689 1535 in
707 1484 803 1536 tribus
814 1483 956 1550 personia.
967 1485 1088 1551 Propter
1100 1482 1218 1537 santis:
1236 1483 1347 1537 retiam

211 1593 223 1620 ι
240 1573 368 1640 operatio
385 1572 421 1625 sti
444 1578 527 1626 extra
551 1574 634 1625 nulla
653 1577 750 1641 potest
771 1589 833 1626 osae
852 1573 969 1641 propria
987 1574 1038 1626 uni
1061 1586 1212 1642 personae,
1226 1571 1273 1627 otti
1292 1578 1348 1640 qm

210 1644 285 1715 »rii
306 1664 465 1716 necessario
484 1663 695 1717 communirent
714 1668 744 1717 st
762 1680 878 1718 numero
901 1681 957 1718 una
979 1664 1155 1718 indistinete
1167 1664 1200 1718 in
1212 1664 1347 1729 tributos!-

210 1773 223 1800 ι
239 1752 333 1818 sonia,
354 1769 411 1806 non
431 1769 511 1807 seona
527 1770 558 1808 ao
578 1769 635 1807 uns
653 1758 682 1807 et
703 1754 876 1809 Indistincta
895 1759 940 1808 ost
961 1755 1050 1809 trium
1072 1758 1188 1810 natura.
1202 1775 1216 1804 ι

275 1919 307 1988 Ι.
324 1921 453 2007 Pater,
478 1922 595 1992 Filius
618 1932 656 1993 et
679 1923 836 2014 Spiritus
867 1924 1018 1995 Sanctus
1041 1927 1126 1992 sunt
1155 1940 1248 1991 unus
1268 1916 1345 2020 Dum

210 2024 319 2095 Nullo
341 2049 425 2117 ergo
448 2028 546 2098 modo
570 2028 851 2119 distinguuntur,
870 2036 1043 2122 quatenus
1057 2034 1143 2099 sunt
1157 2029 1264 2116 Deum
1276 2026 1347 2096 titt

209 2152 275 2225 que
298 2132 409 2202 deitas
432 2157 493 2204 seu
516 2138 668 2206 essentia
691 2159 751 2206 seu
777 2137 939 2206 absoluta
970 2136 1167 2229 perfertio,
1193 2157 1261 2231 qna
1279 2134 1348 2204 Dm

208 2262 284 2310 asse
306 2241 526 2332 intelligitur
548 2250 585 2313 et
607 2267 695 2337 quae
718 2245 813 2313 Dens
835 2252 913 2332 est,
939 2245 1076 2316 omnino
1098 2251 1155 2316 est
1185 2266 1256 2316 una
1281 2237 1346 2312 inii·

207 2348 339 2419 stinata
361 2352 425 2439 (1).
450 2350 730 2443 Distinguuntur
753 2360 869 2424 autem
891 2361 977 2442 tres,
995 2361 1170 2447 quatenns
1185 2349 1350 2424 iormaiittt

208 2464 263 2527 est
284 2458 390 2527 Pater
412 2460 605 2550 producens
628 2462 782 2532 Verbum
805 2487 867 2533 seu
890 2485 1061 2553 generans
1082 2461 1229 2547 Filium,
1241 2466 1279 2531 et
1292 2466 1349 2552 qtb

207 2572 312 2635 tanus
335 2567 532 2638 formaliter
555 2574 609 2637 est
630 2568 747 2637 Filius
780 2572 920 2659 genitus
944 2594 966 2639 a
987 2570 1116 2657 Patre,
1142 2576 1181 2640 et
1209 2575 1351 2662 queam

208 2673 404 2742 formaliter
428 2682 482 2744 est
503 2674 660 2766 spiratus
677 2699 699 2744 a
714 2677 819 2746 Patre
830 2677 1004 2769 Filioque.
1019 2678 1185 2770 Adeoque
1201 2669 1353 2746 dietiroiit

208 2780 316 2849 malis
339 2782 440 2852 unice
464 2783 563 2852 sistit
585 2785 622 2853 in
645 2784 876 2855 relationibus
900 2787 1049 2876 originis
1065 2786 1172 2855 unius
1188 2786 1233 2854 ab
1254 2783 1353 2853 altero

208 2886 267 2956 hio
290 2888 464 2958 relativus
487 2888 532 2958 ad
554 2891 705 2961 alterum
728 2892 940 2979 relativum,
959 2893 1174 2984 principium
1192 2892 1238 2962 ati
1252 2883 1356 2983 primi

208 2995 342 3086 pistum
365 3019 434 3066 non
458 3007 540 3068 sunt
563 3020 665 3086 unus,
685 3001 745 3070 sed
762 3002 826 3071 snb
842 3001 908 3071 hae
923 3003 1058 3070 ratione
1074 2999 1222 3071 relativi
1238 2997 1359 3068 mim

209 3102 394 3193 distinoti3
421 3107 481 3197 qui
505 3113 559 3176 est
580 3108 685 3177 Pater
707 3108 808 3194 Filii,
826 3109 858 3178 is
874 3131 943 3178 non
959 3115 1014 3179 est
1035 3107 1164 3196 Filium
1191 3112 1228 3178 et
1250 3105 1362 3201 quibu

208 3208 324 3279 Filius
347 3212 478 3299 Patris,
495 3215 527 3282 is
549 3236 617 3284 non
641 3223 694 3284 est
716 3217 832 3301 Pater,
858 3223 1050 3286 esttamen
1073 3215 1192 3285 Filius
1215 3214 1304 3284 illud
1317 3211 1365 3281 αθ

208 3316 361 3387 solutum
386 3321 476 3412 qnod
499 3329 553 3392 est
568 3324 696 3409 Pater,
722 3330 759 3393 et
782 3324 951 3394 vicissim.
966 3324 1059 3394 Hino
1081 3330 1137 3394 est
1159 3322 1367 3393 verisumtn

207 3430 245 3494 et
266 3425 311 3495 ad
335 3427 466 3498 multas
488 3430 598 3499 tricas
621 3452 744 3522 parum
761 3431 868 3501 utiles
883 3439 1039 3523 prompte
1054 3431 1368 3523 explicandarum

208 3535 444 3608 modissimum
457 3539 548 3610 illud
560 3541 801 3632 theologorum
816 3543 965 3611 axioma:
981 3541 1039 3610 ein
1050 3541 1123 3610 Deo
1134 3538 1251 3610 omniu
1261 3554 1368 3618 unm.

280 3792 322 3869 (1)
342 3799 375 3851 In
395 3798 481 3853 Bulla
501 3798 674 3852 «Auctorem
694 3797 802 3852 ridet»
824 3797 954 3852 Summus
973 3795 1109 3851 Pontiisx
1128 3795 1199 3850 Plus
1217 3795 1270 3851 v1.
1289 3806 1368 3862 repre

209 3880 312 3937 tandit
322 3884 429 3941 dietum
442 3888 673 3956 Pistoriensinnr,
691 3889 804 3942 «Deum
817 3888 847 3940 in
858 3888 952 3941 tribus
966 3885 1096 3955 personis
1108 3882 1255 3952 diatim
1267 3902 1292 3940 ι.
1301 3883 1368 3937 uu

210 3985 281 4038 qua,
303 3975 347 4027 ait
367 3975 521 4044 Pontifex,
545 3998 558 4025 a
571 3979 646 4031 Deus
669 3990 743 4030 nnus
766 3975 880 4044 quitiam
898 3977 931 4029 in
954 3976 1050 4030 tribus
1076 3975 1211 4043 personis
1234 3970 1368 4027 &sanctii

210 4058 336 4130 dieitur,
356 4079 411 4118 non
431 4067 462 4119 in
482 4067 577 4120 tribus
599 4070 731 4136 personis
754 4066 929 4132 distinctum
957 4067 1040 4120 onius
1068 4065 1368 4120 somniaremus

209 4151 288 4205 tione
311 4153 362 4208 hoo
380 4157 410 4208 vi
430 4157 579 4211 verborum
602 4158 733 4226 subrepit
750 4157 857 4211 erroris
879 4156 1056 4224 perieulum,
1082 4159 1116 4208 nt
1135 4155 1267 4209 sanantis
1284 4150 1368 4208 divin

210 4237 348 4295 distincta
369 4245 399 4296 in
422 4247 552 4312 personis
578 4251 716 4315 putetur,
743 4261 827 4312 quam
848 4243 916 4297 litias
940 4244 1082 4297 catholiea
1103 4244 1147 4296 sio
1167 4257 1254 4297 unani
1272 4243 1305 4295 in
1322 4250 1368 4309 pt!

207 4331 289 4471 gnis
313 4330 462 4389 distinctis
484 4338 654 4403 confltetur,
676 4340 709 4389 nt
727 4351 788 4389 san
807 4335 893 4388 simul
913 4334 1083 4404 profiteatur
1101 4334 1134 4388 in
1153 4349 1185 4389 ιο
1202 4346 1321 4404 prom!
1338 4329 1367 4384 i!

240 4420 384 4478 stinctum.
399 4442 411 4474 ι
