3172 4950
702 339 741 357 -
762 308 824 369 332
846 338 887 355 ..

207 415 303 500 dens,
319 415 403 507 quia
426 414 595 507 quidquid
619 413 657 482 in
679 413 751 484 Deo
773 437 843 483 non
866 412 910 482 ad
935 412 1091 483 ordinem
1114 413 1256 483 relativi
1266 415 1351 487 sedet

208 522 406 590 absolutum
428 520 592 612 pertinet,
611 527 666 589 est
688 543 865 589 commune
887 519 1004 589 trihus
1026 520 1199 611 personis.

274 629 381 698 Notio
411 623 589 718 ζγνωρισμα)
616 636 668 697 est
691 627 874 697 character
898 650 960 696 seu
985 626 1147 695 formalis
1176 628 1286 713 ratio,
1304 650 1352 721 qua

207 737 306 805 nobis
330 736 518 804 innotescit
540 758 686 825 persona
709 743 750 804 ut
772 735 942 804 distincta
965 737 1008 803 ab
1031 734 1126 803 aliis.
1151 735 1249 805 Unde
1269 742 1351 827 patet,

210 845 369 937 quamvis
392 846 564 913 notionem
588 845 783 914 necessario
805 866 879 912 esse
901 846 1150 933 proprietatem
1179 867 1279 913 sensu
1299 844 1353 913 sal·

208 962 276 1023 tem
301 953 440 1037 laxiori,
459 961 495 1022 et
517 953 581 1023 hoc
604 954 680 1043 ipso
697 954 872 1044 pertinere
895 953 940 1022 ad
964 952 1121 1021 ordinem
1144 953 1351 1039 relativorum
1373 1006 1376 1011 .

208 1084 317 1154 neque
340 1062 432 1129 enim
455 1084 516 1151 per
540 1062 587 1145 id,
614 1063 704 1153 quod
728 1070 783 1131 est
805 1085 981 1130 commune
1004 1067 1041 1130 et
1070 1085 1180 1130 unum
1208 1062 1245 1129 in
1266 1061 1352 1131 trihus

208 1166 377 1259 personis,
395 1173 510 1256 potest
532 1167 630 1235 nobis
654 1168 871 1236 innotescere
893 1189 1040 1258 persona
1063 1166 1245 1237 distincta.
1262 1166 1354 1250 Quoad

208 1297 388 1345 numerum
405 1274 583 1342 notionum
600 1298 775 1365 possemus
791 1275 929 1366 quidem
946 1275 1054 1343 etiam
1071 1274 1131 1345 hie
1143 1276 1268 1360 dicere,
1280 1296 1355 1347 sensa

207 1381 379 1451 strictiori
402 1404 476 1451 esse
500 1388 650 1473 quatuor
674 1389 812 1453 tantum
835 1382 993 1451 notiones
1017 1383 1111 1452 sicut
1134 1390 1280 1475 quatuor
1300 1404 1354 1473 pro

207 1490 388 1580 prietatcs;
415 1489 561 1578 spiratio
585 1490 677 1557 enim
700 1490 820 1558 activa
842 1512 881 1558 eo
898 1490 986 1579 ipso,
1005 1489 1097 1581 quod
1120 1496 1176 1559 est
1197 1488 1355 1559 communit

209 1597 308 1664 Patri
332 1603 368 1665 et
390 1596 496 1680 Filio,
512 1620 622 1688 neque
646 1598 738 1667 inter
762 1621 797 1666 sa
821 1596 1015 1688 distinguit
1037 1620 1100 1666 nco
1117 1598 1261 1687 proinde
1275 1595 1354 1665 mani·

209 1708 317 1773 festat
340 1704 404 1771 has
427 1727 591 1794 personas
609 1713 648 1775 ut
665 1707 759 1775 inter
775 1729 811 1775 se
827 1705 1028 1774 distinctas.
1046 1704 1283 1773 Nihilominus
1295 1703 1354 1795 qnia
1371 1776 1375 1783 ,

208 1810 391 1903 perillam
415 1811 619 1881 relationem
642 1813 707 1883 hae
731 1814 819 1882 dnae
843 1835 1009 1904 personae
1031 1813 1116 1881 licat
1140 1834 1209 1881 non
1226 1812 1352 1893 interes,

209 1930 323 1992 tamen
346 1946 368 1991 a
390 1946 536 2015 persona
560 1923 668 1991 tertia
691 1923 961 2012 distinguuntur
983 1927 1020 1990 et
1042 1923 1267 1992 innotescunt
1283 1920 1355 1989 ntat

209 2055 249 2101 ea
272 2031 472 2116 distinctae,
492 2032 647 2120 theologi
671 2054 787 2100 omnes
810 2031 914 2099 etiam
939 2030 1020 2114 illi,
1047 2030 1108 2123 qui
1140 2038 1283 2123 quatuor
1300 2036 1354 2098 tan·

209 2140 283 2203 tum
306 2143 492 2203 numerant
507 2136 749 2224 proprietates,
768 2134 1003 2217 consentiunt,
1022 2134 1181 2202 notiones
1197 2155 1267 2201 esse
1281 2130 1354 2223 quin

210 2259 274 2329 que
299 2240 360 2323 (cf.
377 2237 507 2306 Suarez
532 2238 609 2306 tv.
625 2263 654 2307 e.
671 2239 703 2304 9.
719 2261 754 2304 n.
768 2240 816 2321 ὅ).

276 2345 466 2435 Supposita
489 2346 607 2436 itaque
639 2344 863 2414 distinctione
890 2346 984 2415 iuter
1014 2366 1152 2413 sensum
1176 2342 1354 2411 strictiores

209 2462 245 2524 at
267 2455 382 2523 minus
406 2454 569 2523 strictum
593 2454 747 2522 dicemus
770 2478 847 2522 oum
871 2453 907 2523 S
926 2453 1069 2521 Thomu:
1099 2458 1214 2520 esunt
1234 2450 1395 2581 quinqua

210 2566 363 2629 notiones
386 2564 421 2629 in
445 2562 590 2646 divinis,
609 2562 744 2632 scilicet
768 2562 1039 2640 irenoseibs'tiſtras
1052 2564 1263 2651 paternitas,
1281 2526 1395 2665 fita}

212 2673 273 2751 tio,
293 2672 474 2735 communis
496 2672 665 2759 spiratio,
683 2676 719 2737 et
738 2672 919 2758 processio
949 2669 1085 2736 Harum
1107 2674 1225 2736 autaut
1247 2670 1354 2735 tantun
1391 2680 1395 2745 t

210 2783 362 2871 quatuor
386 2784 470 2845 sunt
492 2779 691 2860 relationes;
707 2798 786 2844 nam
811 2776 1070 2843 innascibilitas
1093 2799 1160 2843 non
1185 2780 1239 2844 est
1260 2768 1353 2841 retulit
1389 2794 1395 2843 “.

210 2885 280 2953 nisi
305 2908 366 2975 per
390 2883 637 2953 reductionem.
666 2884 825 2966 Quatuor
849 2891 964 2953 autem
987 2890 1127 2952 tantum
1156 2885 1353 2973 proprietate
1391 2872 1395 2913 ‘¹

211 2999 295 3060 sunt
310 2997 427 3076 (sensu
444 2992 595 3078 stricto);
614 3012 692 3057 nam
710 2990 899 3059 eommunis
916 2989 1064 3080 spiratio
1080 3012 1150 3057 non
1165 2996 1219 3057 est
1234 2983 1352 3079 proprit-
1392 3034 1395 3063 ;

210 3106 278 3183 tas,
298 3100 381 3190 quia
404 3100 568 3168 convenit
590 3100 726 3167 duabus
750 3098 918 3187 personis.
935 3095 1022 3166 Tres
1044 3104 1162 3165 autem
1179 3090 1353 3163 suntnotir
1392 3126 1395 3155 ι

211 3230 268 3273 nes
280 3206 501 3295 personales
492 3230 516 3273 1.
532 3232 561 3276 e.
583 3210 822 3272 constituentes
834 3228 1011 3295 personas,
1026 3204 1164 3273 scilieet
1177 3203 1352 3293 paternitas,
1392 3212 1395 3237 ¹

214 3316 340 3391 filiatio
363 3322 399 3382 et
417 3339 598 3404 processio.
615 3314 704 3383 Nam
728 3314 919 3382 communis
942 3311 1089 3401 spiratio
1111 3320 1148 3380 et
1171 3302 1353 3379 innascibili·
1393 3304 1395 3319 '

211 3429 267 3489 tas
291 3420 458 3490 dicuntur
474 3424 627 3487 notiones
639 3444 862 3511 personarum
876 3442 944 3487 non
961 3424 1077 3487 autam
1088 3408 1353 3507 persuadenti)
1392 3400 1395 3415 '

212 3528 587 3622 swrntqsaes.

279 3639 514 3728 Proprietates
537 3661 593 3703 sen
609 3638 793 3704 relationes
808 3660 865 3703 sen
881 3639 1035 3703 notiones
1050 3638 1286 3703 constituentes
1297 3632 1356 3700 sunl

212 3754 296 3829 tres,
308 3752 348 3814 ut
363 3745 526 3835 superius
542 3750 716 3812 ostensum
728 3750 838 3826 estet
853 3744 952 3812 modo
963 3743 1167 3813 audivimus
1182 3740 1357 3812 aS.Thon⁸

267 3988 309 4063 (1)
327 3990 366 4044 ut
388 3996 468 4058 patet
487 3992 649 4059 appositum
673 4012 684 4036 -·
692 3992 855 4056 personatos
875 3991 1007 4043 notiones
1020 4011 1032 4035 r
1053 4006 1071 4043 a
1087 3990 1116 4043 S.
1132 3992 1184 4044 Ἧι.
1206 3991 1251 4043 hie
1264 3984 1359 4041 sanim

214 4097 300 4134 sensu
321 4081 427 4146 activo,
442 4096 474 4131 ao
488 4080 513 4132 si
534 4080 699 4133 dicerentur
719 4080 911 4148 proprietates
926 4080 1112 4146 personifiene
1125 4096 1185 4145 sen,
1207 4084 1241 4132 nt
1251 4072 1359 4131 Pataris!
1385 4102 1390 4109 ·

213 4172 350 4241 appellat,
369 4191 529 4223 sorranus
549 4174 578 4223 et
597 4171 822 4235 substantificae,
845 4169 1038 4235 intelligendo
1057 4170 1250 4223 substantiam
1268 4180 1311 4236 pro
1324 4162 1359 4225 lt·

213 4262 321 4332 portasi
341 4260 452 4333 (Peter.
468 4263 488 4314 l.
504 4262 569 4313 VII.
582 4277 605 4313 o.
621 4262 664 4312 11.
678 4277 706 4312 n.
724 4254 779 4331 13).
792 4259 923 4313 ceterum
937 4260 1015 4313 nihil
1030 4260 1161 4328 impedit,
1176 4260 1357 4327 qnomtnnnr

212 4355 307 4407 tiones
322 4358 352 4406 et
374 4355 566 4422 proprietates
583 4352 725 4404 relativae
743 4367 838 4404 omnes
857 4350 990 4405 dicuntur
1010 4354 1186 4418 personales,
1201 4355 1234 4404 nt
1254 4343 1355 4417 propri⁸t

213 4458 396 4512 personarum
415 4444 446 4499 ln
469 4443 648 4511 oppositione
667 4441 703 4495 ad
725 4441 916 4510 portentiones
936 4441 1115 4495 essentisles.
