3172 4950
634 338 672 355 -
694 306 752 369 371
776 338 814 355 -

588 481 731 543 THESIS
753 483 854 543 XXV.

310 610 356 671 De
376 612 566 669 notionibus
587 608 769 685 spirationis
789 608 912 669 activae
934 617 965 669 et
986 608 1132 687 ingeniti.

209 775 340 841 «Spiratio
360 774 455 825 aetion
474 778 503 827 et
522 790 576 825 esse
598 774 756 837 inpunitam
774 770 1007 845 (innascibilitas
1028 772 1042 829 νζ
1064 768 1233 843 ripensem)
1253 786 1308 825 uon

190 866 344 919 nustltuunt
363 878 510 932 personas.
523 862 649 931 Spiratio
669 864 743 915 euim
763 878 818 915 uon
840 863 960 914 realiter
980 862 1029 914 sed
1055 862 1167 915 ratione
1194 867 1306 917 tantum

189 952 301 1009 ibtiucta
320 970 336 1007 a
356 955 535 1021 paternitate
554 953 584 1005 iu
603 954 690 1006 Patre
710 959 739 1006 et
758 953 935 1006 stillatione
954 955 983 1006 in
1004 954 1089 1017 Filio,
1113 954 1144 1007 iu
1164 954 1226 1021 ipsc
1249 956 1307 1022 ple·

189 1044 242 1097 aiud
260 1050 394 1111 conceptu
415 1044 604 1111 paternitatis
623 1050 653 1096 et
674 1044 828 1097 filiationis
842 1044 1010 1097 includitur.
1022 1046 1137 1098 Pariter
1159 1063 1213 1097 ease
1232 1048 1307 1113 inpe-

189 1136 256 1187 sitan
275 1141 308 1189 ut
327 1136 407 1189 notio
429 1149 566 1202 personae
583 1135 690 1199 primae
712 1134 873 1187 includitur
897 1136 927 1185 iu
952 1140 1087 1201 conceptu
1115 1137 1243 1202 pleniore
1262 1152 1309 1203 pa·

189 1225 313 1277 bmltatis
334 1224 491 1277 divinae.-

206 1412 280 1481 Cum
304 1436 347 1481 cx
370 1412 617 1481 demonstratis
647 1414 684 1480 iu
716 1412 810 1481 thesi
835 1412 962 1480 XXIII
992 1412 1086 1503 ipsae
1117 1414 1305 1485 relationes

189 1519 394 1602 betautiales,
420 1526 593 1611 quatenus
616 1526 699 1588 sunt
722 1520 866 1588 realiter
889 1521 982 1588 inter
1007 1543 1042 1588 sc
1067 1520 1254 1590 distinctae
1270 1527 1306 1589 et

187 1648 213 1695 eo
225 1627 465 1712 subsistentes,
484 1628 557 1695 siut
571 1649 738 1718 personae
753 1628 906 1712 divinae,
931 1651 992 1695 seu
1013 1629 1208 1697 formaliter
1227 1651 1305 1698 con·

187 1738 283 1803 ltuaut
305 1759 482 1827 personas,
508 1738 651 1807 evidens
683 1742 757 1820 est,
784 1742 838 1805 tot
870 1760 943 1805 esse
971 1738 1155 1803 relationes
1183 1739 1304 1803 consti-

187 1858 260 1913 entes
275 1844 419 1913 realiter
440 1844 638 1929 distinctas,
658 1851 742 1936 quot
759 1851 842 1913 sunt
858 1844 999 1913 divinae
1016 1866 1194 1934 personae:
1220 1852 1304 1914 sunt

187 1950 265 2021 dicet
287 1951 446 2021 formalis
470 1951 562 2019 ratio
583 1951 714 2029 Patris,
733 1959 768 2020 et
784 1951 897 2019 altera
913 1952 1013 2034 Filii,
1039 1958 1075 2020 et
1098 1951 1205 2020 tertia
1230 1950 1306 2041 Spi-

187 2080 226 2125 :us
245 2058 380 2144 Sancti,
406 2059 481 2127 sive
503 2062 716 2149 paternitas,
735 2060 893 2148 filiatio,
919 2074 951 2124 et
969 2062 1152 2147 processio.

202 2166 326 2237 Verum
350 2170 513 2261 quoniam
530 2168 718 2237 relationes
734 2170 893 2239 internae
910 2170 946 2236 iu
963 2170 1034 2237 Deo
1061 2176 1145 2237 sunt
1162 2169 1302 2238 relatio-

186 2296 198 2341 r
217 2276 374 2365 originis,
400 2300 439 2345 eo
462 2277 537 2366 ipso
561 2277 598 2344 iu
621 2278 714 2344 omni
730 2278 946 2367 processione
962 2277 1158 2346 necessario
1175 2278 1303 2366 duplex

186 2385 328 2454 :relatio
352 2384 511 2473 opposita
535 2390 570 2452 et
593 2407 654 2473 per
678 2384 927 2473 oppositionem
961 2384 1148 2468 distincta,
1174 2384 1301 2452 relatio

186 2512 269 2581 puam
291 2491 460 2582 principii
483 2498 518 2561 et
542 2492 759 2580 procedentis
782 2515 803 2558 a
826 2492 1010 2582 principio.
1033 2493 1198 2583 Adeoque
1221 2512 1302 2581 quud·

186 2619 225 2667 um
245 2600 333 2669 duae
357 2607 441 2667 sunt
464 2599 654 2668 distinctae
678 2600 931 2689 processiones,
959 2599 1044 2668 Filii
1068 2624 1129 2689 per
1159 2622 1301 2689 genera-

185 2728 257 2775 tuem
279 2730 301 2775 a
324 2710 452 2791 Patre,
478 2706 633 2797 Spiritus
662 2708 783 2776 Sancti
811 2732 872 2799 per
905 2707 1130 2798 spirationem
1153 2729 1175 2773 a
1197 2708 1303 2773 Patre

186 2815 311 2908 licque,
337 2822 488 2907 quatuor
517 2815 705 2884 relationes
730 2817 802 2884 sint
825 2825 976 2905 oportet,
1012 2816 1105 2884 sicut
1134 2814 1299 2881 nimirum

185 2920 224 2991 lio
244 2924 348 2992 Pater
372 2945 433 2992 sen
457 2921 623 2990 filiationi
648 2922 862 3012 paternitas,
889 2922 942 2991 ita
965 2924 1098 3011 spirata
1122 2921 1298 3010 spirator,

185 3030 338 3099 suessioni
354 3052 416 3099 seu
432 3029 617 3120 spirationi
640 3029 802 3119 passivae
819 3034 874 3115 (ut
889 3030 1004 3114 aiunt)
1021 3031 1169 3117 spiratio
1187 3030 1303 3093 action

185 3140 311 3227 spondet
333 3145 370 3207 et
394 3138 581 3228 opponitur
605 3146 646 3206 ut
669 3139 879 3229 principium
904 3138 1013 3206 relate
1044 3138 1088 3206 ad
1117 3134 1300 3226 proceden-

184 3266 244 3313 ua
270 3246 456 3337 principio.
488 3246 673 3315 Praeterea
704 3251 779 3313 tum
813 3270 855 3315 ex
887 3246 1044 3336 generali
1078 3243 1237 3313 doctrina
1261 3243 1302 3311 de

184 3355 295 3439 piterio
318 3354 383 3423 SS.
399 3354 591 3423 Trinitatis
614 3355 838 3449 consequitur
860 3366 935 3425 tum
959 3356 995 3422 in
1021 3355 1231 3445 specialibus
1247 3357 1302 3425 de-

184 3462 380 3531 nationibus
396 3463 539 3531 Patrnm
557 3468 593 3532 et
608 3464 760 3532 omnium
776 3465 1016 3553 theologorum
1034 3464 1162 3532 diserte
1181 3488 1301 3555 propo·

184 3572 229 3637 tur
243 3568 500 3635 innascibilitas
512 3591 573 3637 seu
594 3593 661 3637 esse
674 3573 864 3660 inponitnm
880 3572 912 3655 (ii
929 3568 1102 3658 elye-arnam)
1122 3577 1300 3661 tamquam

184 3672 227 3743 tic
246 3674 306 3745 nui
332 3681 470 3744 tantum
493 3697 660 3766 personae
687 3676 828 3767 propria
858 3683 894 3745 et
924 3678 1065 3745 minime
1096 3677 1296 3745 communis.

183 3782 382 3853 talerandum
409 3804 492 3873 ergo
516 3790 592 3868 est,
618 3785 785 3875 quomodo
811 3792 950 3875 praeter
973 3792 1045 3853 tres
1068 3784 1299 3873 proprietates

184 3906 199 3955 u
216 3889 400 3960 relationes
423 3890 678 3959 constituentes
694 3914 730 3961 se
746 3891 899 3960 habeant·
914 3891 1023 3982 primo
1045 3891 1171 3959 relatio
1187 3895 1297 3981 spira·

183 4000 235 4066 nis
256 3998 380 4067 deiude
405 4000 675 4066 innascibilitas.

199 4104 225 4173 I.
249 4106 372 4189 Quoad
390 4105 539 4196 primum
555 4106 675 4199 itaque
692 4108 887 4199 quaeritur,
907 4131 969 4176 cur
987 4107 1070 4177 haec
1087 4108 1213 4176 relatio
1229 4109 1297 4197 spi·

183 4212 273 4284 lionis
296 4214 463 4302 (activae)
487 4236 548 4281 sau
576 4216 734 4283 ferurulis
762 4216 853 4283 ratio
881 4216 1067 4304 spiratoris
1090 4218 1248 4304 opposita
1263 4222 1299 4285 et

182 4322 269 4393 aliter
291 4319 463 4417 distincta
486 4344 507 4388 a
531 4323 747 4411 processione
778 4347 839 4393 seu
863 4346 885 4390 a
907 4324 1048 4393 formali
1070 4326 1204 4393 ratione
1228 4322 1296 4409 spi·

182 4428 200 4499 ti
220 4452 288 4499 uon
310 4428 360 4497 sit
374 4450 436 4519 per
452 4450 488 4497 se
508 4429 701 4499 subsistens
723 4437 760 4499 et
783 4432 997 4501 constituens
1020 4430 1222 4521 personam?
1238 4429 1295 4498 Se-

1142 4556 1157 4589 U
