3172 4950
705 323 743 338 -
764 292 825 351 272
847 321 885 335 ..

211 405 393 477 venditore
417 424 480 494 pro
506 398 765 492 «speculativa,
792 396 1090 467 demonstratione
1108 424 1126 460 n
1153 395 1219 468 SS.
1233 397 1364 469 Trinim

211 513 259 583 tis
280 510 448 595 rationes,
467 530 554 602 quas
571 506 799 575 induxerunt.
817 505 869 574 De
884 505 1084 573 Ruimnndo
1099 504 1209 574 Lullo
1225 505 1296 597 legi
1307 530 1365 598 pos·
1402 517 1405 523 '

210 625 294 689 sunt
315 619 476 709 Vosquez
500 617 538 684 in
562 614 595 683 1.
606 614 646 681 Ρ.
657 613 747 703 disp.
762 612 819 680 33.
829 619 866 681 et
874 611 1006 682 Snerez
1019 612 1045 680 l.
1060 612 1092 681 Ι.
1107 636 1140 682 c.
1152 612 1209 681 11.
1223 615 1363 708 αἴης.
1401 642 1405 649 ·

209 724 659 814 Demonstrationemquom
676 721 751 812 ipse
767 719 963 790 evidentem
981 719 1142 810 putavit,
1160 720 1293 811 reperit
1302 721 1366 791 Iul·
1401 737 1407 777 ·'

208 832 266 903 lus
287 833 325 901 in
348 839 431 901 ectu
455 832 520 899 Dei
538 831 758 898 immanentc.
777 829 873 897 Deus
888 836 943 897 est
960 828 1098 896 bonitas
1115 829 1364 918 perfectissimo.
1405 846 1407 853 '

208 941 356 1011 Bonitas
379 938 637 1030 perfectissime
659 939 853 1006 necessario
877 935 982 1005 habet
1006 936 1184 1004 internum
1202 944 1312 1006 actum
1327 934 1367 1008 ri·
1401 934 1407 973 '²

208 1049 315 1119 telem
339 1045 646 1138 perfectissimum
662 1044 726 1113 hoo
738 1043 894 1134 appellet
908 1043 1036 1112 Lultus
1055 1072 1072 1107 ι
1090 1042 1365 1114 bonificetivums

207 1157 244 1227 in
273 1159 357 1227 Deo.
387 1153 685 1223 Perfectissimum
717 1181 733 1215 ι
759 1151 1021 1220 bonidcetivum
1047 1179 1065 1214 n
1097 1155 1295 1223 necessario
1319 1155 1366 1225 tn
1405 1175 1407 1183 ·

210 1267 268 1335 bet
289 1263 477 1334 terminum
501 1260 709 1351 productum
733 1257 1046 1348 perfectissimum
1070 1259 1166 1335 huno
1198 1264 1365 1333 terminon
1398 1284 1407 1295 ·

208 1372 366 1465 appellat
391 1400 408 1435 ι
423 1368 640 1438 bonificcbile
655 1394 672 1429 n
698 1368 734 1436 in
757 1368 841 1436 Deo.
854 1366 1154 1437 Perfectissimum
1181 1398 1199 1433 ι
1217 1371 1366 1441 bonitius·

208 1482 323 1552 tivum
341 1506 358 1542 ιι
383 1477 545 1568 producit
564 1506 580 1540 ι
596 1475 843 1544 bonificabilen
863 1474 960 1544 modo
976 1475 1247 1565 perfectissim03
1265 1479 1363 1549 modus
1396 1504 1408 1545 ;

208 1586 485 1680 perfectissimus
509 1584 749 1675 productionis
771 1589 826 1651 est
849 1583 1051 1673 generati05
1077 1605 1164 1673 ergo
1190 1613 1208 1648 ιι
1225 1585 1361 1655 bonitius

208 1698 349 1766 tivum»
375 1700 430 1763 est
451 1694 581 1777 Pater,
611 1690 886 1761 aboniiicubilcn
907 1696 961 1760 est
975 1690 1105 1758 Filius.
1119 1692 1232 1761 Porro
1254 1694 1361 1763 nbiest
1392 1724 1408 1733 -

186 1878 190 1883 ,
211 1800 494 1873 «bonificetivum
506 1805 542 1867 et
553 1799 797 1869 boniticebilen
811 1806 995 1890 utrumque
1010 1799 1310 1890 perfectissimum,
1323 1800 1358 1871 iu

208 1908 402 1981 necessario
425 1914 480 1974 est
503 1906 795 1996 perfectissimum
823 1936 840 1971 ι
862 1907 1059 1976 bonificare.
1082 1934 1100 1969 ιι
1125 1908 1202 1981 Hoc
1228 1939 1245 1974 ι
1262 1908 1357 1978 bonit

208 2041 317 2088 careo
342 2015 459 2084 active
483 2021 658 2104 sumptum
682 2015 785 2084 debet
815 2038 889 2085 esse
916 2023 1017 2085 ectus
1039 2017 1232 2086 communis
1257 2015 1356 2087 eboni·

208 2124 350 2195 ficutivo
369 2149 385 2184 n
410 2127 446 2191 et
471 2149 489 2185 ι
506 2122 761 2208 bonificabili,n
787 2129 824 2192 et
845 2122 931 2191 telis
946 2130 1048 2192 ectus
1063 2122 1165 2192 debet
1181 2125 1355 2217 heberepu

207 2230 355 2303 termino
374 2257 390 2293 ι
409 2228 624 2298 bonificareu
643 2229 854 2300 obiectivum
871 2254 932 2300 seu
946 2230 1214 2300 terminativum
1230 2254 1352 2324 seupro

208 2339 343 2411 cedens.
370 2336 463 2420 Quis
485 2337 778 2427 perfectissimum
806 2367 822 2403 ι
842 2339 1028 2408 bonifioere
1047 2366 1062 2401 n
1088 2346 1143 2409 est
1168 2369 1186 2404 ι
1204 2362 1351 2425 emerem

207 2442 273 2511 hoc
298 2439 486 2531 procedens
512 2469 528 2502 ι
545 2439 761 2509 bonificuren
787 2448 841 2510 est
862 2463 959 2511 umor
980 2442 1180 2533 procedens,
1207 2445 1233 2513 i.
1246 2467 1275 2514 e.
1296 2440 1352 2535 sp

207 2549 300 2618 ritus
316 2546 478 2615 Sanctus.
495 2545 568 2632 (Itu
593 2546 717 2615 saltem
741 2547 870 2617 Lullns
892 2548 1033 2620 deberet
1056 2548 1171 2619 dicere
1187 2551 1232 2620 ed
1246 2551 1351 2620 evim·

207 2656 289 2725 dnm
312 2653 509 2743 graviorem
533 2676 696 2739 errorem,
716 2654 759 2740 si,
778 2661 820 2726 ut
842 2655 956 2725 visum
980 2662 1035 2725 est
1056 2657 1263 2749 Vssqnezio,
1288 2658 1352 2726 eto

204 2762 383 2831 nificaren
409 2771 607 2831 sumeretur
640 2785 702 2853 pro
734 2764 960 2854 productione
992 2794 1009 2829 ι
1024 2766 1282 2836 bonificebiliss
1309 2785 1352 2836 set

205 2870 313 2954 Filii,
339 2879 374 2939 et
396 2870 487 2940 idem
511 2871 697 2939 bonifiocre
713 2870 818 2939 simul
842 2872 1017 2942 diceretur
1032 2896 1106 2943 esse
1123 2874 1351 2964 spiritussm

206 2982 312 3062 ctus).
338 2978 430 3047 Sunt
452 3002 536 3070 ergo
558 2979 753 3048 necessario
784 2984 858 3047 tres
889 3002 1053 3069 personae
1081 2982 1214 3069 Peter,
1237 2984 1351 3064 Filius.

206 3084 363 3177 Spiritus
386 3086 549 3155 Sanctus.
575 3087 647 3155 Neo
669 3096 816 3177 possunt
838 3109 912 3156 esse
942 3087 1084 3177 plures,
1111 3089 1196 3182 quic
1228 3088 1352 3160 abonii·

208 3195 398 3266 oetivurnn
425 3194 602 3264 infinitum
625 3217 694 3263 non
718 3202 927 3286 potestesse
959 3196 1031 3265 nisi
1061 3220 1195 3284 unum,
1221 3199 1353 3292 idemque

207 3304 304 3373 volet
326 3303 367 3372 de
383 3302 522 3372 infinito
541 3333 557 3367 ι
573 3303 814 3391 bonificabilir
840 3304 934 3374 etde
950 3304 1089 3374 infinito
1108 3335 1125 3370 ι
1138 3307 1352 3378 bonificius·

205 3412 301 3482 Haec
317 3410 390 3480 ille.

272 3519 548 3590 Praescindendo
572 3520 615 3587 ab
639 3519 758 3611 inepta
774 3519 1017 3611 phraseplogie
1039 3519 1209 3590 Lullieno
1231 3522 1354 3616 quisque

206 3653 266 3723 per
289 3652 325 3697 se
349 3628 469 3713 sentit,
496 3627 580 3720 quid
604 3628 653 3696 sit
675 3629 717 3697 de
740 3628 806 3698 tali
829 3629 1122 3699 demonstratione
1138 3629 1354 3701 indicendum·
1406 3632 1410 3669 ³

204 3738 333 3807 Actum
357 3735 515 3804 divinum
539 3757 613 3803 esse
635 3734 832 3804 absolutum
855 3735 1126 3806 intellectionem
1158 3757 1202 3806 oc
1222 3736 1356 3807 dilectio

204 3867 281 3916 nem
305 3852 409 3937 etque
433 3843 543 3934 ipsam
568 3843 726 3912 divinam
749 3844 946 3929 essentiam,
973 3845 1037 3912 sub
1060 3866 1129 3936 qun
1151 3846 1289 3915 ratione
1303 3843 1355 3915 uti·

204 3975 270 4049 qne
293 3952 429 4022 nullum
453 3952 558 4021 hebet
580 3952 767 4020 terminum
791 3952 1003 4021 intrinsecus
1025 3952 1233 4043 productum
1262 3975 1301 4023 ec
1318 3949 1355 4021 di·

203 4062 382 4146 stinctum,
409 4059 581 4152 simulque
604 4082 678 4127 esse
702 4058 973 4128 intellectionem
996 4059 1184 4128 relativum
1209 4081 1277 4152 qus
1296 4079 1354 4150 pro

202 4172 353 4243 ducatur
375 4170 527 4238 Verbum
550 4167 768 4252 distinctum,
786 4166 991 4236 nullatenus
1014 4167 1143 4237 lumine
1159 4168 1305 4239 rationis
1316 4165 1354 4235 in·

202 4279 319 4371 telligi
342 4301 383 4349 ac
406 4275 638 4347 demonstrari
662 4282 792 4366 potest,
811 4276 869 4345 sed
889 4275 964 4343 sole
985 4274 1202 4346 revelatione
1225 4275 1350 4346 curent

202 4388 302 4477 Quod
325 4387 416 4458 idem
448 4386 545 4457 vule't
567 4383 609 4454 de
632 4383 830 4454 dilectione.
856 4381 895 4452 si
919 4404 1002 4454 vero
1024 4382 1123 4452 Lulli
1154 4388 1351 4477 erguumsntt·
