3172 4950
868 320 906 334 ..
928 290 968 349 54
991 320 1028 334 ..

362 366 530 465 aduersus
557 397 708 464 Arianos
732 395 860 485 absque
882 395 958 462 ulla
981 394 1196 483 suspicione,
1221 416 1264 462 ne
1287 394 1380 463 forte
1403 414 1425 461 a
1450 416 1536 484 quo·

361 480 454 596 pieni
477 510 721 595 respueretur:
750 505 925 571 uUniturn
955 526 1077 571 nornen
1107 502 1308 571 divinitatis
1337 502 1458 571 clause
1482 508 1539 571 est

362 614 600 696 declaratum,
626 613 761 679 dicente
785 612 912 679 Ioanne
941 606 1174 699 Evangeli'sta
1204 610 1242 677 in
1272 608 1421 699 epistola
1445 630 1533 677 sua:

362 726 434 789 tres
457 726 540 787 sunt
563 719 623 811 qui
646 719 884 787 testimonium
908 719 1030 785 dicunt-
1054 718 1091 785 in
1115 717 1221 801 coelo,
1247 717 1351 785 Pater
1382 722 1419 785 et
1445 716 1535 785 Ver·

363 827 443 894 burn
468 834 504 894 et
531 827 709 916 Spiritus,
735 832 771 894 et
796 826 832 892 in
857 826 936 893 Iesu
957 824 1098 893 Christo
1121 848 1228 894 unum
1256 830 1382 892 sunt...
1407 816 1533 907 Vid'cs,

363 934 445 1024 quia
468 933 505 1000 in
529 933 658 1002 deitate
674 940 710 1001 et
724 933 759 999 in
773 933 970 1000 substantia
983 932 1212 1022 plenitudinis
1224 954 1285 1021 per
1297 932 1413 1000 omnia
1424 954 1535 999 unum

362 1047 468 1123 sunt,
494 1046 539 1107 et·
553 1040 589 1106 in
612 1040 811 1109 nominibus
828 1060 1053 1129 personarum
1075 1046 1148 1107 tres
1164 1045 1277 1106 sunt-r
1296 1038 1410 1127 Vigil.
1430 1038 1533 1107 Tria.

361 1148 386 1215 l.
402 1148 431 1215 Ι.
445 1148 638 1215 Biblllax.
657 1148 724 1215 ΡΡ.
745 1148 787 1214 Τ.
806 1148 908 1215 vm.
929 1148 1065 1237 patrm
1085 1148 1109 1215 l.
1123 1149 1169 1214 X.
1189 1173 1221 1238 p.
1240 1147 1318 1215 793.
1336 1146 1472 1216 Eadem
1494 1167 1535 1217 ac

360 1278 464 1345 penes
487 1255 659 1344 Vigilium
684 1253 816 1323 citandi
839 1258 950 1322 forma
973 1259 1027 1322 cst
1048 1253 1086 1320 in
1110 1255 1307 1343 fragmento
1330 1252 1468 1341 dialogi
1482 1254 1534 1321 iu-

361 1370 416 1431 ter
438 1363 666 1431 orthodoxum
690 1371 726 1431 et
741 1363 955 1431 haereticum
972 1364 1009 1430 in
1025 1362 1127 1431 Nova
1144 1362 1237 1431 Bibl.
1258 1363 1325 1431 ΡΡ.
1343 1362 1450 1431 Card.
1462 1360 1535 1429 Mai

362 1470 404 1537 Τ.
430 1470 460 1537 I.
487 1495 521 1560 p.
547 1470 627 1537 496.
652 1470 791 1538 Pariter
814 1470 858 1538 ad
881 1476 1017 1537 textum
1049 1469 1191 1537 loannis
1217 1469 1346 1569 diserte
1377 1469 1537 1561 appellat

362 1578 398 1647 S.
418 1578 630 1667 Fulgentius
653 1578 690 1644 in
707 1577 733 1645 1.
745 1578 1019 1666 Responsiouum
1036 1578 1080 1646 ad
1095 1578 1303 1646 obiectiones
1318 1576 1535 1647 Arianornm

361 1687 398 1753 in
422 1687 545 1754 obiect.
565 1686 639 1770 10.,
658 1692 694 1753 ct
716 1686 741 1752 l.
760 1686 801 1753 de
819 1686 918 1754 Trin.
938 1711 968 1755 o.
986 1688 1028 1773 45
1047 1688 1130 1755 item
1153 1692 1274 1755 auctor
1298 1686 1323 1752 l.
1346 1686 1431 1753 adv.
1453 1684 1535 1753 Pin·

361 1803 432 1863 tam
456 1820 490 1861 n.
510 1796 531 1861 8
548 1792 649 1885 (Opp'.
669 1796 705 1862 S.
725 1796 890 1883 Fulgeut.
907 1797 960 1863 ed.
977 1796 1077 1863 Puris
1094 1796 1194 1864 1684.
1214 1820 1246 1885 p.
1263 1794 1318 1864 68.
1338 1794 1418 1862 331.
1434 1784 1533 1879 1140).

360 1903 411 1969 At
433 1902 470 1968 in
494 1902 604 1991 priori
628 1902 701 1969 loco
726 1900 784 1987 (ad
808 1902 934 1970 obiect.
961 1903 1016 1970 10.
1042 1904 1194 1989 Arian.)
1217 1900 1432 1992 Fulgentius
1457 1926 1535 1971 cum

361 2007 614 2077 suscitatione
638 2008 821 2097 coniungit
844 2009 950 2077 uliam
974 2009 1112 2078 saeculo
1143 2011 1212 2077 iarn
1242 2010 1311 2077 HI.
1338 2009 1535 2079 adhibitam

360 2138 383 2181 a
407 2115 443 2182 S.
462 2115 650 2205 Cypriano.
674 2116 789 2184 Verba
812 2116 996 2205 Fulgentii
1020 2124 1122 2185 sunt:
1151 2117 1224 2184 «In
1247 2117 1352 2185 Patre
1382 2140 1470 2206 ergo
1499 2123 1537 2186 et

361 2222 455 2291 Filio
477 2230 514 2291 et
537 2224 674 2313 Spiritu
703 2223 832 2291 Sancto
867 2225 1037 2293 unitatem
1071 2224 1289 2293 substantiae
1320 2223 1533 2314 accipimus,

361 2353 525 2421 personas
538 2332 746 2400 contundere
763 2355 830 2398 non
844 2332 1021 2400 audemus.
1036 2334 1167 2401 Beatus
1178 2332 1270 2401 enim
1281 2332 1430 2400 Ioannes
1441 2322 1534 2423 Apo-

361 2441 473 2508 stolus
496 2447 649 2510 testatur
665 2441 795 2508 dicens:
815 2446 887 2508 tres
904 2447 987 2509 sunt
1011 2441 1071 2532 qui
1095 2440 1535 2531 testimouium-perhibent

241 2628 246 2637 ‚
361 2547 525 2633 incaelo,
551 2550 668 2634 Pater,
695 2550 846 2620 Verbum
870 2559 905 2619 et
929 2550 1109 2639 Spiritus,
1136 2556 1170 2617 et
1207 2555 1280 2617 tres
1303 2573 1411 2617 unum
1437 2555 1533 2618 suut.

362 2656 462 2738 Quod
486 2658 591 2725 etiam
616 2660 736 2727 beatus
760 2660 900 2747 Martyr
924 2657 1123 2747 Cyprianus
1153 2656 1196 2724 111Ι
1220 2657 1367 2748 epistola
1391 2656 1433 2725 de
1458 2656 1535 2725 uni·

360 2768 435 2832 tate
457 2765 635 2833 Ecclesiae
659 2768 905 2835 confitetur...
935 2772 1039 2857 atque
1062 2750 1147 2834 haec
1172 2766 1355 2833 confestim
1377 2765 1521 2833 testimo

363 2873 423 2940 uia
446 2870 487 2937 dc
513 2872 706 2961 Scripturis
730 2872 1136 2961 inser-trit(Cyprian11s):
1155 2871 1242 2939 dicit
1264 2870 1446 2955 DominuS,
1471 2893 1536 2961 ego

361 2986 398 3047 et
420 2978 526 3047 Pater
551 3004 657 3047 11111
683 3004 813 3067 sumus3
840 2990 875 3049 et
899 2982 1026 3049 iterum
1050 2981 1092 3048 de
1115 2980 1219 3047 Patre
1243 2986 1278 3047 et
1294 2978 1388 3047 Filio
1404 2985 1441 3047 et
1457 2978 1535 3069 Spi-

361 3088 436 3155 ritu
461 3087 630 3177 scriptum
654 3098 728 3157 est:
750 3096 786 3157 et
808 3096 882 3157 tres
905 3112 1012 3158 unum
1043 3095 1136 3157 sunt.
1159 3116 1175 3149 r
1200 3088 1230 3155 F
1234 3087 1390 3176 ulgentio
1420 3086 1536 3175 igitur

362 3219 439 3264 cunr
453 3195 726 3288 aliisEpisoopis
741 3198 924 3265 Africanis
941 3197 978 3265 in
992 3197 1157 3265 Sardinia
1174 3196 1270 3265 exuli
1282 3193 1421 3263 nullum
1437 3216 1535 3285 pror-

362 3327 422 3371 sus
438 3309 515 3370 erat
531 3284 686 3389 dubium,
698 3306 782 3396 quin
798 3306 834 3373 in
852 3305 1023 3375 Ecclesiis
1038 3306 1183 3373 Africae
1194 3304 1263 3372 III.
1282 3302 1421 3372 saeculo
1437 3301 1536 3371 locus

362 3412 404 3478 de
428 3411 542 3479 tribus
565 3413 714 3481 testibus
737 3413 773 3480 in
798 3413 891 3482 coelo
915 3414 1026 3482 lectus
1050 3414 1161 3481 fuerit
1184 3419 1218 3480 et
1241 3434 1262 3479 a
1285 3410 1465 3501 Cypriane
1480 3412 1536 3480 ci.-

362 3523 471 3586 tatus

430 3622 628 3693 Voluerunt
642 3632 756 3694 tamen
774 3626 928 3695 homines
941 3627 1056 3696 critici
1074 3628 1115 3695 de
1127 3626 1192 3695 hac
1208 3625 1374 3694 citatione
1387 3623 1535 3716 Cypria-

363 3730 401 3798 ni
426 3731 536 3797 tricas
551 3739 700 3815 nectere,
719 3756 761 3817 ne
787 3734 823 3799 in
840 3755 903 3801 sua
919 3732 1128 3801 confidentia
1145 3733 1345 3816 turbentur,
1364 3754 1434 3823 qua
1457 3756 1536 3801 cum

364 3834 524 3904 Scholzio
539 3844 575 3906 et
597 3838 679 3906 aliis
701 3840 944 3929 pronuntiant,
960 3840 1110 3929 primum
1123 3840 1237 3907 videri
1252 3839 1426 3929 vigilium
1444 3839 1538 3931 Tap·

364 3966 569 4030 sensensem,
582 3948 641 4038 qui
656 3947 699 4015 ad
717 3948 780 4017 hoc
793 3970 923 4017 comma
935 3947 1192 4038 provocaverit,
1204 3970 1245 4016 ac
1260 3971 1363 4038 porro
1383 3948 1537 4017 emerito

363 4074 432 4119 non
449 4052 559 4121 solum
575 4079 593 4122 e
609 4061 709 4123 textu
726 4058 784 4125 sed
801 4058 905 4125 etiam
922 4078 940 4123 c
956 4056 1114 4146 margine
1127 4056 1228 4125 reiici
1245 4078 1375 4125 comma
1387 4056 1537 4126 subditi-

364 4161 452 4227 tium
464 4162 617 4231 aninnt
629 4164 776 4251 scilicet,
787 4164 1002 4255 Cyprianunr
1018 4165 1082 4233 hoc
1099 4165 1173 4234 loco
1191 4165 1247 4252 (de
1263 4164 1401 4233 unitate
1416 4162 1539 4233 Eccle-

365 4270 438 4347 siae
458 4272 512 4338 ed.
532 4272 655 4341 Baluz.
671 4273 783 4341 Paris.
800 4274 900 4341 1726.
914 4297 948 4364 p.
963 4274 1061 4359 195),
1087 4297 1154 4367 quo
1183 4274 1220 4341 S.
1234 4272 1448 4363 Fulgentius
1473 4296 1537 4364 pu·

364 4378 457 4445 tavit
482 4380 664 4467 provocari
685 4381 728 4448 ad
753 4388 861 4450 testes
885 4381 921 4449 in
946 4382 1051 4469 coe10,
1071 4406 1140 4451 non
1158 4380 1335 4473 appellare
1353 4380 1398 4449 ad
1416 4404 1451 4451 v.
1469 4382 1536 4469 7⁸⁸,
