3172 4950
532 382 570 396 -
592 349 653 412 577
673 381 712 395 -

30 457 80 525 sit
104 455 233 540 Pater,
258 453 343 545 quid
362 452 496 540 Filius,
523 452 608 545 quid
636 452 816 544 Spiritus,
846 452 1073 523 distinctione
1097 454 1207 545 hypo·

30 563 185 647 ennea,
216 564 454 631 verumtamen
477 563 627 627 unitatis
653 560 830 628 naturalis
859 560 980 650 copulet
1007 562 1121 626 omnia
1138 564 1207 628 uti-

31 671 398 761 praecommonere,
427 669 599 739 adventus
627 661 815 760 (παρουσια),
843 690 1026 753 sermones,
1053 673 1208 757 partiei-

26 781 129 868 pario
158 771 317 868 (μεθεξις),
340 775 494 863 operatio
522 771 678 869 (nappaeae)
706 779 742 843 et
758 773 885 862 gloria,
916 781 950 844 et
973 795 1208 867 quaecumque

30 884 188 954 divinam
208 891 335 954 ornant
356 890 550 952 naturam»
578 883 620 950 Τ.
646 882 691 951 V.
713 882 753 949 P.
778 881 808 950 Ι.
830 905 865 971 p.
886 882 965 950 642.
988 881 1078 952 Vide
1102 884 1208 953 etiam

29 990 161 1081 Cyrill.
177 992 214 1059 iu
236 990 394 1060 thesaur.
406 1015 440 1081 p.
457 990 550 1078 836.;
562 997 598 1059 et
609 989 845 1059 Athanasium
858 989 901 1058 ad
911 988 1092 1080 Serapion.
1107 1015 1162 1081 ep.
1174 991 1205 1058 Ι.

30 1120 66 1166 n.
81 1097 139 1165 20.
160 1096 214 1165 30.
227 1097 298 1185 31.;
316 1120 369 1187 ep.
388 1096 459 1164 ΠΙ.
474 1120 509 1164 n.
525 1096 572 1182 6.;
593 1117 647 1186 ep.
662 1095 726 1163 IV.
742 1119 776 1163 n.
796 1095 830 1163 4.
849 1100 915 1163 etc.

98 1201 223 1294 Itaque
250 1226 327 1272 cum
350 1202 564 1272 inhabitatio
595 1203 645 1270 sit
670 1224 712 1270 ex
743 1201 905 1290 gratuite
933 1200 1119 1271 dilectione
1142 1203 1206 1291 (l),

31 1315 74 1379 ut
98 1311 260 1399 superius
280 1310 560 1394 declaravimus,
592 1310 687 1378 Deus
712 1332 803 1378 unus
830 1316 866 1377 et
886 1308 1004 1377 trinus
1031 1302 1210 1379 inhabitat

31 1417 99 1486 sub
125 1417 266 1485 formali
286 1418 421 1485 ratione
452 1422 493 1486 ut
518 1417 613 1485 Deus
638 1416 794 1484 charitas
826 1421 903 1500 est,
929 1417 994 1483 sub
1020 1438 1089 1507 qua
1114 1417 1209 1486 sicut

31 1522 99 1591 sub
118 1522 242 1613 quovis
261 1522 434 1591 attributo
450 1522 609 1590 absoluto
626 1523 733 1590 Pater
748 1521 864 1589 Filius
879 1527 915 1590 et
931 1521 1089 1611 Spiritus
1102 1521 1206 1592 Sanc·

31 1636 94 1698 tus
117 1650 185 1696 non
217 1628 515 1718 distinguuntur3
542 1629 601 1698 sed
629 1628 714 1697 haec
734 1627 891 1698 charites
907 1634 961 1697 est
975 1628 1122 1697 realiter
1134 1633 1209 1697 tres

32 1737 140 1806 simul
169 1757 336 1826 personae
360 1742 396 1804 et
427 1736 603 1827 quaelibet
628 1736 835 1804 earumdem.
862 1734 962 1805 Unde
984 1757 1048 1803 uos
1070 1735 1208 1827 quidem

32 1840 150 1930 (salva
178 1842 391 1910 auctoritate
423 1842 518 1910 tanti
547 1841 638 1926 viri,
668 1849 820 1933 quantus
849 1846 904 1910 est
929 1841 1124 1931 Dionysius
1146 1841 1208 1911 Pe·

32 1947 177 2033 tavius)
208 1969 276 2015 non
308 1970 491 2037 possumus
522 1970 585 2017 neo
608 1969 650 2015 ex
675 1947 859 2038 Scriptura
889 1953 926 2017 et
955 1947 1120 2016 Patribus
1153 1946 1208 2016 de-

33 2060 266 2123 monstratum
304 2042 457 2144 reperire
496 2076 559 2124 nec
597 2079 674 2123 cum
711 2053 897 2145 principiis
932 2054 1039 2124 certis
1077 2076 1209 2144 compo·

32 2183 116 2230 nere
132 2159 316 2251 specialem
338 2161 474 2230 modum
502 2162 642 2230 unionis
665 2160 822 2252 Spiritus
843 2160 965 2230 Sancti
988 2183 1065 2230 cum
1088 2160 1206 2244 iustis,

33 2269 97 2361 qui
114 2266 181 2335 soli
196 2268 324 2336 tertiae
347 2289 513 2357 personae
541 2268 589 2339 uit
612 2269 775 2359 proprius
801 2289 869 2335 nou
886 2273 1003 2336 autem
1020 2268 1209 2337 communis

32 2375 271 2532 trlbi’ldtavius
295 2463 335 2549 (l.
353 2462 455 2533 VIII.
471 2486 501 2532 c.
517 2465 549 2531 6.
562 2487 597 2532 n.
611 2465 698 2549 58.)
710 2464 856 2554 probare
880 2463 995 2533 voluit
1017 2464 1107 2533 hano
1131 2487 1208 2532 cum

33 2568 142 2639 iustis
164 2570 325 2637 unionem
343 2570 518 2661 propriam
534 2571 596 2638 uni
612 2591 777 2661 personae
794 2570 950 2663 Spiritus
969 2570 1102 2655 Sancti,
1121 2590 1208 2662 quae

34 2676 231 2746 cuiusmodi
254 2676 304 2744 sit
330 2683 366 2744 et
396 2677 563 2769 quomodo
595 2678 728 2769 concipi
758 2683 885 2769 queat,
912 2678 987 2768 ipse
1011 2676 1125 2747 dicere
1150 2700 1207 2746 no·
1303 2667 1317 2691 ⁵

28 2783 130 2867 luit,
160 2783 266 2873 quia,
291 2788 333 2851 ut
358 2784 435 2869 ait,
459 2806 532 2852 rem
559 2785 711 2854 nondum
734 2784 822 2852 satis
846 2789 1054 2874 compertam
1081 2784 1209 2853 habuit

33 2889 98 2977 (ib.
113 2889 208 2973 ne).
228 2889 484 2978 Argumentum
505 2891 580 2959 eius
606 2891 868 2960 fundamentale
891 2897 957 2976 est,
978 2891 1068 2982 quod
1098 2891 1208 2980 Spiri-

33 3004 94 3065 tus
126 2995 276 3064 Sanctus
291 2997 523 3086 personaliter
541 3004 596 3066 est
612 3020 652 3067 ac
676 2999 809 3068 dicitur
833 2997 956 3064 donum
979 3005 1016 3067 et
1038 3002 1091 3065 vie
1114 3021 1208 3065 eonc-

35 3105 220 3194 eifleaerin.
235 3102 367 3171 Verum
391 3127 468 3173 cum
498 3104 583 3174 haec
617 3104 709 3173 nihil
745 3105 949 3195 significent
981 3105 1079 3174 aliud
1107 3127 1209 3198 quem

35 3234 182 3277 amorem
193 3211 438 3300 procedentem,
449 3213 637 3282 ostendunt
649 3214 786 3305 quidem
799 3213 1009 3305 peculiarem
1022 3211 1123 3282 velut
1138 3211 1208 3282 exi·

34 3318 191 3409 gentiam
207 3320 245 3386 in
268 3320 444 3409 personali
467 3320 668 3390 charactere
692 3321 851 3411 Spiritus
868 3318 989 3390 Sancti
1007 3342 1075 3388 non
1093 3325 1210 3389 autem

35 3425 69 3492 ei
89 3424 156 3492 soli
180 3426 360 3515 proprium
387 3426 524 3496 modurn
551 3428 714 3513 unionis,
749 3434 792 3497 nt
823 3451 900 3496 mox
932 3426 1207 3514 declarabimue;

35 3552 136 3599 secus
160 3531 266 3598 etiam
298 3532 438 3599 Verbum
461 3533 559 3602 modo
583 3533 650 3601 sibi
673 3532 736 3601 uni
760 3533 900 3623 proprio
925 3556 1003 3601 cum
1026 3530 1209 3600 intellectu

36 3643 155 3706 nostro
182 3636 301 3722 uniri,
326 3644 364 3707 et
391 3639 463 3707 alia
486 3640 598 3709 multa
621 3661 745 3730 parum
765 3647 995 3709 consentanea
1011 3637 1145 3706 unitati
1169 3659 1209 3706 ao

36 3744 258 3833 simplicitati
279 3744 345 3813 Dei
361 3746 648 3836 excogitabimus.
660 3746 880 3835 Argumenta
896 3746 1035 3838 reliqua
1045 3745 1153 3815 addit
1166 3767 1209 3813 ex

38 3852 75 3921 S.
90 3850 238 3940 cyrillo,
264 3852 356 3944 quod
380 3852 536 3942 Spiritus
560 3855 700 3922 dicatur
723 3848 884 3945 ἀυτουργος
908 3860 1049 3921 nostrae
1080 3852 1210 3921 saucti-

36 3957 236 4044 ficationis;
261 3979 411 4043 aurum,
442 3982 509 4051 quo
532 3959 758 4046 deauramur;
777 3963 812 4027 et
835 3959 982 4050 denique
1001 3958 1114 4028 veluti
1127 3978 1209 4049 qua·

36 4064 123 4133 litas
147 4064 186 4132 in
216 4066 337 4151 nobis,
370 4072 412 4135 ut
439 4066 576 4159 quidem
598 4067 767 4136 Patavius
784 4066 821 4136 S.
839 4066 1023 4136 Doctorem
1038 4065 1209 4156 interpre-

92 4226 135 4303 (1)
155 4248 168 4317 o
185 4229 326 4293 Quomodo
343 4231 443 4286 amieis
460 4233 521 4285 suls
538 4232 704 4288 illucescere
723 4231 798 4287 vellt
815 4227 1004 4306 (ι’πιλαμψει)
1025 4233 1054 4282 et
1074 4225 1210 4298 quomodo

37 4321 69 4376 tu
88 4320 131 4373 eis
152 4319 337 4376 habitaturus
350 4323 406 4390 slt,
428 4321 557 4377 declaret
575 4321 689 4378 dleenn
710 4323 797 4378 Peter
817 4336 895 4379 neue
912 4318 1017 4388 illiget
1036 4333 1125 4374 eun·
1141 4317 1208 4385 (lyr.

38 4411 70 4465 in
89 4410 131 4464 lo.
143 4425 171 4479 p·
182 4411 245 4468 880.

1026 4530 1069 4567 ml
