3172 4950
655 325 693 342 -
713 292 774 354 343
794 324 832 338 -

188 399 419 473 §individua
441 398 574 470 dicitur
596 382 797 468 substantia
819 396 942 482 etiam,
969 399 1142 488 quatenns
1171 399 1227 464 est
1249 400 1327 465 tota

188 532 252 581 use
272 507 608 579 incommunicabilis
631 507 669 575 in
693 504 907 597 oppositione
923 502 967 572 ad
984 502 1326 572 communicationem

188 615 281 687 salem
303 639 366 686 seu
389 613 698 684 identificationem
721 635 798 682 cum
821 610 983 702 pluribus
1005 608 1150 678 realiter
1173 609 1267 677 inter
1290 631 1327 679 ee

188 724 344 795 istinctia.
355 723 536 794 Prioribus
546 722 662 790 tribus
674 720 785 789 modis
796 720 899 789 etiam
914 718 1043 788 lumine
1053 717 1202 786 rationis
1214 718 1328 787 deitas

188 854 221 901 au
239 831 360 901 divina
382 830 536 901 essentia
558 829 718 899 absoluta
742 826 959 918 intelligitur
989 849 1062 895 ease
1092 825 1328 896 essentialiter

188 937 353 1007 nunnus
375 936 574 1021 individua·
596 959 656 1028 per
679 958 716 1005 ee
738 935 850 1026 ipsam
872 933 1038 1002 nimirum
1064 955 1108 1002 ex
1136 932 1329 1003 intrinseca

188 1067 225 1115 na
242 1046 405 1116 absoluta
425 1046 638 1138 perfectione
661 1051 716 1115 est
737 1043 823 1114 haec
846 1065 917 1113 una
940 1041 1139 1112 substantia
1158 1040 1330 1112 distincta

188 1176 229 1223 no
240 1162 274 1224 et
289 1155 429 1224 infinite
445 1155 588 1226 diversa
603 1156 647 1223 ab
662 1154 820 1223 omnibus
843 1151 938 1238 aliia¹
957 1173 1045 1244 quae
1060 1159 1200 1243 praeter
1216 1149 1329 1241 ipsam

188 1269 420 1333 attentasse
443 1268 590 1353 possunt
613 1261 782 1350 (indivisa
804 1261 842 1329 in
866 1283 921 1345 se,
948 1260 1065 1330 divisa
1097 1260 1141 1327 ab
1171 1258 1329 1327 omnibns

188 1367 251 1454 iliis,
274 1376 317 1439 ut
339 1369 433 1439 ratio
452 1369 630 1439 individui
646 1368 819 1439 declarari
843 1367 958 1454 solet).
976 1367 1077 1437 Hanc
1093 1373 1208 1435 autem
1224 1387 1328 1432 unam

188 1497 296 1544 umero
318 1476 505 1547 essentiam
528 1475 724 1545 absolutam
746 1499 788 1547 ex
811 1475 1004 1544 intrinseca
1027 1496 1091 1545 ena
1117 1472 1330 1565 perfectione

188 1587 207 1650 u
221 1582 394 1672 exigentia
416 1585 611 1655 necessario
635 1582 739 1652 simul
762 1604 836 1653 csse
859 1589 932 1651 tres
954 1582 1048 1651 inter
1071 1602 1107 1650 se
1130 1578 1326 1665 distinctos,

188 1687 306 1776 latrem,
331 1691 466 1761 Filium
488 1698 524 1762 et
547 1691 719 1782 Spiritum
746 1691 933 1777 Sanctum,
959 1689 995 1758 id
1019 1689 1093 1758 sola
1115 1688 1330 1759 revelatione

188 1798 335 1888 uovimns3
360 1800 555 1869 revelatum
578 1799 765 1886 satanin,
790 1799 952 1884 Patrem,
976 1797 1132 1883 Filium,
1158 1796 1330 1888 Spiritum

188 1903 323 1977 iunctum
346 1914 420 1977 tres
442 1907 629 1978 distinctos
651 1928 726 1976 esse
750 1930 857 1977 unum
879 1908 1001 1976 Deum.
1027 1907 1101 1976 Hoc
1125 1905 1200 1996 ipso
1231 1903 1330 1997 quid-

188 2009 253 2083 litas
272 2036 342 2107 qua
364 2016 459 2084 Deus
481 2023 556 2101 eet,
583 2038 644 2084 seu
672 2014 808 2100 deitas,
834 2037 896 2085 seu
918 2012 1081 2083 absoluta
1103 2012 1256 2083 essentie
1279 2017 1333 2082 εει

188 2120 301 2191 taliter
324 2122 515 2192 communis
537 2123 652 2192 tribus
675 2122 770 2192 inter
793 2144 828 2191 se
852 2120 1045 2207 distinctis,
1071 2122 1132 2214 qui
1155 2127 1230 2190 tum
1261 2119 1330 2188 sin·

188 2227 239 2316 pli
259 2238 334 2299 t-um
357 2238 431 2300 tres
453 2229 560 2300 simul
583 2237 666 2298 sunt
689 2253 781 2299 unus
803 2229 899 2300 Deus
922 2235 1043 2320 utpote
1065 2251 1135 2298 una
1153 2251 1222 2296 non
1243 2225 1330 2295 mul-

188 2334 366 2427 liplicabilis
389 2338 541 2407 essentia
563 2337 715 2408 infinita.

229 2444 323 2516 Unde
339 2445 406 2515 hac
421 2446 580 2516 revelata
602 2447 754 2516 veritate
771 2444 953 2537 supposita
970 2443 1216 2535 intelligimus,
1234 2443 1331 2512 abso·

188 2547 268 2621 lutam
290 2553 478 2623 essentiam
502 2555 566 2623 sub
589 2553 655 2623 hac
680 2553 820 2623 formali
842 2554 979 2623 ratione
1005 2552 1157 2622 absoluti
1173 2574 1241 2622 non
1256 2572 1331 2620 esse

188 2658 392 2730 abeuntiam
416 2661 633 2729 individuam
655 2683 694 2732 eo
717 2685 833 2746 sensu,
859 2684 927 2754 quo
949 2660 987 2730 in
1009 2661 1150 2730 notione
1165 2660 1331 2749 hyposta-

188 2781 239 2834 aot
256 2768 453 2859 concipitur
483 2769 684 2839 substantia
708 2769 893 2837 indiuidua
905 2795 919 2853 ,·
941 2791 1052 2862 neque
1081 2767 1172 2838 enim
1204 2767 1268 2836 sub
1291 2786 1333 2837 ea

188 2868 297 2943 unali
320 2875 457 2945 ratione
481 2877 634 2946 absoluti
651 2877 803 2947 essentia
827 2882 883 2946 est
905 2875 1253 2961 incommunicabilis¹
1270 2877 1330 2948 sed

188 2972 261 3050 iuno
282 2990 337 3053 εει
359 2990 489 3052 natura
500 2984 618 3055 Patris
634 2985 697 3071 ita,
712 2993 754 3055 nt
769 2985 874 3054 simul
891 2984 940 3054 sit
955 2991 1085 3054 natura
1098 2983 1187 3055 Filii
1202 2986 1263 3077 qui
1279 2992 1333 3056 εει

188 3081 294 3161 unsa
316 3092 435 3175 Patre,
461 3097 497 3161 ει
520 3091 625 3160 simul
648 3100 778 3161 natura
802 3092 959 3183 Spiritus
975 3091 1098 3161 Sancti
1122 3091 1183 3183 qui
1204 3091 1333 3161 iterum

188 3200 223 3264 u
238 3199 326 3271 alius
341 3222 363 3269 a
378 3200 485 3271 Patre
508 3207 544 3271 ει
566 3200 672 3270 Filio.
691 3201 822 3271 Contra
838 3224 922 3272 vero
937 3202 1002 3270 sub
1026 3198 1166 3270 formali
1183 3199 1330 3287 ratione,

188 3311 331 3389 quatenus
352 3309 471 3378 eadem
494 3309 647 3378 essentia
668 3315 724 3379 est
740 3309 797 3378 hic
820 3307 997 3377 relativus
1019 3330 1050 3377 e.
1069 3333 1105 3398 g.
1123 3308 1252 3393 Pater,
1277 3313 1334 3377 εει

188 3409 353 3482 muntia
370 3414 569 3499 individua·
585 3416 662 3507 ipsa
676 3415 768 3485 enim
785 3417 986 3486 substantia
1003 3414 1127 3484 divina
1142 3414 1248 3484 habet
1264 3416 1333 3485 ior·

188 3518 283 3592 uuam
304 3524 476 3594 rationem
499 3525 655 3610 relativi,
674 3526 765 3594 unde
787 3522 916 3593 relatio
938 3531 993 3594 eet
1015 3521 1273 3604 substantialis,
1292 3528 1334 3592 ut

188 3622 331 3719 lilinum
356 3640 393 3702 ει
415 3632 474 3701 hic
497 3632 671 3703 relativus
702 3633 807 3702 Pater
835 3631 1074 3703 identificatus
1104 3655 1181 3701 oum
1210 3629 1334 3699 divina

188 3739 321 3822 mentia,
340 3760 402 3809 seu
418 3744 475 3827 (ut
490 3740 589 3809 modo
611 3746 731 3809 nostro
746 3741 963 3831 concipiendi
979 3740 1075 3833 loqui
1091 3737 1254 3822 solemus)
1272 3735 1333 3805 he·

189 3829 248 3910 leus
266 3844 423 3915 divinam
445 3853 622 3931 naturam,
636 3853 691 3917 est
713 3848 778 3916 sub
801 3847 866 3917 hac
883 3848 1023 3917 formali
1038 3846 1175 3916 ratione
1191 3843 1335 3913 relativi

189 3958 255 4018 llus
274 3952 310 4021 in
333 3975 370 4022 εε
392 3960 430 4022 ει
452 3953 643 4023 distinctus
666 3956 710 4023 ab
733 3954 891 4022 omnibus
914 3954 997 4023 aliis
1012 3952 1164 4023 eiusdem
1187 3959 1335 4021 naturae

191 4048 217 4131 (Ι
230 4054 312 4130 Filio
335 4068 372 4131 et
394 4059 533 4152 Spiritu
550 4063 706 4148 Sancto),
725 4069 829 4154 atque
845 4061 929 4130 adeo
948 4067 1002 4134 εει
1017 4061 1220 4130 substantia
1242 4058 1335 4126 indi-

191 4158 270 4232 vidua
287 4168 327 4238 in
349 4193 454 4239 sensu
471 4170 888 4240 incommunicabilitatis.
906 4170 1002 4238 Haeo
1017 4168 1095 4259 ipsa
1110 4166 1335 4238 incommuni-

192 4266 323 4346 abilius
352 4300 413 4347 seu
444 4280 509 4347 sub
532 4286 698 4369 conceptu
725 4279 877 4369 positivo
903 4277 969 4347 hoc
1000 4302 1066 4345 esee
1096 4292 1203 4344 totam
1235 4280 1272 4342 in
1302 4301 1336 4343 εε

193 4368 320 4458 luteus
341 4387 378 4458 in
403 4391 454 4476 εε)
470 4395 524 4458 εει
540 4387 699 4459 formalis
719 4386 823 4472 ratio,
843 4408 913 4478 qua
927 4383 1336 4477 substantiasingularis
