3172 4950
707 318 746 335 -
769 285 830 351 180
848 317 888 334 -

208 417 283 466 esse
306 392 483 465 visibilem
506 391 653 463 maxime
675 394 714 462 iu
745 402 875 464 natura
906 393 1062 462 humana
1091 395 1299 483 assumpta,
1324 410 1397 485 qua

207 505 304 574 Deus
334 503 451 572 Filius
484 501 590 571 simul
621 510 677 573 ast
707 523 812 571 verus
848 503 990 587 homo,·
1007 506 1047 571 st
1076 500 1184 572 etiam
1215 500 1256 570 iu
1278 499 1395 570 veteri

212 615 435 685 Testamento
465 633 567 701 uper
593 611 786 680 subieotam
816 619 1038 695 ereaturam,
1063 637 1080 672 n
1110 607 1225 680 variis
1255 608 1397 680 scilieet

211 722 360 791 ostentis
399 720 719 789 demonstrantibus
756 719 990 810 praesentiam
1023 717 1113 787 Filii
1145 721 1188 787 ut
1220 737 1393 808 personae

212 830 338 900 missae
362 851 384 897 a
405 829 511 898 Patre
533 834 570 896 et
591 826 737 917 proinde
759 848 926 917 personas
949 825 1150 896 distinctae.

277 938 404 1007 Multis
427 944 464 1006 st
485 959 587 1027 saepe
603 935 668 1004 bas
690 935 800 1005 Verbi
815 935 1119 1004 manifestationes
1140 933 1305 1005 declarat
1317 935 1391 1006 Ire·

210 1070 331 1117 naeus.
360 1073 377 1110 a
391 1046 543 1115 Verbum
560 1045 699 1138 quidem
714 1045 922 1138 loquebatur
936 1042 1053 1134 Moysi
1067 1065 1243 1135 apparens
1256 1042 1297 1112 iu
1311 1065 1390 1112 oon·

212 1160 345 1245 spectu,
372 1151 657 1246 quemadmodum
681 1152 712 1221 si
736 1151 816 1245 quis
838 1150 1004 1243 loquetur
1026 1147 1073 1219 ad
1094 1149 1248 1219 amioum
1270 1171 1386 1222 suum.

210 1261 350 1351 lloyses
373 1282 456 1329 vero
480 1259 682 1350 oonoupivit
704 1259 887 1328 manifesta
910 1259 1031 1328 uidere
1053 1280 1155 1343 eum,
1181 1258 1245 1351 qui
1267 1280 1384 1329 aeuum

210 1369 437 1461 loqueretur,
467 1374 504 1436 et
525 1366 659 1437 dietum
681 1372 736 1436 est
756 1366 801 1435 ei:
829 1389 898 1435 nou
920 1365 1013 1436 enim
1028 1365 1128 1436 videt
1144 1366 1247 1434 bomo
1262 1365 1388 1435 laoiom

213 1497 323 1544 meam
346 1482 382 1546 et
405 1476 528 1562 vivst3
554 1482 703 1566 utraque
725 1473 952 1564 significans,
979 1473 1140 1565 quoniam
1167 1478 1206 1542 et
1227 1473 1387 1566 impossi-

215 1583 299 1652 bilis
323 1583 545 1674 (impotens)
562 1588 624 1674 ¹est
646 1581 746 1651 homo
769 1581 890 1652 videre
912 1582 1047 1668 Deum
1073 1588 1110 1652 et
1131 1580 1299 1674 quoniam
1328 1604 1389 1674 per

213 1689 423 1780 sapientiam
444 1688 511 1759 Dei
533 1689 571 1758 iu
594 1687 797 1757 novissimis
812 1689 1026 1780 temporibus
1042 1688 1178 1759 ridebit
1196 1709 1277 1757 eum
1291 1687 1389 1759 homo

213 1797 251 1865 in
273 1819 331 1882 eo,
358 1795 418 1887 qui
441 1802 496 1864 est
518 1794 707 1865 seeundum
730 1794 900 1864 bominem
921 1794 1000 1864 eius
1021 1794 1179 1865 adventu
1200 1794 1242 1882 (i.
1256 1817 1289 1865 a.
1304 1794 1390 1865 Ver·

214 1904 295 1972 bum
318 1904 596 1990 incarnatum)...
622 1903 655 1972 N
657 1926 700 1972 ou
722 1903 837 1993 igitur
854 1903 1038 1973 manifesta
1053 1902 1166 1994 ipsam
1182 1902 1310 1973 faciam
1324 1902 1389 1973 Dei

216 2011 384 2081 videbant
405 2010 606 2102 prophetae,
632 2011 692 2080 sed
709 2011 956 2101 dispositiones
971 2009 1206 2100 emysteria,
1223 2033 1289 2102 per
1302 2029 1390 2104 quas

215 2119 387 2210 inciperet
409 2121 509 2189 homo
533 2120 651 2189 videre
672 2121 828 2191 Deumrs.
853 2121 975 2210 Igitur
990 2120 1023 2189 si
1045 2142 1156 2213 nequa
1177 2118 1321 2210 Moyses
1336 2117 1387 2189 ri·

215 2225 270 2295 dit
291 2227 402 2295 Deum
425 2250 487 2296 neo
508 2227 631 2296 Helias
653 2251 716 2298 neo
737 2227 920 2314 Ezeohial,
947 2249 1035 2320 quaa
1057 2234 1174 2297 autam
1196 2227 1243 2296 ab
1266 2227 1324 2297 luis
1339 2226 1389 2296 vi·

216 2333 410 2420 debentur,
436 2341 537 2404 eraut
560 2335 812 2407 similitudines
827 2336 1004 2406 claritatis
1019 2333 1160 2405 Domini
1182 2342 1220 2407 st
1242 2333 1388 2427 propbe-

215 2440 286 2511 tiae
310 2443 512 2511 futurorum
544 2443 846 2531 (inoaruationis);
871 2443 1095 2513 menifestum
1123 2447 1201 2528 est,
1225 2442 1390 2535 quonian

216 2548 320 2619 Pater
344 2549 482 2642 quidem
506 2551 723 2636 invisibilis,
748 2551 789 2622 de
813 2574 880 2643 quo
902 2558 939 2621 et
951 2551 1122 2621 Dominus
1144 2548 1251 2620 dixit:
1275 2550 1388 2621 Deum

215 2677 314 2724 nemo
338 2657 431 2726 vidit
454 2680 628 2750 umquam.
655 2658 808 2730 Verbum
839 2657 1077 2743 artensius,
1102 2656 1388 2748 quamadmodum

216 2762 357 2832 volebat
379 2764 477 2854 ipsa,
503 2771 539 2834 at
561 2765 607 2834 ad
631 2765 825 2836 utilitatem
848 2763 1045 2834 videntium
1076 2762 1278 2834 claritatem
1299 2785 1389 2833 mou·

217 2872 354 2940 strabat
375 2873 493 2941 Patris
516 2878 552 2942 et
574 2873 819 2963 dispositiones
843 2872 1067 2963 exponebat»
1093 2870 1188 2940 Iron.
1202 2869 1271 2943 IV.
1287 2893 1319 2941 o.
1333 2869 1387 2942 20.

216 2999 252 3046 ιι.
272 2976 305 3044 9.
325 3000 376 3069 sq.
394 2980 564 3048 Dootrina
587 2980 799 3049 annuntiata
821 2986 876 3049 ast
898 2979 1085 3068 gentibus,
1122 2977 1309 3048 «Verbum
1330 3001 1389 3046 so·

219 3084 382 3151 turalitor
406 3084 540 3176 quidem
558 3087 768 3154 invisibilem
777 3136 787 3169 ,
811 3085 1022 3176 palpabilem
1038 3092 1075 3155 at
1090 3084 1269 3156 visibilem
1283 3085 1322 3155 iu
1333 3085 1389 3155 ho·

218 3191 370 3260 minibus
392 3194 526 3267 laetum
548 3215 654 3262 esses
679 3193 766 3262 ibid.
782 3217 812 3264 o.
828 3194 884 3262 24.
900 3216 936 3261 n.
951 3193 986 3261 2.

284 3299 425 3369 Pariter
446 3301 630 3388 Iustinus,
655 3300 789 3371 Filium
813 3300 898 3386 Dei,
922 3300 995 3386 ait,
1020 3299 1194 3391 appellari
1215 3299 1391 3391 Angelum

217 3413 255 3477 at
277 3406 506 3497 Apostolum,
533 3409 616 3499 quia
638 3409 795 3478 mittitur
817 3430 840 3476 a
862 3408 979 3492 Patra,
993 3413 1100 3499 atque
1122 3404 1200 3475 ideo
1213 3406 1321 3476 illum
1329 3404 1391 3500 qui

219 3514 385 3605 apparuit
405 3513 444 3582 in
467 3515 581 3589 veteri
604 3515 837 3600 Testamento,
863 3537 938 3584 esse
960 3515 1083 3604 utique
1114 3533 1237 3583 vorum
1260 3513 1388 3599 Deum,

217 3647 283 3692 nou
308 3631 425 3694 tamen
445 3646 521 3695 esse
544 3624 683 3693 Patrem
707 3623 768 3692 sed
790 3622 936 3707 Filium,
965 3652 981 3689 a
996 3623 1057 3716 qui
1080 3644 1158 3693 oum
1174 3624 1329 3694 Verbum
1344 3623 1392 3699 sia

217 3732 472 3822 primogenitus
494 3732 572 3816 Dei,
598 3732 705 3800 etiam
728 3731 823 3800 Deus
845 3736 911 3816 est,
930 3752 971 3801 ao
994 3731 1095 3822 prins
1117 3730 1258 3824 quidem
1277 3729 1392 3823 noym·

218 3845 254 3907 et
276 3839 401 3908 ceteris
424 3839 604 3931 prophetis
627 3840 795 3931 apparuit
811 3861 872 3930 par
890 3839 1038 3930 speeiem
1054 3839 1149 3929 iguis
1168 3846 1209 3909 et
1229 3862 1293 3932 per
1307 3840 1390 3909 ima

217 3945 333 4034 ginem
357 3946 592 4035 incorpoream
616 3946 667 4033 (h.
685 3949 767 4016 e.·iu
791 3947 903 4016 variis
925 3947 1084 4031 ostentis,
1103 3966 1192 4038 quae
1205 3969 1277 4016 uon
1291 3952 1390 4019 erant

217 4074 339 4124 verum
363 4052 549 4143 physioum
573 4058 734 4144 eorpus),
760 4078 853 4124 nuno
877 4061 994 4125 autam
1025 4053 1389 4144 reanimarem)

217 4159 356 4249 imperii
378 4160 593 4249 temporibus
615 4184 658 4230 ex
681 4161 832 4250 Virgine
855 4160 956 4230 homo
978 4162 1099 4231 ursus
1125 4167 1182 4232 ost
1204 4161 1390 4233 sormam

218 4265 433 4337 voluntatem
456 4267 608 4337 Patris»
633 4268 879 4360 Apol.1.63.;
904 4269 1046 4360 Dialog.
1059 4293 1096 4340 ιι.
1107 4256 1187 4343 12⁴7.
1233 4275 1239 4282 '
1276 4334 1287 4355 ,
1382 4306 1387 4313 ·

285 4373 528 4445 Tertullianus
551 4383 656 4466 urget
679 4377 815 4469 quidam
839 4387 963 4450 eontra
983 4378 1163 4465 urnam,
1188 4349 1283 4470 quod
1296 4376 1388 4455 Dm
