3172 4950
722 336 760 350 -
781 303 821 364 68
842 335 880 349 ..

216 418 310 484 certo
333 415 480 496 constet,
499 410 621 481 Patres
640 411 676 478 in
693 410 767 480 suis
785 408 968 480 codicibus
980 415 1129 499 textum,
1149 408 1191 479 de
1207 431 1371 504 quoquae

215 522 320 605 ritur,
346 542 414 588 non
437 518 577 610 legisse.
596 519 654 588 Ad
678 519 742 588 hoc
766 525 882 588 autem
905 517 1371 611 nonsuffioit‚1·.qu0dPa

216 636 289 700 tres
313 633 478 699 commate
509 632 627 698 nostro
654 651 723 696 non
755 634 917 713 utuntur,
951 627 1011 697 ubi
1034 627 1245 698 testimoniis
1274 628 1371 720 Sorip

216 745 318 807 turae
352 738 501 829 probant
534 737 758 806 divinitatem
782 737 890 807 Verbi
920 743 957 806 et
988 736 1371 807 consubstantialitatar

215 846 334 915 Patris
357 866 397 915 ae
420 844 519 929 Filii,
540 844 596 913 vel
613 844 671 914 ubi
695 847 844 934 probant
866 845 1091 914 divinitatem
1107 844 1267 935 Spiritus
1286 844 1371 916 Sanc

216 955 258 1024 ti.
288 953 389 1037 Quod
413 952 515 1036 dico,
542 958 596 1021 est
626 953 968 1037 luculentissimum,
995 958 1035 1022 ut
1058 953 1219 1044 superius
1239 955 1371 1023 ostendi

215 1086 257 1132 ex
281 1061 379 1130 modo
395 1060 528 1130 citandi
545 1083 661 1129 eorum
678 1061 832 1150 ipsorum
846 1061 1003 1146 Petrum,
1022 1060 1082 1153 qui
1098 1065 1218 1129 nostro
1234 1061 1371 1130 testimo

215 1172 273 1239 nio
297 1175 460 1239 utuntur.
480 1168 722 1237 Tertullianus
745 1169 825 1238 adv.
841 1169 1021 1254 hoscam,
1039 1167 1203 1259 Episcopi
1225 1168 1371 1239 African

216 1279 253 1346 in
275 1277 495 1346 confessione
524 1276 625 1344 Fidei
648 1277 692 1345 ad
715 1276 968 1362 Hunuerioum,
999 1276 1035 1346 S.
1054 1276 1269 1366 Fulgentius
1294 1277 1371 1345 1.ss

215 1387 260 1456 ad
288 1384 564 1454 Trasamundum
593 1384 679 1454 etl.
707 1392 827 1455 contra
859 1386 1097 1456 Fastidiosum
1123 1385 1275 1473 (collato
1300 1385 1371 1456 libr

215 1494 257 1563 de
275 1493 374 1563 Trin.
394 1493 438 1561 ad
462 1491 612 1561 Felicem
628 1493 837 1580 notarium),
864 1494 953 1563 idem
970 1493 1183 1584 Fulgentius
1200 1494 1281 1582 (vel
1298 1494 1371 1563 aliu

215 1604 352 1687 auctor)
376 1600 546 1669 adversus
563 1600 701 1670 Pintam
718 1601 889 1670 Asianum
913 1601 958 1669 ad
981 1601 1046 1669 illa
1068 1602 1186 1692 capita
1209 1601 1371 1670 doctrina

216 1708 429 1800 singillatim
461 1708 638 1799 probanda
669 1715 863 1799 congerunt
892 1709 1004 1779 multa
1035 1709 1260 1796 testimonia,
1295 1711 1370 1780 inte

216 1838 303 1910 quaa
326 1822 441 1884 tamen
465 1838 532 1884 non
556 1822 690 1907 ponunt
722 1816 786 1885 hoc
810 1823 991 1906 nostrum;
1022 1816 1081 1887 sed
1110 1816 1170 1885 ubi
1200 1823 1318 1907 agunt
1348 1817 1371 1885 d

217 1925 395 1994 Trinitate
420 1924 457 1992 in
481 1924 678 2010 communi,
706 1929 780 1993 tum
804 1926 939 1995 demum
971 1925 1139 1995 adferunt
1167 1924 1275 1994 etiam
1305 1924 1370 1994 hae

217 2034 323 2102 verba
345 2032 497 2100 Ioannis.
516 2032 559 2102 a.
579 2032 656 2103 Non
673 2033 802 2103 sufficit
817 2033 1021 2119 ostendisse,
1036 2034 1234 2103 aPatribus
1246 2033 1371 2125 quibus

216 2140 297 2208 dam
323 2139 489 2230 coniungi
506 2139 702 2210 immediate
730 2163 869 2210 versum
887 2143 940 2207 6¹¹³
958 2163 1035 2210 oum
1051 2146 1171 2211 nostro
1184 2142 1227 2225 8‘,
1251 2148 1296 2210 ut
1310 2141 1371 2210 ind

217 2247 403 2317 concludas
436 2271 576 2317 versum
599 2251 654 2317 7⁰⁰¹
677 2249 843 2318 defuisse.
872 2249 1099 2339 Coniungunt
1121 2249 1211 2318 enim
1235 2250 1289 2318 its
1311 2249 1371 2318 Ida

215 2355 290 2425 oius
314 2361 389 2444 (seu
412 2354 520 2442 alius)
544 2363 654 2427 contr.
673 2358 919 2443 varimadum,
938 2357 1174 2443 Cassiodorus,
1201 2358 1371 2448 Speenlur

214 2466 433 2556 Augustini,
459 2465 601 2536 libellus
626 2464 916 2536 Testimoniorum
941 2465 1049 2554 (iuter
1075 2466 1160 2556 Opp.
1176 2464 1213 2535 S.
1228 2464 1371 2554 Isidori)

213 2573 382 2643 Etberius
405 2579 441 2642 et
463 2574 612 2658 Beatus,
639 2574 744 2642 codex
769 2573 959 2643 Toletauus
983 2580 1019 2642 et
1042 2572 1210 2642 cavensis
1235 2573 1371 2644 sicute

216 2682 279 2750 alii
302 2682 399 2751 codd.
426 2682 509 2750 bene
534 2681 662 2766 multi,
689 2681 750 2773 qui
773 2704 888 2750 omnes
918 2687 997 2772 post
1027 2705 1063 2751 v.
1083 2682 1136 2748 6²·
1166 2689 1303 2771 ponunt
1328 2705 1371 2751 no

215 2795 327 2858 strum
343 2790 396 2856 8⁰⁰¹
413 2794 450 2857 et
464 2787 586 2858 deinde
600 2788 665 2856 7“’“.
681 2788 836 2881 Denique
849 2788 900 2859 3³.
914 2812 983 2857 nou
999 2789 1144 2876 suffieit,
1160 2790 1251 2881 quod
1263 2790 1370 2860 Patre

215 2898 329 2967 citant
351 2917 481 2965 comma
503 2903 664 2965 octavum
688 2898 816 2989 absque
841 2898 1011 2989 septimo,
1037 2898 1068 2965 si
1092 2920 1215 2988 scopus
1245 2921 1315 2967 non
1339 2899 1370 2967 si

216 3005 465 3073 demonstratio
482 3004 545 3073 SS.
566 3003 756 3073 Trinitatis
784 3005 843 3073 sed
867 3005 981 3091 alius,
1008 3005 1065 3075 eui
1088 3005 1132 3071 ΒΝ
1147 3028 1215 3074 nou
1239 3007 1284 3073 7²·
1311 3029 1371 3077 ver

216 3111 349 3182 siculus
373 3119 555 3202 congruat.

282 3222 356 3289 Iam
379 3221 436 3290 his
460 3222 716 3291 conditionibus
739 3223 945 3306 observatis,
965 3225 1038 3291 sine
1063 3222 1190 3314 quibus
1213 3246 1255 3291 ex
1280 3223 1371 3293 silen

214 3331 265 3400 tio
287 3331 432 3399 Petrum
455 3329 546 3399 nihil
570 3331 753 3400 conficitur
777 3352 839 3421 pro
864 3331 1031 3401 versiculi
1054 3330 1192 3400 defectu
1216 3331 1252 3398 in
1268 3354 1371 3401 cornu

215 3439 414 3525 codicibus,
441 3440 673 3508 demonstrari
704 3462 771 3509 non
801 3444 942 3530 potest,
968 3440 1134 3509 Patribus
1157 3438 1227 3507 111¹·
1254 3439 1371 3510 saecul

214 3554 371 3618 nostrum
396 3569 525 3617 comma
540 3547 706 3616 defuisse.
725 3548 870 3617 Petrum
887 3548 963 3617 loca
980 3547 1134 3616 studiose
1148 3546 1294 3638 collegit
1308 3547 1371 3618 Mil

214 3654 286 3723 lius
308 3655 346 3722 in
370 3655 444 3722 suis
468 3653 752 3722 adnotationibus
775 3654 820 3722 ad
843 3654 879 3722 h.
898 3653 938 3740 l.,
961 3653 1020 3746 qui
1046 3653 1129 3722 licet
1151 3654 1371 3725 existimaret

215 3760 372 3829 omnibus
387 3760 462 3829 illis
478 3760 644 3829 Patribus
660 3767 817 3829 nostrum
833 3761 1070 3830 testimonium
1087 3760 1196 3830 fuisse
1212 3761 1371 3851 ignotum

215 3869 283 3936 imo
305 3865 411 3935 etiam
433 3867 471 3935 iu
495 3868 654 3938 versione
677 3867 771 3937 Itala
794 3868 959 3954 defuisse,
986 3870 1061 3939 eius
1089 3875 1205 3939 tamen
1228 3871 1371 3959 genuini

215 3979 323 4043 tatem
347 3973 479 4044 sineere
502 3974 670 4063 defendit;
690 3998 732 4044 ex
759 3974 873 4044 Millio
889 3976 1012 4046 deinde
1039 3977 1186 4045 Petrum
1213 3975 1291 4046 loca
1314 3979 1371 4047 des

214 4081 412 4172 oripserunt
430 4082 631 4168 Wetstein,
658 4082 873 4168 Griesbach,
900 4084 1025 4153 Schola
1049 4084 1204 4177 aliique,
1230 4089 1266 4154 et
1299 4109 1371 4178 quo

214 4189 275 4259 ille
297 4197 473 4282 tamquam
508 4190 749 4261 difficultatem
785 4191 985 4262 solvendam
1022 4192 1089 4261 sibi
1126 4192 1322 4280 obiecerat,
1351 4193 1371 4262 b

213 4303 389 4390 tamquam
412 4305 656 4387 argumentum
679 4304 813 4369 certum
836 4299 1118 4392 interpolationis
1142 4309 1372 4392 susceperunt

214 4403 336 4486 Quoad
359 4407 481 4476 Patres
508 4407 626 4498 itaque
649 4407 718 4479 ΠΙ.
745 4406 878 4479 saeculi
904 4408 958 4477 ait
985 4408 1178 4482 Griesbach
1206 4432 1284 4481 oum
1312 4410 1371 4483 sui
