3172 4950
600 333 640 349 -
660 303 721 364 437
741 336 779 352 -

188 399 307 469 ramodi
328 400 455 472 relatio
477 403 721 493 derivationis,
746 409 856 478 multo
872 432 955 481 vero
978 410 1094 481 minus
1115 410 1279 503 archety-

197 512 309 596 potest
331 507 404 577 dici
427 509 543 599 imago
565 534 649 603 prae
673 514 783 583 simili
806 538 828 583 a
851 540 887 585 se
910 517 1082 587 derivato.

188 612 296 703 igitur
318 614 362 683 2'.
388 616 608 709 requiritur,
635 626 677 689 ut
701 622 815 712 imago
839 624 1000 693 derivata
1025 624 1073 693 sit
1095 646 1117 693 a
1139 648 1201 693 suo
1224 647 1279 695 ar·

188 744 259 811 ;ypo
282 720 318 790 h.
337 746 367 793 e.
387 725 431 791 ab
454 748 504 811 eo,
531 728 633 796 cuius
665 729 799 799 dicitur
829 732 957 821 imago.
986 762 1002 795 a
1018 731 1138 801 Omnis
1165 732 1280 822 imago

188 828 235 897 ilis
256 837 313 900 est
335 830 392 916 ei,
417 834 517 903 cuius
540 836 655 924 imago
678 845 754 924 est,
780 862 842 907 neo
866 846 980 907 tomen
1005 862 1102 909 omne
1125 840 1217 933 qnod
1234 840 1280 909 si·

188 943 266 1007 rest
287 938 419 1025 alicui,
445 942 550 1009 etiam
573 942 688 1033 imago
711 952 766 1013 est
787 946 881 1014 eius:
908 947 1002 1015 sicut
1023 947 1060 1041 in
1084 946 1223 1037 speculo
1244 955 1281 1017 et

190 1065 271 1128 ura,
298 1046 382 1137 quia
404 1046 576 1136 imagines
602 1057 713 1135 sunt,
740 1050 848 1119 etiam
872 1053 1003 1121 similes
1028 1062 1137 1139 sunt;
1162 1059 1280 1123 tamen

189 1148 252 1219 lter
266 1176 310 1221 ex
333 1152 448 1223 altero
471 1162 577 1224 natus
600 1180 668 1224 non
685 1165 750 1242 est,
768 1159 891 1229 nullus
913 1184 1031 1229 eorum
1056 1160 1169 1249 imago
1192 1160 1279 1230 alte·

188 1258 277 1328 rdici
300 1267 428 1351 potest.
443 1262 565 1353 Imago
588 1264 679 1334 enim
702 1272 788 1336 tuno
811 1274 888 1352 est,
915 1292 993 1337 cum
1016 1268 1057 1337 de
1081 1268 1199 1359 aliquo
1222 1291 1278 1338 ex·

188 1366 273 1435 nitur
287 1395 304 1429 n
329 1369 425 1459 Aug.
441 1370 483 1439 de
507 1394 587 1461 gen.
602 1373 647 1441 ad
669 1372 743 1442 litt.
765 1375 959 1466 imperfect.
978 1400 1013 1445 n.
1030 1376 1086 1442 57.
1100 1375 1194 1443 Haec
1211 1375 1279 1464 igi·

196 1472 259 1541 duo
283 1475 494 1563 (similitudo
518 1488 553 1548 et
576 1481 765 1567 derivatio)
789 1484 820 1551 si
844 1484 985 1568 adsint,
1011 1483 1142 1572 poterit
1165 1482 1279 1551 simile

191 1587 304 1649 vatum
327 1586 371 1653 ab
394 1585 506 1655 altero
530 1587 788 1676 significatione
812 1591 927 1659 minus
958 1590 1084 1659 stricta
1107 1588 1280 1680 appellari

188 1713 214 1757 ra
236 1692 292 1761 sui
316 1692 482 1783 principii
506 1694 633 1783 imago.
648 1695 855 1765 Rectissime
878 1720 961 1787 ergo
977 1720 1019 1765 ex
1035 1699 1098 1767 illo
1114 1699 1212 1769 modo
1227 1697 1276 1765 lo·

188 1797 235 1867 rdi
256 1800 402 1868 Petrum
426 1822 650 1889 graecorum,
676 1825 744 1893 quo
767 1802 936 1893 Spiritum
966 1804 1131 1875 Sanctum
1156 1806 1280 1875 dicunt

188 1904 293 1991 ginem
316 1915 353 1975 et
373 1907 562 1997 imaginem
585 1908 781 1977 naturalem
797 1932 837 1978 ao
854 1910 1012 1999 sigillum
1030 1912 1129 1997 Filii,
1144 1913 1279 1981 demon·

188 2018 244 2081 tur
265 2036 383 2083 eorum
406 2014 493 2083 fides
516 2013 557 2083 de
581 2017 795 2105 processione
811 2017 968 2107 Spiritus
983 2019 1109 2089 Sancti
1127 2018 1234 2088 etiam
1256 2038 1278 2084 o

188 2136 213 2185 o.

188 2222 338 2295 lttamen
361 2226 413 2294 3¹⁸.
432 2225 477 2295 ad
500 2226 677 2318 propriam
700 2224 870 2295 rationem
885 2224 1051 2316 iinaginis
1065 2250 1132 2295 non
1149 2226 1279 2297 sufficit

188 2331 251 2401 evis
273 2332 460 2417 derivatio,
487 2334 546 2403 sed
571 2356 657 2424 opus
679 2341 745 2418 est,
771 2342 813 2402 ut
841 2335 961 2402 modus
991 2334 1065 2423 ipse
1089 2334 1277 2403 derivatio·

188 2460 245 2507 seu
277 2439 508 2530 processionis
530 2463 573 2509 ex
597 2461 660 2508 sua
684 2439 825 2509 formali
849 2440 984 2508 ratione
1007 2440 1130 2508 tendat
1152 2440 1196 2509 ad
1220 2464 1277 2508 ex·

188 2546 320 2615 rendam
344 2547 622 2636 similitudinem
642 2548 733 2617 unde
750 2571 792 2617 ex
816 2547 861 2616 iia
885 2569 972 2639 quae
989 2545 1030 2615 de
1054 2548 1278 2637 generatione

188 2676 285 2739 mus,
311 2655 453 2725 evidens
476 2661 546 2739 est,
572 2656 713 2747 proprio
741 2678 844 2726 sensu
868 2654 1055 2743 imaginem
1082 2654 1278 2720 notro-olem

191 2762 378 2829 secundum
396 2768 559 2830 naturam
582 2784 651 2829 non
674 2784 773 2852 posse
797 2783 871 2829 esse
893 2762 964 2828 nisi
987 2782 1049 2849 per
1080 2760 1278 2849 generatio·

188 2868 365 2957 ‚Spiritus
388 2869 540 2940 Sanctus
562 2892 647 2961 ergo
677 2892 746 2937 non
776 2875 830 2938 est
859 2866 998 2959 proprio
1028 2889 1132 2935 sensu
1162 2866 1278 2955 imago

188 2974 285 3044 isac
307 2975 407 3060 Filii,
426 2976 631 3067 praesertim
654 2976 686 3044 si
708 2984 928 3066 comparetur
950 2998 1027 3043 cum
1044 2974 1190 3058 ratione,
1209 2996 1278 3065 qua

188 3104 221 3151 ra
243 3089 297 3152 est
319 3084 435 3173 imago
458 3084 588 3153 Patris.
608 3083 676 3152 Est
698 3083 789 3151 enim
812 3082 929 3151 Filius
944 3082 1063 3151 Patris
1078 3082 1193 3171 imago
1209 3104 1278 3149 non

188 3216 215 3259 m
239 3190 473 3261 similitudine
495 3192 769 3282 perfectissima,
802 3212 889 3282 quae
919 3190 1021 3259 salva
1051 3190 1277 3259 distinctione

188 3320 328 3367 onarum
351 3300 514 3368 consistit
536 3300 573 3367 in
598 3299 782 3389 identitate
806 3299 984 3366 numerica
999 3304 1145 3365 naturae
1168 3306 1204 3365 et
1226 3305 1276 3365 tc·

198 3406 424 3497 perfectionis
447 3406 626 3476 absolutae
650 3412 772 3495 (supra
793 3405 846 3474 th.
860 3405 996 3489 XVI.),
1022 3406 1082 3473 sed
1105 3386 1211 3472 etiam
1234 3425 1276 3471 ex

188 3536 201 3579 o
224 3512 474 3601 processionis,
500 3512 591 3604 quod
614 3511 765 3580 Verbum
789 3510 998 3601 exprimitur
1021 3508 1218 3577 formaliter
1234 3515 1277 3575 ut

188 3620 349 3690 tantialis
372 3620 566 3689 similitudo
582 3619 712 3687 Patria.
727 3617 782 3687 cf.
794 3618 831 3687 S.
846 3616 914 3686 Th.
929 3617 1003 3708 1.q.
1021 3616 1077 3683 35.
1097 3615 1159 3701 (1).

188 3838 331 3911 >Nemini
360 3846 429 3909 puto
449 3840 516 3893 indo
538 3840 648 3893 orietur
667 3837 836 3903 difficultas,
861 3835 935 3905 quod
964 3834 1112 3889 videamur
1132 3832 1275 3890 declarare

189 3932 314 3985 ationem
333 3946 366 3984 cx
390 3932 502 3984 rationo
521 3930 666 3995 imaginis,
690 3936 720 3981 ct
739 3930 868 3983 vicissim
888 3928 1031 3993 propriam
1050 3926 1189 3977 rationem
1209 3926 1278 3979 lma·

198 4022 342 4075 naturalis
361 4036 396 4073 ex
416 4021 611 4087 generatione.
638 4020 714 4071 Haec
734 4020 808 4071 enim
829 4018 883 4069 duo
904 4022 1001 4069 mutuo
1015 4029 1076 4067 sese
1089 4014 1230 4079 inferunt,
1246 4018 1276 4067 et

203 4115 377 4166 alterutrum
396 4112 568 4178 supponitur
587 4110 694 4175 notius,
715 4124 802 4161 unum
822 4108 1035 4160 demonstrator
1054 4119 1088 4156 cx
1102 4105 1204 4157 altero.
1226 4104 1275 4157 Ce-

188 4222 193 4255 ι
211 4218 268 4255 non
287 4202 343 4255 iam
367 4201 540 4267 simpliciter
563 4215 649 4252 unum
668 4214 703 4251 ex
724 4200 834 4263 altero,
856 4196 906 4249 aed
924 4203 1077 4260 utrumque
1096 4192 1273 4245 declaramus

188 4291 234 4345 rdo
255 4290 445 4358 processionis
465 4304 517 4342 auo
539 4288 654 4341 formali
680 4289 791 4341 rationo
821 4284 968 4340 tendentis
997 4284 1034 4337 ad
1061 4280 1274 4349 exprimendum

188 4379 333 4435 tudinem.
