3180 4944
869 305 1047 365 -146-

342 496 344 501 ,
370 414 558 485 distinctas
580 433 746 504 personas
768 410 874 483 unius
897 411 1068 482 essentiae
1090 431 1164 483 esee
1187 410 1280 482 huno
1295 426 1405 483 unum
1423 431 1547 481 verum

370 523 491 593 Deum.
516 520 799 609 Distinetionem,
824 542 893 589 non
916 543 1015 590 saeua
1037 541 1078 590 ae
1101 527 1222 612 postea
1242 518 1438 610 Dionysius
1461 517 1546 589 Ale·

370 629 563 701 xandrinus
585 652 694 720 agens
717 634 840 699 eontra
854 629 998 698 eandem
1013 629 1185 698 haeresim
1200 627 1548 718 Patripaeeianorum

371 738 568 827 (Athenas.
587 737 628 806 de
652 735 826 806 sententia
848 736 997 825 Dionys.
1013 760 1048 806 n.
1068 736 1101 806 9.
1120 740 1221 828 seq.),
1246 734 1466 827 Hippolytus
1488 759 1545 827 po·

369 846 544 919 tissimum
556 845 771 914 demonstrat
786 843 1036 914 considerando
1047 845 1201 914 Verbum
1213 843 1435 914 incarnatum
1445 842 1546 914 Chri·

370 959 475 1025 stum.
487 953 579 1022 Hine
601 958 721 1021 textus
744 975 860 1022 omues
876 974 897 1019 a
911 951 1095 1021 Noetianis
1106 952 1235 1022 allatos
1246 952 1291 1021 ad
1308 952 1545 1022 demonstran·

370 1063 450 1132 dam
472 1061 647 1153 unitatem
670 1059 788 1130 Patris
805 1066 841 1129 et
863 1059 963 1145 Filii,
983 1080 1085 1152 quem
1101 1060 1171 1151 ipsi
1194 1061 1388 1131 extendunt
1404 1060 1452 1130 ed
1468 1061 1555 1131 uui-⁶

369 1176 477 1241 tetem
511 1190 699 1260 personae,
736 1167 954 1259 Hippolytus
988 1167 1143 1258 explieat
1164 1168 1383 1259 respieiendo
1409 1168 1544 1239 Filium

369 1278 591 1349 incarnatum
605 1277 644 1344 in
655 1280 784 1344 nature
795 1274 959 1359 humane,
974 1280 1017 1346 ut
1028 1297 1066 1344 eo
1080 1275 1129 1345 sit
1139 1275 1335 1345 evidentior
1350 1275 1545 1366 porsoneh‘e

369 1384 550 1456 distinctio
572 1383 666 1453 inter
681 1384 822 1454 Patrem
845 1390 881 1453 et
904 1382 1047 1453 Filium.
1068 1381 1154 1452 Cum
1171 1382 1262 1453 enim
1285 1383 1344 1452 hie
1366 1383 1544 1455 Verbum-

369 1495 467 1565 homo
491 1516 563 1563 una
584 1493 634 1562 sit
656 1512 803 1582 persona
826 1497 863 1560 et
886 1515 964 1561 eum
987 1492 1072 1561 haee
1107 1513 1255 1583 persona
1288 1490 1471 1563 evidenter
1494 1492 1543 1563 di·

369 1603 573 1694 stinguatnr
595 1607 637 1673 ut
659 1601 776 1671 Filius
800 1600 1080 1670 missusaPatre
1096 1600 1257 1671 mittente
1270 1600 1333 1688 (l),
1347 1602 1542 1671 necessario

368 1709 440 1779 elie
462 1730 610 1800 persona
633 1708 739 1777 Peter
762 1712 799 1776 et
822 1707 895 1774 alie
917 1706 1071 1776 Verbum
1095 1706 1190 1776 aredi
1213 1706 1324 1776 debet.
1353 1706 1445 1776 Tum
1461 1730 1543 1779 vero

369 1818 556 1888 seeundum
579 1817 772 1886 doctrinam
787 1813 923 1884 Christi
944 1837 1013 1883 non
1036 1814 1152 1884 minus
1174 1819 1271 1885 serta
1285 1821 1341 1884 est
1363 1814 1543 1886 distinotie

368 1947 533 2017 personae
555 1924 682 1995 tertiae
706 1923 863 2014 Spiritus
886 1921 1019 1993 Sanoti.
1038 1921 1091 1992 Eo
1113 1927 1230 1992 tamen
1250 1923 1325 2014 ipso
1341 1924 1433 2016 qnod
1450 1925 1544 1995 Deus

369 2057 460 2104 nnus
483 2040 548 2119 est,
574 2038 615 2102 ut
637 2039 732 2102 reete
755 2032 931 2100 affirmant
952 2031 1058 2100 etiam
1080 2031 1256 2117 Noetieui,
1275 2030 1460 2103 distinctio
1476 2057 1545 2104 non

369 2147 423 2212 est
445 2140 483 2210 in
506 2140 636 2211 deitate
660 2163 721 2210 sen
738 2140 775 2210 in
791 2145 922 2210 natura
937 2160 1175 2230 personarum.
1196 2139 1375 2211 uNeeesse
1391 2162 1477 2232 ergo
1493 2147 1544 2213 est

369 2256 410 2321 ut
432 2249 591 2342 quamvis
614 2250 735 2318 nolens
751 2248 962 2319 confiteatur
978 2247 1140 2335 (Neetns)
1155 2248 1295 2317 Patrem
1309 2248 1422 2318 Deum
1438 2250 1544 2320 omui·

367 2363 554 2449 potentem,
580 2363 616 2428 et
639 2356 818 2427 Christum
840 2356 959 2425 Iesum
993 2355 1125 2426 Filium
1147 2356 1216 2427 Dei
1236 2356 1348 2426 Deum
1370 2356 1544 2429 hominem

368 2469 522 2553 fautum,
549 2467 607 2537 eui
629 2466 734 2536 Pater
770 2465 884 2534 omnia
906 2465 1068 2536 ·subieeit
1089 2470 1230 2556 praeter
1253 2488 1290 2535 se
1312 2471 1349 2535 et
1371 2465 1543 2557 Spiritum

368 2576 547 2662 Senatum,
573 2584 610 2647 et
633 2576 683 2645 sie
706 2574 770 2644 hoe
792 2596 867 2646 esse
890 2573 974 2645 tria.
994 2573 1096 2657 Quod
1112 2574 1143 2643 si
1158 2574 1240 2645 vult
1256 2574 1357 2661 seire,
1376 2577 1543 2667 quomodo

369 2706 459 2754 unus
490 2684 585 2754 Deus
608 2684 876 2769 demonstretur,
902 2683 992 2753 seiat
1020 2704 1124 2751 unam
1147 2704 1221 2752 esse
1244 2682 1350 2752 huius
1374 2683 1543 2755 virtutem

368 2791 591 2880 (essentiam,
617 2790 659 2856 ὁτι
674 2814 728 2878 μα
753 2785 874 2877 derepit
893 2783 1023 2880 τουτου).
1049 2790 1099 2860 Et
1126 2796 1295 2884 quantum
1326 2792 1468 2884 quidem
1499 2793 1542 2863 ad

369 2899 559 2983 virtutem,
597 2921 687 2968 unus
710 2905 765 2968 est
786 2899 904 2987 Deus;
943 2904 1112 2991 quantum
1135 2922 1218 2969 vero
1242 2899 1286 2969 ad
1310 2901 1541 2971 oeeonomiam

368 3007 426 3093 (ad
450 3005 622 3095 originem
644 3011 680 3074 et
702 3006 962 3076 distinctionem
985 3006 1091 3075 unius
1107 3028 1273 3098 personae
1296 3008 1340 3076 eb
1362 3008 1536 3080 alteraet.

369 3112 518 3182 Tertull.
539 3118 649 3181 eontr.
664 3113 768 3184 Prax.
785 3136 815 3183 e.
831 3114 897 3201 3),
923 3113 1020 3182 trina
1043 3119 1099 3183 est
1121 3114 1271 3184 ostensio
1294 3115 1438 3204 (aedem
1462 3117 1544 3187 vir-

368 3225 427 3290 tus
438 3220 476 3289 in
488 3221 603 3290 tribus
619 3227 685 3307 est,
700 3227 736 3291 et
754 3223 853 3291 nobis
869 3245 943 3292 sese
959 3222 1188 3310 manifestat).
1208 3223 1303 3294 Haee
1323 3222 1449 3313 igitur,
1472 3227 1545 3296 ira·

367 3336 451 3414 tres,
464 3329 748 3400 demonstrantur
764 3332 896 3400 anobis
912 3338 1140 3401 consonanter
1153 3331 1259 3420 dioto,
1275 3355 1366 3402 unus
1382 3338 1437 3402 est
1450 3335 1545 3404 enim

366 3437 460 3506 Deus
473 3462 490 3500 o
508 3436 649 3528 Hippol.
667 3444 777 3508 eontr.
793 3438 895 3508 Noet.
910 3463 946 3508 n.
961 3440 983 3506 8
999 3438 1242 3527 (Galland..II.
1257 3464 1292 3530 p.
1306 3440 1402 3527 459).
1420 3443 1545 3514 «Deua

367 3542 461 3613 solus
484 3567 562 3615 oum
584 3551 677 3614 esset
700 3544 792 3614 nihil
816 3546 947 3614 habens
964 3546 1032 3616 sibi
1048 3568 1224 3634 coaevum,
1242 3547 1359 3618 voluit
1374 3549 1544 3621 muudum

366 3673 525 3723 ereare...
544 3653 658 3723 Verbo
682 3652 821 3746 quidem
837 3660 945 3742 creat,
965 3654 1145 3747 Sapientia
1163 3677 1245 3726 vero
1261 3662 1407 3727 ornat...
1420 3657 1544 3754 Atque

438 3795 480 3871 (1)
502 3800 569 3852 «Ex
587 3800 699 3867 Spiritu
721 3801 824 3855 Sancto
847 3804 877 3854 et
899 3818 933 3855 ex
953 3803 1074 3869 Virgine
1096 3807 1159 3858 eret
1176 3803 1229 3858 hee
1240 3804 1374 3873 Verbum,
1401 3807 1544 3863 exhibens

367 3890 424 3943 Deo
443 3886 587 3960 (quemvis
608 3891 640 3941 iu
662 3890 771 3958 duplici
792 3893 896 3945 natura
920 3892 1021 3945 divine
1043 3895 1072 3945 et
1094 3888 1542 3963 humana)1·¹iliumunieum....

366 3978 461 4044 igitur
472 3992 538 4031 earo
551 3976 584 4050 (i.
598 3993 623 4031 e.
635 3972 738 4048 homo),
754 3993 836 4046 quae,
850 3995 885 4032 ex
896 3979 1008 4047 Spiritu
1022 3980 1123 4036 Saneto
1136 3986 1167 4036 et
1179 3982 1311 4050 Virgine,
1323 3984 1404 4038 Petri
1416 4001 1436 4039 a
1449 3987 1545 4044 Verbo

367 4066 464 4120 Patris
475 4067 506 4119 iu
521 4066 688 4120 seerifloium
701 4068 798 4124 oblata
811 4073 865 4136 eat,
888 4068 1101 4124 demonstretur
1112 4071 1255 4138 perfeetus
1266 4072 1362 4127 Filius
1376 4074 1440 4130 Dei.
1452 4076 1545 4132 Meui-

366 4155 471 4210 iestum
490 4156 583 4222 igitur
607 4161 666 4224 est,
687 4157 762 4226 quod
781 4159 844 4226 ipse
866 4175 896 4212 se
923 4161 1031 4215 obtulit
1044 4162 1135 4215 Patri.
1153 4159 1246 4215 Antea
1268 4177 1409 4218 veronen
1433 4169 1542 4223 eratin

366 4246 442 4300 eaelo
461 4261 536 4300 earo.
550 4247 619 4312 Quis
639 4264 705 4315 ergo
728 4253 790 4302 eret
809 4250 840 4302 in
863 4251 948 4317 eoelo,
972 4251 1031 4304 nisi
1048 4252 1171 4305 Verbum
1185 4252 1247 4305 sine
1266 4268 1362 4322 earne,
1385 4257 1462 4323 quod
1475 4259 1544 4312 mie·

367 4351 429 4390 eum
447 4338 511 4404 est,
531 4339 564 4392 ut
587 4337 751 4392 ostenderet
773 4339 891 4393 eundem
911 4338 961 4406 qui
977 4342 1022 4393 est
1039 4341 1070 4393 in
1094 4344 1189 4408 terre,
1213 4357 1274 4398 asse
1297 4342 1329 4396 in
1352 4346 1453 4401 eoelo't
1474 4348 1543 4403 Ver·

366 4425 431 4478 bum
451 4426 528 4480 eninr
546 4429 628 4495 eret,
649 4429 773 4496 spiritus
795 4431 876 4496 eret,
899 4427 1002 4483 Virtus
1024 4434 1121 4482 eret.»
1144 4429 1260 4499 Hippot.
1274 4429 1354 4486 ibin.
1366 4433 1394 4487 4.
