3172 4950
705 331 744 346 ..
765 298 826 360 358
847 329 885 345 -

209 406 417 497 dupliciter3
445 404 612 474 videlicet
635 403 692 473 vel
715 405 897 496 quaeritur
921 402 963 471 de
985 423 1024 471 re
1047 400 1139 492 ipsa,
1158 401 1347 488 utiuseest,

209 523 378 607 quantum
401 534 423 579 a
445 512 545 581 nobis
568 511 724 601 intelligi
748 519 873 601 potest,
900 510 957 579 vel
980 510 1022 579 de
1050 509 1173 578 ordine
1203 509 1288 578 inter
1310 533 1349 580 uo

209 621 321 690 tiones
345 619 444 689 velut
466 619 648 710 partiales,
675 620 802 711 quibus
824 642 886 686 nos
910 617 1008 686 modo
1032 625 1153 687 nostro
1180 617 1350 707 imperfecto

208 729 350 797 eandem
373 752 444 797 rem
468 752 529 818 per
553 727 769 817 multiplices
791 726 1038 796 distinctiones
1054 726 1242 794 secundum
1262 724 1349 793 analo

208 832 302 927 giam
325 860 366 905 ex
390 836 563 904 creaturis
586 834 781 902 derivatam
803 855 986 925 possumus
1008 833 1202 922 concipere.

276 944 306 1011 1·
330 943 525 1013 Secundum
549 938 699 1033 priorem
729 942 827 1010 illam
851 941 1188 1024 considerationem,
1213 939 1351 1009 facillima

208 1052 449 1142 intelligitur,
475 1051 608 1119 nullam
639 1073 712 1119 csse
742 1051 961 1140 prioritatem
992 1072 1034 1119 ne
1062 1047 1214 1118 rationis
1242 1048 1351 1140 quiden

207 1161 302 1230 inter
317 1169 433 1229 actum
450 1159 658 1228 rationalem
674 1165 710 1227 et
726 1159 972 1248 proprietatem
984 1158 1213 1250 personalem.
1226 1158 1352 1227 Aetna

207 1270 335 1360 qnippe
358 1268 537 1356 generatio
560 1268 680 1335 act-iva
702 1274 739 1334 et
764 1266 983 1357 paternitas,
1008 1266 1185 1335 nativitas
1210 1266 1289 1336 item
1310 1282 1352 1334 set

207 1384 349 1444 aeterna
372 1377 545 1465 processio
569 1398 629 1464 per
660 1373 918 1463 generationem
940 1380 978 1442 et
1002 1374 1155 1459 filiatio,
1185 1397 1226 1444 ac
1254 1392 1352 1442 rursu

207 1492 351 1552 aeterna
374 1485 546 1574 processio
569 1506 629 1574 per
653 1482 878 1570 spirationem
901 1490 939 1552 et
960 1486 1132 1571 spiratum
1149 1507 1216 1549 eoae
1237 1503 1258 1549 a
1279 1488 1352 1570 parts

207 1590 259 1657 rei
282 1598 367 1658 sunt
390 1591 526 1658 omnino
550 1590 640 1658 idem
662 1591 791 1680 absque
815 1588 890 1656 ulla
913 1588 1137 1658 distinctione
1169 1597 1272 1680 atque
1298 1587 1351 1655 ido

206 1699 336 1790 absque
361 1698 436 1766 ulla
458 1697 655 1788 prioritate.
674 1697 845 1765 Constant
867 1695 952 1765 baec
975 1719 1017 1764 ex
1038 1696 1147 1765 dictis
1171 1696 1209 1764 in
1229 1691 1350 1764 thesidc

208 1805 392 1874 identitate
415 1805 566 1894 originis
588 1812 624 1874 et
646 1805 829 1875 relationis
852 1803 1007 1874 divinae.

273 1912 485 1982 Nominatim
503 1914 547 1981 ad
563 1912 709 2003 primam
726 1934 905 2003 personam
920 1911 1011 2005 quod
1023 1912 1166 1996 attinet,
1177 1912 1219 1980 de
1231 1929 1350 2004 quant·

207 2019 260 2086 ior
277 2019 368 2087 solet
383 2041 456 2088 esse
473 2019 673 2103 difficultas,
691 2043 759 2087 nou
782 2019 882 2108 prius
904 2018 1040 2086 ratione
1055 2018 1163 2087 Pater
1178 2026 1242 2101 est,
1250 2028 1284 2087 et
1295 2036 1349 2106 prt-

206 2126 287 2195 inde
304 2126 408 2194 etiam
425 2150 492 2194 non
509 2127 607 2217 prius
619 2126 755 2195 ratione
772 2148 917 2216 persona
933 2126 1141 2210 constituta,
1156 2147 1243 2217 quae
1256 2120 1349 2193 deirb

207 2236 244 2303 in
275 2236 377 2323 signo
411 2236 597 2325 posteriori
632 2243 791 2324 generet;
826 2236 1058 2304 constituitur
1088 2235 1181 2304 enim
1212 2234 1305 2302 Pater
1324 2235 1349 2297 ct

204 2342 351 2433 proinde
375 2365 520 2432 persona
537 2366 598 2432 per
614 2343 726 2434 ipsum
743 2350 922 2412 aeternum
945 2343 1180 2412 necessarium
1195 2348 1302 2411 cotun
1313 2357 1348 2405 ro

206 2448 357 2517 latirum
386 2450 648 2539 generationis,
675 2474 735 2521 seu
760 2450 929 2542 loquendo
960 2450 1075 2519 adhuc
1106 2448 1260 2539 pressius
1285 2447 1349 2536 ipat

207 2565 277 2626 met
302 2559 517 2627 necessarius
540 2559 599 2628 hic
622 2566 722 2627 actus
746 2557 1004 2642 substantialis,
1022 2556 1217 2626 intellectio
1239 2557 1349 2646 inquan

206 2666 453 2734 substantialis
475 2689 518 2735 ex
541 2666 734 2735 intrinseca
758 2688 822 2735 sua
844 2675 974 2735 natura
997 2665 1227 2734 aeternaliter
1255 2659 1350 2756 prodr·

202 2796 288 2842 cens
304 2781 340 2843 et
351 2774 560 2863 productum
576 2774 706 2844 habens
721 2773 874 2843 Verbum
891 2774 1093 2856 immanens,
1112 2772 1259 2863 ipsamet
1272 2771 1351 2839 Patet

206 2890 273 2949 est.
288 2883 451 2972 Adeoque
475 2881 579 2949 etiam
595 2881 751 2950 vicissim
774 2904 843 2949 non
865 2881 963 2971 prius
979 2882 1116 2950 ratione
1131 2888 1187 2950 est
1201 2870 1351 2969 gerento

207 2995 243 3056 et
266 2988 390 3057 deinde
414 2989 450 3055 in
474 2988 574 3079 signo
596 2988 780 3078 posteriori
810 2989 1022 3079 paternitas;
1049 2987 1123 3078 ipsa
1147 2989 1237 3056 enim
1258 2985 1348 3061 Pater,

208 3097 273 3164 sub
297 3096 436 3164 formali
459 3098 595 3165 rationo
619 3103 659 3164 nt
681 3097 786 3165 Pater
809 3102 846 3165 et
869 3095 953 3166 haec
975 3117 1123 3186 persona
1138 3101 1204 3178 est,
1222 3092 1348 3183 genam,

208 3210 245 3270 et
257 3227 327 3291 -per
351 3207 443 3272 hunc
467 3203 580 3292 ipsum
603 3211 781 3272 aeternum
805 3204 1037 3271 necessarium
1058 3208 1177 3270 actum
1192 3198 1352 3269 relativo·

209 3309 445 3397 generationis
467 3319 522 3379 est
543 3333 690 3400 persona
720 3311 892 3379 distincta
920 3331 961 3379 ac
990 3308 1224 3378 determinata
1245 3300 1352 3375 scilicet

208 3416 333 3505 Pater;
352 3440 419 3486 non
435 3428 550 3488 autem
567 3420 682 3488 nescio
697 3441 783 3510 quae
797 3439 942 3508 persona
958 3417 1229 3486 indeterminata
1242 3426 1350 3504 praeut·

209 3525 274 3610 dit,
289 3549 376 3616 quae
393 3534 474 3595 actu
487 3527 723 3615 generationis
740 3525 862 3594 deinde
879 3524 1115 3594 constituatur
1128 3523 1232 3590 Pater
1242 3527 1276 3589 et
1288 3517 1351 3585 tra

208 3655 355 3722 persona
377 3634 618 3701 determinata.
633 3632 730 3701 Aliis
754 3632 872 3701 uerbis
895 3632 985 3699 idem
1000 3630 1090 3698 dicit
1111 3629 1264 3699 Didacus
1282 3618 1351 3693 aaa

208 3740 314 3829 (disp.
328 3741 383 3812 91.
400 3749 484 3810 sect.
500 3743 533 3809 2.
552 3766 588 3809 n.
603 3743 651 3825 lt:
671 3772 686 3804 u
700 3741 897 3830 paternitas
913 3749 948 3807 et
961 3737 1142 3828 generatio
1158 3737 1218 3803 snb
1230 3736 1352 3825 pleros

210 3849 373 3936 explicito
398 3866 557 3940 conceptu·
580 3849 684 3918 simul
702 3857 797 3934 suut,
812 3849 864 3917 ita
882 3854 921 3915 ut
943 3853 1069 3916 neutra
1089 3844 1202 3933 possit
1223 3830 1352 3924 intelligi

208 3954 309 4046 quasi
334 3957 428 4044 prior
445 3957 579 4025 ratione
596 3979 697 4048 quam
715 3956 840 4023 altera.
866 3954 961 4023 Idem
979 3951 1140 4040 intellige
1156 3951 1198 4020 de
1209 3946 1350 4017 filiatione

208 4074 495 4150 comparatacum
507 4063 756 4148 nativitate,et
764 4062 805 4130 de
817 4063 986 4131 relatione
995 4058 1155 4149 Spiritus
1163 4057 1361 4127 &nonna-2

208 4178 333 4259 parata
349 4194 423 4240 cum
443 4194 506 4239 sua
522 4172 657 4260 origine
673 4172 825 4262 passiva,
842 4171 1007 4240 videlicet
1021 4192 1101 4238 cum
1115 4166 1320 4260 processione
1327 4182 1354 4225 ιι

274 4277 464 4346 Dummodo
480 4278 548 4346 rite
566 4300 647 4368 prae
664 4279 774 4347 oculis
791 4278 961 4347 habeatur
973 4275 1153 4345 declarata
1168 4273 1275 4343 realis
1283 4268 1354 4338 ilat·

207 4384 295 4455 titas
317 4393 418 4456 actus
434 4386 623 4456 nationalis
646 4410 707 4456 seu
731 4385 881 4476 originis
903 4408 982 4456 cum
1003 4382 1176 4454 relatione
1193 4369 1355 4474 persomllo
