3172 4950
555 300 716 379 ..294

10 398 13 483 i
74 429 222 496 onmes
234 422 459 514 designantia
474 423 705 493 substantiam
722 447 752 495 e.
772 449 809 516 g.
824 424 965 511 animal,
984 424 1097 509 homo,
1109 418 1217 514 ange-

71 534 120 618 lus,
134 533 224 602 Deus
239 530 445 621 significant
466 532 597 601 direote
612 538 776 601 naturam
792 538 829 603 et
845 532 1096 622 adsignifioant
1111 533 1216 603 ratio-

69 663 125 710 ren
135 639 373 730 hypostaseos,
387 661 455 707 non
466 638 685 729 hypostasim
706 640 795 710 hano
807 640 866 711 vel
877 639 977 710 illam
988 640 1217 712 determinate

68 748 394 818 eedindeterminate.
412 747 493 816 Ideo
505 771 567 838 per
582 747 820 839 praedicatum
831 747 990 818 additum
1002 753 1148 839 possunt
1159 749 1215 818 de·

66 855 238 940 terminari,
251 861 294 924 ut
309 860 506 946 supponant
520 878 583 947 pro
600 855 785 946 hypostasi
801 877 871 925 una
890 856 1131 926 determinata.
1149 856 1215 926 De·

66 962 146 1054 nique
156 967 310 1047 notetur,
320 961 520 1031 huiusmodi
531 962 670 1031 nomina
681 967 828 1031 naturae
840 962 878 1030 in
895 966 1066 1047 concreto,
1078 963 1215 1055 quando

65 1069 291 1158 praedioantur
303 1070 345 1138 de
360 1067 527 1154 subiecto,
546 1068 583 1138 h.
594 1091 623 1137 e.
644 1068 781 1160 quando
797 1067 843 1137 iis
858 1069 1121 1138 enuntiaturde
1137 1070 1215 1138 sub·

65 1175 133 1246 ieeto
154 1176 242 1269 qaid
264 1178 325 1259 eit,
350 1198 483 1266 semper
504 1190 597 1243 stare
614 1176 832 1264 formaliter,
857 1177 1057 1266 significare
1080 1176 1217 1247 scilieet

65 1285 143 1355 euius
163 1287 297 1355 formae
311 1291 348 1355 et
362 1289 510 1353 naturae
526 1284 575 1353 sit
591 1283 798 1354 subieotum.
815 1284 1009 1354 Disorimen
1025 1289 1142 1353 autem
1158 1284 1216 1354 hio

64 1502 292 1592 nultiplioata,
311 1522 352 1571 aa
371 1499 508 1592 quando
524 1521 595 1567 una
608 1522 749 1568 numero
773 1506 828 1569 est
849 1504 978 1569 natura
993 1504 1030 1568 et
1044 1496 1112 1569 non
1128 1499 1216 1568 mul·

65 1608 264 1700 tiplioabilis.
288 1609 332 1676 In
362 1607 473 1699 priori
501 1607 691 1698 hypothesi
714 1607 745 1675 si
766 1613 896 1677 natura
926 1607 1151 1698 praedicatur
1175 1608 1216 1677 de

65 1715 222 1787 detinetis
245 1715 426 1800 subiectis,
451 1715 690 1806 praedieatum
713 1714 820 1784 etiam
842 1715 1005 1785 enuntiat
1023 1715 1130 1784 aliam
1153 1739 1216 1785 nu·

65 1845 137 1892 nero
147 1828 314 1892 naturam
325 1821 431 1901 nnius
445 1827 481 1890 et
495 1820 602 1889 eliam
624 1819 774 1890 alterius
796 1822 956 1910 subiecti;
975 1822 1012 1891 in
1028 1821 1217 1913 hypothesi

65 1951 127 1998 vero
148 1929 264 1998 altera
286 1928 510 2019 praedicatur
533 1927 575 1996 de
597 1926 758 2017 pluribus
781 1928 961 1998 distinctis
984 1951 1054 1997 una
1074 1952 1216 2000 numero

64 2042 181 2106 natura.
206 2035 313 2105 Caius
335 2041 390 2106 est
412 2034 512 2104 homo
536 2039 572 2104 et
590 2034 709 2104 Titius
732 2035 913 2122 esthemo,
932 2037 992 2106 sed
1007 2037 1101 2106 alius
1116 2036 1216 2106 homo

64 2141 148 2213 uim
169 2148 206 2214 et
228 2142 323 2212 alius
345 2141 445 2210 homo
462 2140 592 2212 Titius.
611 2143 664 2208 At
678 2142 784 2211 Pater
799 2148 853 2212 est
868 2142 962 2211 Deus
977 2148 1013 2212 et
1028 2142 1145 2213 Filius
1162 2149 1217 2213 est

64 2249 148 2336 Deus,
171 2274 241 2321 non
263 2250 359 2319 Deus
381 2248 475 2319 alius
498 2255 534 2318 et
558 2248 651 2319 alius
674 2250 734 2319 sed
757 2271 848 2319 unus
871 2250 1019 2320 omnino.

110 2360 162 2428 lix
184 2359 243 2429 his
265 2357 451 2449 principiis
480 2357 551 2426 iam
573 2362 695 2448 patet,
723 2358 890 2450 quomodo
914 2381 1036 2429 nomen
1064 2359 1156 2427 Deus
1178 2360 1216 2429 in

63 2473 189 2560 utroque
212 2465 336 2551 ineiso,
362 2464 495 2557 dequo
518 2464 667 2554 agimus,
693 2463 836 2535 eandem
859 2465 1011 2536 retineat
1032 2469 1217 2557 eipaifieu-

63 2577 178 2658 timeo,
202 2575 288 2646 lieet
309 2597 378 2643 non
401 2588 572 2664 supponat
588 2573 762 2666 utrimque
779 2596 840 2665 pro
861 2575 979 2645 eadam
996 2597 1155 2667 persona.
1174 2578 1216 2646 In

60 2683 150 2772 priori
165 2682 279 2752 inciso
298 2681 482 2750 «Verbum
498 2684 575 2750 erat
590 2680 685 2771 opud
703 2682 820 2764 Deum,
837 2709 853 2745 n
871 2705 995 2751 nomen
1011 2683 1102 2750 Deus
1118 2706 1216 2756 suam

59 2789 145 2861 habet
167 2788 460 2880 significationem
483 2794 631 2858 naturae
642 2788 787 2859 divinae
802 2789 1037 2876 subsistentis,
1056 2792 1215 2862 determi-

58 2905 146 2970 natur
167 2903 287 2967 antem
309 2896 354 2965 ad
378 2895 636 2987 supponendum
652 2919 713 2986 pro
728 2897 834 2967 Patre
849 2920 911 2988 per
928 2899 1148 2969 enuntiatam
1163 2923 1216 2969 re·

57 3003 205 3076 lationem
227 3010 265 3075 et
285 3002 546 3074 distinctionem
561 3003 655 3072 inter
678 3003 792 3094 ipsum
809 3003 903 3095 apud
927 3029 1024 3097 qoem
1039 3015 1117 3076 erat
1131 3007 1216 3076 Ver·

58 3114 131 3201 bum,
149 3120 187 3185 et
201 3114 296 3183 inter
318 3112 483 3183 Verbum.
508 3110 552 3179 In
569 3109 682 3180 altero
709 3112 820 3182 ineiso
839 3118 906 3182 aet
930 3113 1024 3183 Deus
1039 3119 1117 3184 erat
1132 3116 1218 3185 Ver·

58 3221 133 3309 bum,
149 3250 165 3286 n
183 3220 425 3312 praedicatum
440 3218 531 3286 Deus
553 3218 644 3288 idem
667 3219 804 3288 omnino
822 3220 1002 3310 signifieat
1024 3227 1061 3291 at
1076 3222 1214 3314 quidem

57 3327 130 3400 idem
151 3352 306 3414 numero,
331 3334 493 3397 naturam
517 3325 653 3395 scilieet
675 3326 832 3395 divinam
856 3328 1112 3415 subsistentem,
1127 3352 1216 3422 quae

57 3458 111 3506 non
140 3444 198 3507 eet
229 3434 359 3525 duplex
393 3432 453 3502 sed
486 3454 628 3501 numero
663 3454 756 3520 una,
790 3456 900 3526 neque
936 3435 1041 3506 Pater
1072 3442 1108 3506 et
1130 3437 1216 3508 Var-

58 3544 123 3615 bum
148 3551 204 3617 eet
236 3543 329 3613 alius
359 3547 396 3613 et
424 3541 518 3611 alius
539 3540 633 3609 Deus
656 3542 716 3612 sed
747 3565 839 3612 unus
871 3542 1031 3632 omnino,
1062 3549 1217 3616 attamen

58 3653 134 3724 siout
154 3655 193 3723 in
215 3651 327 3744 priori
344 3649 456 3721 ineiso
472 3648 637 3739 supponit
653 3672 716 3740 pro
729 3671 877 3741 persona
892 3650 1022 3737 Patris,
1041 3651 1094 3721 ita
1111 3652 1148 3721 in
1164 3653 1216 3722 in·

59 3760 116 3829 eiso
134 3761 199 3832 hoe
220 3761 334 3832 altero
357 3760 399 3829 de
422 3779 567 3850 persona
583 3757 656 3826 alia
673 3758 809 3829 seilicet
824 3757 994 3840 deVerbo
1011 3761 1127 3848 (iuxta
1147 3783 1216 3829 mo·

60 3865 124 3936 dnm
145 3868 368 3960 significandi
389 3867 568 3958 proprium
591 3866 821 3955 praedicatis)
845 3867 1030 3953 enuntiat,
1058 3867 1143 3960 quid
1168 3867 1216 3937 sit

61 3978 275 4048 essentialiter
304 3972 349 4063 (το
362 3997 390 4041 τι
402 3971 437 4044 ἠν
451 3971 539 4067 ierat)
565 3974 627 4061 (l).

116 4173 154 4249 (1)
167 4175 292 4231 dorma
310 4176 475 4244 eipsrifieoto
494 4192 546 4246 per
565 4177 616 4231 hoe
636 4191 736 4229 nomen
750 4177 833 4240 Deae,
847 4175 960 4230 seilicet
976 4174 1103 4229 essentia
1115 4175 1218 4230 divina

64 4264 97 4313 ert
112 4277 163 4318 una
181 4268 211 4319 at
230 4266 386 4319 eommunis
410 4266 562 4321 seeundum
582 4280 651 4320 rem.
673 4263 753 4319 Unde
774 4279 824 4333 per
844 4279 874 4317 se
896 4265 1033 4332 supponit
1046 4280 1097 4332 pro
1112 4268 1217 4318 natura

64 4354 199 4421 annum,
222 4353 272 4408 aed
294 4368 330 4408 ex
355 4353 489 4409 adiuncto
515 4354 725 4409 determinatur
746 4353 808 4406 elus
830 4354 985 4419 suppositio
1011 4352 1047 4406 ad
1067 4368 1217 4422 personam

65 4435 141 4508 (aran
159 4440 407 4517 determinatam);
430 4445 505 4500 unde
531 4461 593 4501 eum
616 4443 723 4499 dieitur
745 4445 820 4499 Deus
843 4448 981 4511 generat,
1002 4443 1113 4497 ratione
1136 4444 1217 4496 aetus
