3180 4944
717 285 897 347 ‚nsq-

689 459 843 530 CAPUT
866 460 918 531 11.

453 610 498 656 DE
515 608 626 654 EAM!
645 609 856 655 PROGEESIONE
874 609 1019 656 seimus
1035 610 1153 656 mim

566 698 757 744 naamam
775 700 809 744 nl
827 699 1033 746 maiores.

656 854 801 917 THESIS
821 856 955 919 XXXV.

408 978 647 1044 Demonstrctio
667 997 710 1042 co
729 981 853 1042 diserta
872 981 1024 1043 doctriua
1044 979 1196 1042 Petrum.

272 1151 287 1181 a
301 1133 441 1188 (tonstrua
463 1133 533 1187 tides
554 1135 583 1186 et
605 1133 781 1201 praedicatio
799 1134 988 1201 antiquitatis
1014 1133 1190 1189 christianae
1214 1132 1350 1202 <leprose

219 1222 328 1275 ssione
345 1222 472 1290 spiritua
490 1222 588 1278 Sancti
603 1240 620 1276 a
637 1223 724 1276 Patre
743 1227 772 1276 et
790 1223 866 1276 Pilio
886 1227 1030 1291 umquam
1050 1223 1086 1276 ab
1106 1238 1162 1276 uuo
1182 1221 1350 1291 principioie

219 1330 234 1360 s
248 1315 424 1365 monstretur
441 1325 476 1365 ex
496 1311 605 1365 &serta
624 1311 755 1365 doctrina
768 1317 797 1365 et
810 1312 949 1366 catholico
962 1311 1113 1366 intellectu
1133 1310 1183 1366 SS.
1193 1311 1301 1366 Petrum
1310 1315 1351 1365 tu

219 1420 234 1450 e
248 1400 465 1455 occidentalium
484 1404 544 1453 tum
564 1401 747 1454 orientalium
762 1421 787 1453 ι.

283 1565 400 1658 Usque
416 1565 461 1635 ad
476 1566 625 1636 medinm
649 1566 825 1636 saeculum
841 1565 894 1636 IV
909 1565 1120 1657 oppugnatio
1136 1588 1178 1637 ex
1195 1570 1288 1657 purte
1298 1564 1353 1633 hae

217 1673 405 1744 reticornm
427 1679 463 1742 et
484 1679 665 1765 propterea
686 1673 792 1743 etiam
807 1672 974 1758 defensio,
992 1672 1189 1742 industrior
1203 1670 1352 1763 expositio,

218 1787 254 1849 et
277 1779 466 1850 instantior
488 1780 701 1871 praedicatio
724 1778 901 1850 Ecclesiae
928 1779 1121 1851 catholicae
1143 1779 1237 1849 circa
1256 1784 1354 1868 mysta-

217 1884 311 1954 rium
334 1885 398 1955 SS.
418 1886 606 1955 Trinitatis
630 1887 682 1956 ita
704 1886 921 1972 habebatur,
947 1892 989 1955 ut
1010 1886 1083 1954 fere
1105 1885 1267 1954 restricta
1285 1882 1353 1954 vide

217 1999 316 2061 retur
339 1992 384 2062 ad
406 2015 584 2081 personam
606 1993 724 2062 Patris
746 1998 782 2062 et
803 1993 909 2080 Filii3
935 1994 977 2061 de
1000 2013 1147 2083 persona
1172 1998 1283 2061 autem
1301 1988 1353 2080 Sp'·

217 2098 311 2167 ritus
335 2097 455 2166 Sancti
478 2097 625 2190 simplex
648 2099 733 2168 fides
756 2099 941 2168 secundum
963 2099 1157 2168 doctrinam
1182 2098 1351 2187 Scripturas

217 2210 253 2272 et
274 2203 477 2273 traditionis
510 2204 719 2294 apostolicae
741 2204 779 2272 in
801 2203 960 2274 Ecclesia
989 2204 1163 2273 obtineret
1184 2204 1303 2295 absque
1318 2200 1351 2270 di·

217 2317 313 2380 recta
335 2311 588 2396 controversia,
601 2316 636 2380 et
653 2312 728 2380 ideo
743 2311 848 2380 etiam
864 2312 992 2403 absque
1008 2310 1252 2380 subtilioribus
1271 2305 1352 2398 expli·

217 2418 425 2489 sationibus.
444 2419 613 2502 Quamvis
635 2419 725 2487 enim
748 2418 917 2489 haeretiei
943 2426 1140 2510 pugnantes
1163 2426 1280 2490 contra
1291 2417 1351 2486 Ver·

216 2526 298 2594 bum
320 2524 438 2593 Patris
460 2525 653 2595 necessaria
676 2525 920 2617 consequentia
939 2546 1054 2593 omnes
1069 2524 1177 2593 etiam
1193 2517 1351 2615 blaspheui

215 2637 331 2701 essent
352 2638 473 2701 eontra
488 2632 660 2722 Spiritum
680 2632 797 2701 Patris
819 2638 855 2700 et
876 2630 975 2718 Filii,
993 2631 1130 2703 directa
1143 2639 1259 2706 umen
1272 2636 1350 2700 etex·

215 2760 334 2827 pressa
357 2738 570 2829 oppugnatio
592 2760 633 2806 ac
656 2738 810 2807 defensio
842 2739 1048 2808 versabatur
1081 2738 1176 2807 circa
1206 2739 1348 2816 Verbum,

215 2850 392 2913 aeternum
415 2846 533 2913 Patris
555 2845 707 2932 Filium3
733 2866 936 2935 persuasum
949 2845 1040 2914 enim
1062 2851 1140 2945 erpt
1162 2852 1235 2918 tam
1261 2841 1349 2915 autho

214 2948 295 3019 licis
317 2950 514 3019 doctoribus
539 2973 640 3043 quam
663 2951 861 3037 haereticis,
887 2951 953 3020 fide
977 2950 1150 3021 catholica
1177 2953 1268 3022 circa
1289 2942 1349 3019 iili

214 3058 472 3127 distinctionem
494 3058 727 3147 personalem,
753 3059 1007 3147 generationem
1028 3081 1070 3128 ex
1093 3060 1287 3130 substantia
1304 3055 1349 3124 Pa·

212 3167 281 3234 tris
303 3172 338 3234 et
361 3166 760 3234 consubstantialitatem
790 3173 991 3257 expugnata
1013 3168 1059 3254 (si
1080 3168 1158 3237 fieri
1182 3165 1346 3258 potuisset),

213 3273 318 3341 simul
334 3274 533 3343 subversam
550 3294 623 3342 esse
636 3274 828 3344 universim
842 3280 952 3342 totam
963 3274 1157 3344 doctrinam
1170 3276 1211 3344 de
1223 3274 1281 3343 SS.
1293 3267 1347 3339 lti-

212 3379 327 3448 nitate
350 3384 386 3448 et
408 3380 589 3467 speciatim
624 3380 665 3449 da
697 3401 843 3470 persona
867 3381 1021 3472 Spiritus
1056 3381 1199 3469 Sancti,
1224 3375 1346 3452 vicissim

213 3508 295 3555 vero
318 3487 520 3555 confirmata
542 3487 609 3556 fide
632 3487 765 3556 tradita
789 3488 830 3557 de
853 3486 957 3558 Patre
979 3494 1015 3557 et
1040 3487 1134 3557 Filio
1165 3496 1274 3559 tutam
1295 3486 1345 3553 fou

211 3594 313 3664 fidem
335 3595 372 3662 in
396 3592 567 3683 Spiritum
598 3594 716 3662 Patris
739 3601 776 3663 et
797 3594 906 3681 Filii,
932 3594 989 3665 vel
1012 3602 1106 3663 certe
1129 3618 1173 3665 ex
1196 3586 1345 3688 principiis

210 3701 249 3769 in
271 3700 381 3791 priori
402 3700 641 3780 controversia
664 3701 858 3771 universali
889 3703 1110 3772 consensione
1133 3702 1293 3773 stabilitis
1308 3696 1343 3764 ft

210 3808 339 3877 cillime
362 3814 483 3877 eontra
505 3808 664 3876 haereses
687 3808 826 3877 defendi
848 3832 958 3898 posse.

275 3914 318 3980 In
341 3914 541 4002 symbolos
563 3913 729 3982 Patribus
751 3915 916 3984 Nicaenis
939 3915 1094 4005 opposito
1116 3915 1250 3987 haeresi
1268 3907 1342 3982 Arit-

208 4042 273 4090 naa
295 4027 374 4110 post
395 4018 596 4089 distinctam
619 4021 868 4109 expositionem
885 4020 1061 4092 doetrinae
1078 4021 1120 4092 de
1135 4024 1238 4092 Patre
1257 4025 1286 4090 et
1300 4009 1341 4081 li·

208 4126 257 4195 lio
281 4126 498 4196 subnectitur
514 4126 719 4216 simpliciter
741 4128 910 4216 professio
929 4127 1011 4197 fidei
1027 4128 1065 4198 in
1081 4129 1250 4220 Spiritum
1266 4126 1340 4195 Sant-

208 4242 284 4303 tum
311 4255 560 4320 απιστευομεν...
574 4258 624 4297 και
643 4229 683 4306 εἰς
700 4255 817 4319 πνευμα
835 4257 867 4297 το
885 4234 968 4324 ἄγων
982 4262 999 4297 n
1024 4223 1155 4327 absque
1176 4235 1246 4303 alia
1258 4223 1340 4300 dealt·

207 4342 353 4412 ratione.
372 4340 471 4410 Unde
494 4340 531 4409 S.
549 4339 705 4411 Basilius
727 4342 769 4411 de
792 4342 993 4412 definitione
1007 4342 1163 4414 Nicaena
1184 4342 1253 4412 ait:
1276 4328 1339 4401 «hit
