3172 4950
714 317 753 334 ..
775 285 834 351 183
854 319 893 336 ..
914 330 918 337 .

284 395 472 486 Enonsqus
495 414 613 464 eornm
635 394 894 484 argumentatio
916 392 1007 464 nihil
1029 392 1139 464 habet
1152 392 1385 483 diffioultatie3

217 503 278 576 sod
300 501 462 573 nonnulli
485 507 644 573 veterum
660 507 716 590 (ut
730 501 891 573 Iustinus
905 509 941 573 et
957 500 1223 588 Tertullianus)
1240 500 1385 572 ulterius

217 611 390 703 urgebant
411 609 621 696 missionem,
646 616 688 680 ut
710 610 857 702 respioit
877 610 1060 680 torminum
1082 608 1131 679 ad
1146 615 1265 695 extra,
1283 616 1320 680 et
1337 608 1383 680 vi·

216 719 344 790 dentur
366 718 403 789 in
426 725 527 790 aestu
549 718 802 811 disputationis
823 718 991 790 adversus
1012 716 1287 789 monarchianos
1301 717 1379 789 sus

216 848 322 913 mare,
347 849 386 897 eo
410 825 486 918 ipso
509 826 601 920 quod
623 827 730 897 Pater
744 850 813 896 non
829 832 945 919 potest
959 824 1067 910 mitti,
1081 824 1193 895 etiarn
1205 847 1277 895 non
1291 846 1377 918 possa

214 934 429 1030 personalem
452 935 692 1005 habitudinem
714 936 860 1007 induero
874 935 919 1006 ad
933 931 1119 1006 terminum
1134 933 1374 1019 extrinsecum,

156 1063 164 1076 ·
215 1041 300 1112 adeo
322 1047 375 1128 ut,
401 1042 433 1111 si
455 1042 560 1112 Pater
582 1041 621 1111 in
643 1042 718 1112 looo
741 1047 937 1134 appareret,
961 1040 1030 1110 iarn
1053 1039 1374 1133 eironmsoriptioet

215 1155 329 1219 motus
363 1148 487 1219 looelis
521 1149 661 1219 caderet
683 1149 720 1216 in
744 1148 856 1241 ipsam
889 1153 1050 1220 naturam
1083 1145 1271 1233 divinam,
1296 1142 1372 1239 qnod

214 1257 350 1327 nemine
373 1255 543 1326 diffitente
565 1254 746 1325 evidenter
773 1261 959 1347 repugnat.

281 1361 356 1435 Iam
379 1363 458 1434 aio:
486 1362 523 1431 in
546 1361 613 1431 hoo
647 1361 807 1431 dootrina
830 1365 865 1453 o)
899 1358 1088 1434 oertissinm
1116 1383 1187 1431 non
1211 1359 1369 1451 reperitur

213 1494 312 1546 error
334 1472 574 1544 distinotionis
596 1477 757 1557 naturae,
784 1472 845 1565 qui
868 1471 944 1542 illis
966 1469 1145 1541 veteribus
1161 1468 1269 1542 obiioi
1283 1468 1364 1557 solat

213 1601 293 1652 nam
315 1581 501 1652 disorimen
525 1581 616 1674 qnod
639 1579 755 1650 Filius
778 1586 904 1672 potest,
929 1580 1033 1650 Pater
1054 1600 1124 1648 non
1147 1584 1265 1670 potest
1279 1598 1365 1671 eppo

212 1711 290 1763 raro
311 1689 349 1760 in
371 1689 469 1775 loon,
495 1688 564 1780 ipsi
588 1712 656 1757 nou
680 1688 857 1760 deducunt
879 1710 922 1758 ex
946 1686 1154 1758 diversitate
1177 1694 1321 1757 naturae
1336 1689 1390 1756 et.

214 1797 471 1882 immensitatis,
498 1819 600 1891 qnam
623 1819 727 1866 unam
750 1797 787 1866 in
810 1797 916 1866 Patre
938 1802 975 1866 et
996 1795 1033 1864 in
1055 1793 1149 1865 Filio
1165 1792 1362 1888 apertissimo

213 1910 419 1999 agnoscunt,
445 1903 570 1974 sodex
595 1903 796 1975 oharnotere
819 1904 960 1974 diverso
982 1901 1170 1994 personali,
1197 1924 1265 1996 qno
1281 1901 1361 1971 itit

213 2014 318 2087 Pater
339 2036 407 2083 non
430 2012 541 2104 possit
563 2013 670 2098 mitti,
695 2013 813 2084 Filius
833 2013 945 2104 possit
961 2011 1056 2082 mitti
1070 2019 1108 2083 et
1122 2010 1241 2102 reipsa
1254 2011 1359 2081 mino

213 2122 274 2195 alt.
301 2121 334 2210 b)
356 2121 431 2191 Hoo
454 2120 640 2191 disorimen
662 2120 753 2214 quod
778 2121 891 2212 prima
914 2141 1061 2214 persone
1078 2142 1147 2190 non
1164 2126 1287 2212 potest,
1303 2138 1359 2210 μ·
1388 2162 1390 2167 -

213 2251 316 2302 sonae
338 2228 562 2319 prosedentos
586 2235 733 2318 possunt
754 2230 878 2312 mitti,
916 2227 1137 2298 verissimum
1160 2233 1227 2313 est,
1251 2226 1358 2319 dequo
1388 2244 1390 2257 ·

212 2358 274 2413 nos
303 2335 390 2406 alibi
421 2335 585 2405 dieamus.
611 2339 642 2421 o)
666 2335 705 2406 si
728 2335 770 2406 de
800 2337 894 2406 faoto
928 2335 1050 2427 agitur
1082 2330 1355 2429 apparitionisia

61 2502 73 2527 .
213 2466 334 2530 earne,
358 2442 445 2513 liaeo
467 2442 590 2537 ntique
613 2449 667 2514 est
689 2442 832 2536 propria
853 2443 947 2513 Filio
971 2443 1075 2514 misso
1097 2466 1166 2514 nou
1190 2437 1356 2515 eommunis
1388 2474 1390 2479 ·

212 2551 311 2628 Petri
334 2550 501 2639 mittenti;
526 2560 562 2622 et
583 2551 660 2621 ideo
692 2552 723 2620 si
746 2551 979 2643 theophaniae
1002 2552 1047 2622 V.
1068 2551 1110 2623 Τ.
1135 2552 1356 2644 oonoipiunn

211 2665 253 2733 nt
267 2656 481 2753 prolusiones
497 2657 542 2726 ad
557 2656 849 2744 Inoarnationem,
875 2656 965 2729 istae
988 2658 1095 2728 etiarn
1118 2682 1199 2729 oum
1214 2655 1356 2728 Patribus
1388 2654 1390 2660 '

211 2765 372 2864 plurimis
396 2765 470 2852 (th.
483 2764 557 2851 VI)
581 2766 781 2836 referendae
798 2772 883 2836 sunt
904 2766 949 2836 ad
965 2765 1111 2836 Filium.
1129 2764 1166 2852 d)
1181 2767 1259 2837 Non
1270 2763 1357 2834 solon

211 2874 253 2951 do
276 2877 371 2946 laeto
394 2880 543 2959 constat,
568 2875 629 2943 sed
652 2873 690 2943 in
714 2875 789 2965 ipso
813 2875 1015 2945 oharaotere
1030 2874 1209 2964 personali
1222 2865 1357 2945 monto

211 2983 464 3073 soioprneotine5
480 3005 542 3051 our
556 2982 674 3072 potius
696 2981 813 3052 Filius
836 3004 939 3075 qnam
964 2982 1070 3052 Pater
1093 2982 1357 3075 apparueritis

210 3088 400 3165 subiectam
423 3096 633 3175 ereaturam,
659 3089 701 3159 de
724 3111 794 3181 qua
827 3088 1059 3180 congruentis
1090 3089 1195 3181 paulo
1227 3081 1357 3160 antedi·

210 3200 336 3276 alnus.
364 3202 394 3284 a)
417 3196 673 3267 considerando
697 3198 940 3288 theophanius,
958 3196 1052 3266 utin
1067 3199 1245 3291 prapsenti
1263 3193 1359 3269 ordint

210 3306 326 3383 isotae
337 3308 431 3388 sunt,
447 3310 482 3374 et
493 3303 600 3372 huius
612 3303 745 3375 ordinis
758 3304 984 3375 intrinseoam
996 3305 1274 3395 congruentiam,
1290 3293 1359 3398 qnod

210 3413 316 3489 Pater
338 3411 458 3481 mittat
479 3419 517 3483 et
537 3411 655 3482 Filius
684 3412 868 3498 mittatur,
895 3411 1029 3482 vetusti
1051 3411 1108 3481 illi
1132 3412 1290 3484 dootouas
1310 3424 1361 3481 noo

208 3528 310 3599 orant
332 3520 477 3591 solliciti
500 3522 542 3594 de
565 3521 636 3590 alio
659 3520 780 3591 ordino
796 3520 968 3612 possibili,
987 3520 1030 3591 de
1045 3542 1113 3613 qno
1126 3521 1300 3593 revelatio
1311 3532 1361 3590 not

208 3628 377 3725 loquitur;
404 3629 464 3699 sed
488 3629 696 3721 simpliciter
713 3630 847 3714 dooent‚
866 3629 969 3698 iuxta
991 3628 1148 3698 ordinem
1163 3637 1364 3721 praesentem

207 3737 443 3833 apparitiones
465 3761 527 3832 per
551 3738 740 3809 anbieotam
765 3746 962 3809 ereaturam
984 3760 1059 3809 assa
1082 3737 1246 3830 proprias
1268 3755 1365 3831 psroo

208 3865 273 3921 nos
296 3843 443 3932 missae,
481 3868 569 3939 quae
592 3851 647 3915 est
668 3844 785 3917 Filius
819 3843 1066 3916 substantialia
1094 3842 1214 3937 imago
1235 3844 1366 3928 Patris,

207 3950 359 4047 adeoque
382 3951 496 4045 ipsum
514 3955 653 4023 Patrem
665 3976 733 4022 non
749 3975 849 4044 posse
877 3951 1070 4022 visibiliter
1097 3952 1370 4045 apparuerim

207 4056 283 4135 alos
306 4059 482 4152 apparitio
516 4084 584 4131 non
620 4066 712 4131 esset
733 4084 794 4153 per
822 4059 1063 4130 habitudinem
1097 4060 1317 4152 personalem
1336 4054 1373 4129 ad

208 4168 537 4253 simonianorum
560 4168 747 4238 terminum
770 4168 1016 4252 extrinseoum,
1035 4189 1123 4260 quae
1146 4168 1374 4239 habitudore·

207 4284 350 4351 ursam
372 4281 427 4346 est
446 4275 563 4364 Filio;
597 4297 681 4367 ergo
711 4276 818 4346 Pater
841 4282 1025 4370 appareret
1047 4275 1084 4345 in
1106 4283 1263 4369 tsmpore
1286 4273 1379 4350 etin

207 4379 321 4477 spatio
345 4383 532 4459 seonndum
556 4382 714 4456 divinam
736 4390 925 4472 naturam,
951 4383 1043 4481 qnod
1066 4383 1210 4457 divinae
1232 4383 1379 4458 eminam
