3172 4950
659 342 698 361 -
719 311 780 375 413
800 342 839 361 -
970 348 978 361 ·
1007 329 1013 339 ·

187 422 316 495 Verbum
338 418 560 511 exprimitur,
586 425 689 491 etex
712 415 936 510 consequenti
959 422 1168 505 creotnres;
1192 421 1337 513 etquis

187 535 347 603 ueeturue
376 528 565 599 secundum
598 526 688 619 qnod
715 526 754 597 in
776 526 847 595 Deo
870 533 976 611 suut,
1003 549 1110 595 unum
1133 535 1217 597 eunt
1239 533 1336 616 (une

187 636 313 709 ueeutiu
335 637 461 706 divino
482 635 670 705 imitebilis
693 636 737 703 ed
760 638 892 719 extre),
918 641 1160 704 creutnrnrum
1184 636 1335 705 omnium

187 752 336 821 eetuuum
348 745 526 815 Verbum»
541 745 591 833 (1)
604 744 644 813 S.
659 744 725 812 Th.
736 744 778 813 de
789 742 896 813 virit.
907 768 941 835 q.
951 743 987 810 4.
997 765 1030 810 e.
1043 744 1078 811 4.
1091 766 1185 833 corp.
1196 745 1285 814 etad
1298 748 1332 813 b.

232 852 480 925 Difficultstem
510 853 622 945 aliqui
653 851 811 921 sentiunt
841 851 1134 941 insuperabilem,
1167 853 1335 943 quomodo

187 961 298 1052 urcipi
319 956 434 1052 possit
455 960 609 1031 Verbum
631 960 814 1050 procedere
844 982 905 1050 per
927 959 1199 1029 intellectionem
1221 960 1335 1051 ipsine

186 1068 283 1154 Verbi,
308 1075 346 1139 et
366 1068 478 1137 multo
502 1069 615 1157 magis
639 1090 699 1157 per
721 1067 994 1137 intellectionem
1018 1067 1174 1156 Spiritus
1197 1068 1334 1155 Sancti,

187 1174 260 1267 quie,
282 1174 396 1259 siunt,
424 1175 523 1243 ineo
546 1175 649 1264 signo
671 1173 709 1242 in
732 1197 800 1265 quo
824 1174 1020 1264 coneipitur
1042 1174 1237 1244 intellectio
1258 1198 1334 1266 pro·

187 1282 293 1355 {ncne
326 1282 504 1367 Verbum,
528 1283 680 1351 nondum
710 1282 836 1353 existit
861 1282 1016 1351 Verbum
1046 1283 1198 1374 adeoque
1222 1282 1336 1352 solum

187 1388 320 1479 intelligi
341 1396 459 1481 posset
475 1397 516 1459 ut
532 1392 705 1476 futurum,
725 1413 794 1458 non
809 1396 925 1459 entem
949 1391 1147 1480 cognitione
1162 1390 1336 1461 intuitivu

187 1502 216 1567 o
231 1496 381 1567 existens
395 1520 404 1585 ;
430 1519 518 1589 quue
541 1498 619 1589 ipsu
641 1498 831 1567 difficultas
853 1498 941 1587 ipsis
955 1499 1071 1568 adhue
1087 1499 1196 1568 meior
1213 1504 1249 1568 et
1263 1499 1334 1568 evi-

187 1602 300 1677 dentior
333 1605 476 1677 videtur
506 1606 618 1698 quoad
650 1606 883 1696 cognitionem
907 1608 1064 1697 Spiritus
1087 1607 1232 1692 Sancti,
1258 1629 1336 1676 cum

187 1708 252 1785 ileo
271 1711 381 1783 tertie
402 1736 550 1804 persons
573 1715 622 1784 sit
644 1715 781 1804 origine
797 1716 969 1804 posterior
986 1717 1101 1785 Verbo
1124 1721 1244 1806 utpote
1258 1738 1334 1806 pro·

188 1820 287 1891 edens
301 1842 323 1888 a
337 1821 464 1889 Verbo.
482 1820 747 1911 Explicutionee
764 1820 871 1890 huius
886 1823 938 1891 roi
956 1823 1073 1912 plures
1088 1829 1126 1892 et
1139 1846 1207 1891 non
1220 1846 1336 1894 omnes

188 1928 416 1999 mutientes
432 1929 563 1997 duntur
578 1949 599 1995 s
614 1928 767 1999 diversis
789 1929 981 2020 theologis3
1009 1931 1068 2000 sed
1091 1936 1167 2000 totu
1189 1931 1336 2001 difficul-

188 2040 229 2107 es
245 2038 372 2107 nititur
395 2036 486 2105 fuleo
511 2038 568 2106 vel
590 2044 684 2107 certe
706 2038 811 2107 nimis
834 2038 1036 2129 imperfecto
1060 2048 1227 2130 conceptu
1238 2044 1336 2131 prio·

188 2144 225 2215 rie
241 2152 272 2217 et
288 2148 493 2236 posterioris
515 2144 553 2215 iu
576 2145 774 2236 originibus
797 2146 999 2215 divinarum
1022 2170 1269 2237 personarum,
1295 2157 1338 2220 ut

189 2258 262 2341 putet
281 2254 340 2325 vel
362 2276 405 2323 ex
420 2254 498 2344 ipen
513 2254 748 2343 propositione
764 2255 980 2342 obiectionis,
1000 2256 1060 2325 nbi
1083 2258 1277 2348 loquuntur
1293 2259 1336 2327 de
1402 2328 1405 2333 .

190 2356 277 2433 Verbo
298 2360 447 2429 nondum
469 2365 635 2431 existente
655 2369 692 2431 et
714 2363 756 2431 de
780 2364 893 2432 Verbo
915 2379 955 2429 ut
965 2365 1130 2451 futrero(
1117 2366 1224 2455 (apud
1248 2365 1336 2435 Vde·

190 2488 253 2559 pree
261 2468 351 2561 disp.
370 2468 448 2539 142.
465 2492 494 2538 c.
510 2471 543 2539 2.
561 2494 597 2539 n.
617 2470 650 2557 6,
666 2494 696 2539 o.
710 2472 745 2539 4.
760 2494 795 2539 n.
812 2470 880 2557 15).
900 2471 1119 2542 Correotione
1133 2494 1217 2629 ergo
1230 2472 1336 2543 huius

190 2583 350 2668 ereptus
366 2600 439 2647 rem
454 2578 629 2670 explicere
644 2584 791 2668 oportet.

234 2684 427 2757 Intellectio
449 2687 642 2777 producens
665 2686 819 2757 Verbum
841 2710 910 2755 non
933 2695 987 2757 est
1009 2689 1102 2758 ectio
1125 2689 1263 2780 proprie
1280 2690 1331 2759 di·

189 2794 334 2865 sterelnt
355 2797 538 2885 egrediens
560 2818 583 2863 u
605 2798 780 2887 potentie,
807 2798 867 2866 sed
890 2804 945 2867 est
966 2821 1077 2887 purus
1101 2805 1202 2868 ectus
1219 2819 1333 2868 neces-

188 2900 277 2971 enus
298 2911 463 2974 aeternus
486 2904 616 2973 hebens
639 2904 869 2974 intrinsecum
891 2905 1079 2974 terminum
1101 2906 1335 2977 necessarium

188 3014 363 3096 turnum,
397 3012 459 3104 qui
489 3017 544 3081 eet
565 3012 743 3100 Verbum;
769 3014 921 3106 adeoque
955 3013 1046 3082 illud
1073 3014 1260 3103 producere
1280 3022 1336 3084 eet

188 3122 340 3189 numum
364 3120 486 3187 babere
500 3135 579 3187 actu
597 3121 757 3209 completo
783 3124 963 3187 terminum
986 3124 1206 3189 intrinsecum
1228 3142 1334 3190 necee-

189 3228 302 3309 err'eee,
327 3232 383 3295 est
404 3234 549 3296 aeterne
569 3227 817 3296 substantiolis
840 3227 965 3296 relatio
983 3250 1071 3320 quse
1088 3229 1163 3298 eine
1185 3250 1249 3297 suo
1263 3236 1333 3299 ter·

189 3333 254 3403 rino
287 3340 429 3405 aeterno
464 3336 634 3404 correluto
657 3358 720 3405 nee
743 3358 816 3404 esse
840 3359 903 3405 nee
935 3359 1016 3407 vere
1049 3338 1184 3429 concipi
1207 3344 1331 3428 potest.

189 3440 327 3513 'ieieeim
357 3442 448 3512 illud
468 3444 614 3534 produci
643 3450 699 3513 eet
727 3452 905 3514 aeteruum
937 3461 1016 3512 actu
1041 3446 1246 3535 productum
1269 3470 1337 3514 eeee

189 3570 232 3637 sm
253 3552 512 3636 neceesarium,
547 3573 650 3643 quem
680 3553 913 3621 necessarium
943 3559 998 3622 est
1020 3553 1179 3623 divinum
1203 3550 1334 3621 intelli·

189 3652 241 3729 ire
256 3660 321 3747 (2).
347 3659 387 3728 Si
410 3648 523 3749 igitur
547 3658 589 3727 de
607 3661 727 3749 priori
749 3664 785 3728 et
803 3663 993 3749 posteriori
1022 3659 1199 3749 originum
1223 3681 1333 3729 sermo

210 3802 255 3878 (1)
273 3806 398 3860 Verbum
420 3812 612 3858 ereaturarum
634 3822 691 3859 nou
711 3811 757 3860 eet
775 3808 860 3874 quusi
877 3809 914 3861 eb
935 3808 976 3860 eie
998 3806 1163 3873 procedens,
1186 3810 1220 3859 ut
1232 3809 1330 3874 petet,

189 3896 209 3951 d
228 3897 305 3964 quod
323 3896 453 3964 procedit
471 3912 523 3965 per
542 3898 769 3951 intellectiouem
789 3899 934 3967 essentiae
952 3898 1079 3965 diviuee,
1093 3901 1235 3965 quotenus
1252 3898 1284 3951 iu
1301 3912 1335 3951 ee

189 3987 343 4041 rtiueutur
361 3986 443 4040 idere
463 4002 513 4039 seu
535 3987 663 4041 rationes
685 3992 818 4042 uteruce
841 3989 967 4042 omnium
990 3990 1186 4041 ereetururnm
1213 3988 1334 4055 poeelbi·

189 4091 239 4143 ue,
257 4080 294 4130 et·
306 4075 382 4143 qued
400 4080 548 4130 erueturne
567 4078 708 4141 eotnelee,
732 4082 765 4131 ut
784 4092 850 4129 mox
873 4078 992 4143 dicetur,
1017 4092 1069 4144 per
1090 4078 1214 4131 Verbum
1234 4068 1267 4129 u't
1285 4090 1337 4145 per

192 4167 369 4235 preeeiouem
384 4166 513 4220 ideerum
533 4166 699 4221 divinarum
717 4168 810 4220 libere
823 4168 984 4221 educuntur
994 4169 1032 4221 iu
1045 4184 1109 4232 eree,
1125 4182 1175 4221 eeu
1188 4166 1269 4221 ideae
1284 4182 1335 4234 per

189 4260 306 4311 eeturee
327 4256 552 4310 mentientuutur
570 4258 599 4311 S.
614 4258 668 4311 Tb.
682 4258 725 4310 ibi
738 4258 773 4310 ud
787 4257 814 4310 t.
826 4261 856 4311 et
870 4260 897 4310 7.

209 4342 255 4415 (2)
273 4364 288 4393 e
300 4345 455 4399 Geumetto
466 4347 554 4399 Verbi
574 4360 630 4399 non
648 4352 695 4401 est
706 4346 859 4400 secuudum
881 4348 990 4401 exitum
1003 4347 1037 4399 de
1050 4347 1182 4414 potentie
1195 4347 1227 4397 iu
1240 4346 1334 4397 ectum

189 4432 206 4487 d
228 4434 307 4489 sicut
324 4436 419 4490 oritur
434 4450 469 4489 ex
488 4438 553 4490 ectu
568 4441 659 4503 ectus,
672 4440 707 4491 ut
716 4437 851 4504 splendor
863 4452 898 4491 ex
911 4440 983 4505 lnee,
1000 4440 1035 4490 ut
1045 4437 1122 4491 retio
1135 4434 1286 4489 intellectu
1298 4446 1333 4486 ex
