3172 4950
547 358 725 418 -113-

53 474 318 546 ecclesiasticam
341 474 444 544 fidem
467 472 729 564 (symbolum),
755 473 811 543 cui
835 497 912 543 cum
936 496 1052 543 omnes
1073 471 1223 543 subscri·

54 586 188 667 herent,
228 581 516 673 subscripserunt
538 579 644 649 etiam
675 579 868 650 Eusebiani
887 609 903 642 n
930 586 996 650 etc.
1021 580 1155 649 Athen.
1183 580 1224 649 de

54 692 171 761 decret.
187 690 269 761 Nic.
285 714 322 759 n.
336 690 370 757 3.
389 687 655 758 Advertendum
671 688 795 758 merito
811 693 865 758 est
881 712 959 759 oum
974 689 1114 773 Rufino,
1129 687 1223 757 inter

55 800 108 869 bos
129 799 415 869 condemnatores
430 796 602 866 novitatis
624 796 734 866 fuisse
750 796 922 887 imprimis
936 795 1018 866 illos
1033 796 1223 887 Episcopos

54 932 112 977 non
132 930 278 1000 paucos,
305 906 367 1000 qui
389 912 542 997 tempore
557 906 810 996 persecutionis
823 929 885 996 pro
909 906 1027 975 eadem
1045 906 1113 974 fide
1130 905 1222 975 chri-

56 1016 158 1085 stiana
193 1015 419 1084 Confessores
453 1012 677 1083 exstiterant.
708 1014 827 1083 «Cum
856 1013 893 1082 in
922 1013 1039 1083 eodem
1067 1013 1222 1083 Concilio

56 1128 134 1194 esset
149 1122 397 1192 Confessorum
420 1142 568 1210 magnus
583 1142 749 1190 numerus
766 1121 996 1207 sacerdotum,
1015 1143 1130 1190 omnes
1140 1121 1223 1191 Arii

56 1230 265 1301 novitatibus
286 1229 579 1299 adversabantur.
605 1228 789 1298 Favebent
812 1252 895 1299 vero
918 1230 952 1298 ei
975 1229 1046 1298 viri
1064 1230 1101 1299 in
1117 1251 1221 1321 quae·

56 1340 215 1408 stionibus
239 1335 362 1407 callidi
385 1342 423 1405 et
446 1336 487 1404 ob
510 1335 546 1404 id
571 1333 792 1427 simplicitati
816 1335 897 1405 fidei
928 1335 1103 1407 adversio
1131 1337 1217 1407 auf.

57 1447 93 1514 H.
109 1447 149 1515 E.
170 1445 196 1514 l.
216 1445 249 1514 I.
268 1468 299 1516 o.
318 1446 352 1513 2.

109 1553 140 1621 2·
162 1552 277 1621 Arius
299 1551 374 1643 ipse
397 1557 435 1620 et
457 1548 567 1619 multo
591 1549 704 1640 magis
727 1556 848 1640 postea
862 1550 991 1620 Ariani
1009 1551 1121 1621 coacti
1138 1557 1222 1620 sunt

58 1683 141 1730 suam
150 1660 325 1731 baeresim
340 1666 459 1749 tegere
475 1658 522 1727 iis
537 1657 682 1728 vocibus
698 1664 734 1727 et
750 1658 945 1746 sententiis,
961 1659 1102 1752 quaein
1120 1658 1221 1729 obvio

59 1793 148 1839 sensu
162 1768 318 1840 Verbum
330 1767 537 1837 exhiberent
548 1790 669 1837 verum
681 1768 793 1837 Deum
805 1774 909 1860 atque
923 1767 987 1838 boc
1002 1768 1077 1859 ipso
1092 1773 1222 1837 natura

59 1901 151 1948 unum
174 1901 254 1948 cum
275 1876 395 1962 Patre,
420 1899 463 1946 ne
487 1876 665 1967 patefacta
687 1876 840 1965 genuina
864 1898 928 1945 sna
951 1875 1126 1945 sententia
1143 1898 1219 1945 con·

60 1986 144 2056 tinuo
160 1988 204 2056 ab
221 1986 381 2055 omnibus
404 1984 504 2077 impii
518 1983 743 2054 haberentur.
762 1984 872 2054 Arius
889 1985 1028 2078 quidem
1043 1986 1117 2076 ipse
1134 2007 1164 2053 e.
1181 2010 1216 2075 g.

63 2093 247 2186 inepistola
258 2094 304 2161 ad
315 2092 503 2161 Eusebium
516 2092 812 2163 Nicomediensem
827 2098 902 2161 turn
911 2093 1105 2163 doctrinam
1113 2093 1220 2161 Alex-

63 2203 147 2272 andri
169 2200 334 2271 absurdis
356 2200 467 2270 modis
496 2202 693 2292 pervertit,
721 2200 822 2293 quasi
850 2201 1001 2271 docendo
1031 2200 1218 2271 aeternita-

64 2316 117 2377 ten
137 2309 226 2379 Filii
249 2314 415 2399 negasset
437 2329 515 2376 eum
529 2307 699 2397 genitum,
725 2314 801 2377 tum
825 2330 922 2378 suem
941 2309 1151 2379 sententiam
1168 2306 1220 2375 ite

63 2417 198 2503 exbibet,
216 2417 319 2510 quasi
334 2415 530 2485 admittens
541 2415 673 2485 Filium
691 2439 811 2486 verum
827 2418 938 2486 Deum
955 2423 1146 2501 aeternum,
1166 2437 1218 2484 so·

63 2519 216 2591 lunurodo
252 2519 427 2590 docuisset
460 2519 601 2588 Patrem
636 2542 710 2588 esse
745 2521 957 2612 principium
979 2520 1087 2590 Filii:
1120 2542 1219 2588 unos

63 2635 171 2715 autem,
197 2628 327 2721 inquit,
353 2627 533 2698 docuimus
556 2632 592 2697 et
615 2627 795 2713 docemus,
820 2629 953 2698 Filium
975 2652 1044 2698 non
1068 2651 1142 2697 esse
1165 2627 1217 2695 in·

9 2812 11 2817 ,
62 2738 212 2826 genitum,
238 2759 349 2829 neque
371 2742 506 2828 partem
530 2735 681 2827 ingeniti
695 2736 768 2806 ullo
786 2737 897 2823 modo,
914 2760 1025 2830 neque
1041 2760 1083 2805 ex
1099 2736 1218 2829 aliquo

9 2836 13 2941 l
62 2846 197 2917 subiecto
224 2839 303 2933 (bois
318 2840 350 2920 ἐξ
366 2843 557 2930 ὑποκειμενσυ
575 2840 678 2928 τινος),
705 2845 765 2915 sed
797 2846 980 2916 voluntate
1012 2853 1048 2916 et
1071 2845 1216 2917 consilio

9 2946 13 3075 ι
61 2960 123 3024 anta
145 2960 302 3045 tempora
324 2958 360 3022 et
382 2957 464 3021 ante
488 2952 627 3021 saecula
651 2952 833 3023 exstitisse
856 2954 996 3045 plenum
1024 2956 1134 3026 Deum
1162 2956 1218 3046 (ὁτι

9 3086 12 3137 ς
59 3061 193 3150 &elapsum
212 3084 264 3125 και
280 3056 377 3149 βουλῃ
395 3059 511 3125 dusera
524 3083 582 3153 προ
601 3056 712 3125 aravos
731 3059 848 3154 alapae
864 3061 963 3151 Scor),
980 3064 1212 3155 unigenitum,

8 3160 12 3257 l
57 3168 305 3255 inmutabilem,
332 3174 368 3238 et
389 3174 576 3260 antequam
600 3168 808 3259 gigneretur
825 3172 900 3241 sive
917 3171 1124 3242 conderetur
1139 3174 1216 3245 sive

8 3260 10 3309 ³
54 3277 249 3348 definiretur
262 3276 339 3346 sive
356 3275 580 3361 fundaretur,
598 3298 667 3343 non
684 3277 807 3366 fuisse3
835 3279 1015 3371 ingenitus
1039 3282 1130 3350 enim
1146 3306 1215 3351 non

52 3393 127 3456 erat.
147 3384 399 3474 Exagitamur,
415 3384 499 3476 quia
514 3382 679 3469 diximus,
698 3383 829 3454 Filium
845 3386 973 3455 habere
989 3388 1212 3479 principium,

50 3494 149 3565 Deum
166 3513 252 3591 vero
268 3513 344 3560 esse
360 3492 434 3561 sine
451 3492 627 3584 principio
648 3485 760 3585 (ἀρχην
774 3493 836 3578 ἔχει
850 3492 950 3573 boios,
967 3488 1025 3558 ὁδε
1039 3496 1111 3567 θεας
1122 3497 1216 3586 ἀναρ-

48 3625 91 3688 χες
107 3598 204 3689 ἐστι).
229 3600 419 3691 Propterea
442 3601 684 3693 exagitamur,
711 3604 853 3696 etquis
884 3603 1055 3691 diximus,
1081 3604 1215 3675 Filium

46 3732 110 3780 csse
132 3733 177 3779 ex
201 3731 272 3778 non
303 3710 524 3780 exstantibus
551 3703 594 3798 (ἐξ
611 3711 663 3774 οὐκ
681 3706 805 3796 ὲντων);
839 3710 904 3780 hoc
935 3734 1018 3781 vero
1047 3711 1210 3801 diximus,

45 3826 335 3909 qnatenusneque
346 3822 401 3886 est
415 3838 498 3907 pars
513 3817 579 3887 Dei
594 3840 704 3909 neque
717 3841 760 3887 ex
772 3817 891 3910 aliquo
907 3819 1061 3889 subiecto
1074 3848 1089 3883 a
1106 3821 1213 3912 (apud

46 3925 248 3996 Theodoret.
267 3924 314 3992 H.
331 3922 375 3994 Ε.
393 3924 419 3994 l.
436 3923 516 4011 I.,o.
537 3927 596 4012 5).
621 3925 752 3996 Eadem
784 3927 909 3997 fraude
939 3928 975 3996 in
999 3931 1213 4018 professione

42 4034 116 4104 fidei
139 4032 373 4104 Constantino
395 4033 513 4102 oblate
535 4033 663 4103 Arium
689 4034 879 4127 «proprias
903 4036 1095 4127 impietatis
1112 4062 1213 4109 voces

42 4141 230 4213 occultasse
243 4166 261 4203 n
266 4190 277 4224 ,
291 4147 415 4211 narrat
424 4141 645 4212 Athanasius
662 4147 728 4235 (ep.
744 4143 788 4212 ad
800 4143 918 4234 Episo.
934 4143 1095 4237 Aegypti
1107 4169 1142 4215 n.
1154 4147 1209 4217 18.

38 4253 79 4320 ci.
94 4252 278 4323 Socratem
292 4250 338 4320 Η.
353 4249 396 4320 Ε.
410 4251 437 4343 l.
452 4251 483 4321 I.
498 4275 529 4322 o.
544 4253 589 4320 26
599 4257 625 4340 ).
643 4253 712 4323 Est
729 4255 883 4341 evidens,
903 4278 1018 4325 omnes
1035 4257 1099 4326 has
1117 4258 1211 4326 locu·

37 4360 158 4430 tiones:
187 4386 205 4422 u
220 4357 338 4428 Filius
361 4365 415 4429 est
437 4359 562 4451 plenus
585 4361 692 4448 Deus,
718 4368 772 4437 est
794 4368 875 4432 ante
899 4363 1038 4433 saecula
1055 4364 1207 4454 genitus,

37 4475 87 4538 est
108 4466 361 4554 immutabilis,
385 4467 492 4538 Pater
513 4473 566 4537 est
589 4468 663 4539 sine
686 4470 860 4561 principio
883 4476 919 4539 et
933 4476 987 4539 est
1000 4470 1210 4561 principium
