3172 4950
699 285 878 357 „250-

1384 378 1400 443 'r

332 567 338 578 Ι
642 473 934 549 sactioli
1385 478 1400 559 p

272 634 316 681 ns
331 630 524 681 menoerco
541 629 669 679 rosseo
687 625 1293 679 coronernursruanss.rnmrrsr1a
1384 600 1398 691 is

1383 726 1400 771 r

680 781 833 852 CAPUT
857 782 889 852 Ι.

460 941 502 984 uu
520 939 797 984 surnuaaurorsm
815 936 934 1006 renone
953 935 1116 981 ursuuan.
1382 951 1400 1067 p

653 1097 798 1159 THESIS
820 1097 921 1159 XVII.

524 1225 568 1284 ln
589 1228 791 1286 revelatione
813 1227 884 1302 ipsa
904 1225 1046 1295 docetur,

1384 1072 1400 1265 i·

1385 1270 1398 1329 s

1386 1364 1400 1461 i

296 1325 413 1404 doymo
433 1323 490 1384 SS.
511 1323 690 1386 Trinitatis
709 1342 774 1385 esse
793 1326 984 1402 mysterium
1002 1324 1137 1400 proprie
1158 1321 1281 1383 dictem
1385 1331 1391 1353 ··

484 1424 640 1486 excedens
661 1426 729 1484 vim
751 1425 895 1484 rationis
915 1423 1091 1482 humanae.
1382 1464 1400 2383 ι

259 1616 272 1642 ι
286 1594 362 1648 Dens
383 1593 517 1646 revelent
539 1607 570 1644 se
598 1593 708 1644 trinum
730 1590 762 1643 in
783 1591 932 1656 personis,
955 1588 1092 1655 explicite
1112 1587 1202 1641 etiam
1223 1584 1352 1648 remisit

208 1689 349 1753 epraeter
371 1691 469 1736 motum
487 1683 542 1735 Dei
560 1697 612 1750 per
630 1697 663 1736 ea
683 1697 754 1750 quse
775 1682 852 1734 ieeta
865 1684 943 1746 eunt,
964 1680 1117 1732 intellectu
1135 1675 1352 1746 conspicienda,

208 1794 220 1817 r
236 1788 298 1826 esse
312 1772 465 1841 profunda
485 1773 549 1836 Dei,
571 1786 642 1839 quae
662 1787 723 1824 cum
743 1772 804 1824 sint
822 1787 909 1839 supra
927 1772 985 1823 vim
1008 1767 1199 1835 intelligendi
1217 1769 1352 1831 lium

209 1884 221 1909 s
237 1865 315 1916 eolus
325 1862 452 1930 Spiritus
463 1863 516 1915 Dei
534 1865 688 1929 scrutatur,
701 1862 840 1930 nobisque
855 1861 1008 1915 revelavit.
1023 1859 1066 1913 ie
1079 1860 1149 1913 haec
1158 1859 1309 1927 prosarie
1318 1856 1353 1912 lie'

210 1953 381 2021 »imprimis
401 1954 544 2022 pertinere
573 1954 705 2006 internas
727 1953 921 2021 processiones
941 1956 970 2004 et
987 1951 1163 2005 Trinitatem
1184 1963 1352 2018 personatu,

210 2047 299 2095 stum
318 2058 353 2095 ex
373 2043 458 2095 verbo
477 2043 529 2095 Dei
549 2043 657 2110 scripto
675 2047 737 2096 tum
757 2059 792 2096 ex
811 2047 950 2111 perpetua
974 2041 1151 2108 professione
1178 2045 1209 2093 et
1227 2039 1353 2092 intellecti

209 2131 376 2187 reatholieo
395 2136 528 2198 eonstet,
549 2138 609 2186 tum
628 2149 663 2186 ex
682 2133 841 2188 intrinsece
858 2133 971 2186 ratione
990 2130 1133 2196 dometis
1144 2132 1352 2198 conparuisse·

210 2243 223 2267 r
240 2226 340 2275 nostro
358 2222 439 2275 modo
453 2223 639 2288 intelligendi
653 2222 851 2290 persuadetur.
862 2222 916 2276 liet
928 2237 995 2287 erge
1005 2221 1054 2274 SS.
1066 2221 1200 2275 trinitus
1213 2218 1354 2287 mysteria!

209 2331 221 2358 s
237 2312 351 2380 proprie
370 2312 496 2378 (lictum,
518 2315 599 2367 euius
618 2314 728 2367 veritas
747 2329 798 2367 nec
815 2314 891 2366 citra
908 2313 1115 2365 revelationem
1134 2313 1244 2365 lumine
1256 2306 1352 2364 ramni·

212 2425 225 2449 r
240 2402 380 2475 humanae
400 2404 548 2470 cognosci,
570 2420 621 2458 uec
639 2404 783 2470 mppcrito
800 2405 975 2456 revelatione
993 2418 1028 2456 ex
1042 2402 1197 2472 principiIs
1211 2417 1284 2456 mere
1295 2397 1353 2455 rstir
1385 2392 1400 2457 Ξ

210 2515 223 2540 r
238 2493 356 2548 ualibus
375 2495 566 2550 demonstrari
586 2500 717 2563 possse„
1395 2482 1400 2533 '-

274 2663 332 2732 Ad
355 2687 496 2733 sensum
518 2663 767 2755 propositionis
782 2663 852 2732 rite
876 2661 1146 2752 intelligendum
1172 2668 1305 2754 oportet
1315 2680 1356 2728 uo

208 2771 337 2841 tionem
361 2774 517 2860 mysterii
535 2774 680 2861 proprie
694 2769 782 2837 dicti
799 2769 994 2838 universim
1009 2777 1225 2860 perspectam
1241 2769 1356 2838 habere.

209 2878 334 2971 Itaque
358 2878 400 2947 l'.
416 2902 484 2946 non
508 2879 638 2948 sufficit
653 2878 781 2964 dicere,
806 2878 978 2948 rationem
1002 2900 1171 2969 personae
1202 2886 1240 2948 et
1266 2896 1359 2948 conse

210 2991 356 3077 quentsr
387 2985 580 3055 Trinitatis
608 3007 833 3076 personarum
864 2985 902 3052 in
931 2985 1004 3054 Deo
1035 2984 1361 3075 supereminemus

209 3101 323 3162 strn'm
347 3102 572 3185 conceptum,
600 3101 641 3162 ut
663 3094 739 3163 sive
763 3101 845 3162 ante
861 3092 937 3163 sive
965 3100 1042 3184 post
1058 3093 1309 3164 revelationem
1321 3112 1364 3159 su·

209 3210 361 3293 sceptem
397 3226 465 3270 non
502 3203 644 3294 propria
682 3203 741 3272 sed
778 3203 891 3272 solum
922 3201 1107 3292 analogica
1136 3203 1281 3273 notione
1308 3222 1367 3273 eeu

210 3309 466 3400 apprehendere
489 3311 682 3381 valeamus.
703 3311 875 3395 Quemvis
898 3311 989 3381 enim
1014 3311 1051 3380 id
1074 3311 1123 3379 sit
1153 3311 1298 3404 quidem
1324 3328 1370 3378 re

209 3416 410 3502 tissimum,
436 3425 589 3488 attamen
614 3441 789 3489 commune
813 3418 878 3489 hoc
901 3424 955 3488 eet
970 3419 1141 3488 essentiae
1157 3420 1373 3510 omnibusque

211 3525 395 3595 attributis
411 3526 544 3596 divinis
557 3551 565 3614 ;
580 3549 690 3618 neque
707 3535 890 3618 propterea
902 3528 1103 3613 existentia,
1119 3526 1373 3620 omnipotentie,

212 3635 385 3725 sapientia
406 3634 472 3703 Dei
495 3642 563 3704 etc.
582 3634 791 3726 simpliciter
814 3634 986 3725 mysteria
1013 3640 1097 3704 sunt
1126 3636 1375 3726 superratioue·

211 3743 272 3810 lia.
297 3742 508 3832 Mysterium
533 3742 699 3812 videlicet
725 3743 851 3812 stricto
874 3766 978 3812 senen
1005 3743 1042 3811 in
1070 3743 1291 3814 veritatibus
1305 3741 1376 3812 fidei

212 3849 280 3918 dno
303 3848 480 3934 includit,
506 3850 597 3942 quod
620 3872 731 3941 neque
754 3850 944 3920 existentis
967 3850 1136 3920 veritatis
1158 3853 1222 3935 (arr
1238 3856 1303 3941 eit)
1316 3849 1378 3920 solo

212 3956 344 4025 lumine
370 3955 522 4024 rationis
545 3956 788 4046 intelligitur,
818 3980 931 4049 neque
962 3958 1156 4026 intrinseca
1186 3959 1268 4028 eine
1298 3957 1379 4029 ratio

212 4062 313 4154 (quid
333 4067 396 4151 eit)
419 4071 585 4155 conceptu
608 4065 749 4155 proprio
779 4070 843 4153 (ut
873 4066 1051 4156 proprium
1082 4065 1380 4159 condistin'guitur

213 4171 256 4238 eb
279 4169 441 4260 analoga)
469 4170 575 4239 etiam
599 4173 780 4262 supposita
796 4173 863 4242 fide
879 4193 900 4239 a
917 4172 1016 4241 nobis
1031 4173 1249 4264 apprehendi
1263 4180 1377 4268 potest.

213 4275 426 4346 Brevissime
449 4276 520 4344 dici
543 4284 669 4367 potest:
695 4277 733 4345 in
753 4277 935 4367 mysteriis
961 4294 1030 4346 tom
1053 4282 1186 4346 notitia
1203 4283 1380 4372 apprehen·

214 4387 322 4452 sionis
337 4409 440 4476 qaam
464 4386 616 4472 coperitio
634 4389 872 4468 consensionis,
898 4408 959 4456 seu
985 4401 1055 4453 tam
1081 4385 1158 4455 ideo
1175 4386 1381 4480 quidditotir
