<?xml version="1.0" encoding="UTF-8"?>
<!DOCTYPE html PUBLIC "-//W3C//DTD XHTML 1.0 Transitional//EN"
    "http://www.w3.org/TR/xhtml1/DTD/xhtml1-transitional.dtd">
<html xmlns="http://www.w3.org/1999/xhtml" xml:lang="en" lang="en">
 <head>
  <title>
</title>
<meta http-equiv="Content-Type" content="text/html;charset=utf-8" />
  <meta name='ocr-system' content='tesseract 3.04.00' />
  <meta name='ocr-capabilities' content='ocr_page ocr_carea ocr_par ocr_line ocrx_word'/>
</head>
<body>
  <div class='ocr_page' id='page_1' title='image "./tractatusdedeot00frangoog/tractatusdedeot00frangoog_0378.png"; bbox 0 0 3172 4950; ppageno 0'>
   <div class='ocr_carea' id='block_1_1' title="bbox 187 298 1295 4048">
    <p class='ocr_par' dir='ltr' id='par_1_1' title="bbox 615 298 794 369">
     <span class='ocr_line' id='line_1_1' title="bbox 615 298 794 369; baseline -0.006 -6"><span class='ocrx_word' id='word_1_1' title='bbox 615 331 655 351; x_wconf 92' lang='lat'>-</span> <span class='ocrx_word' id='word_1_2' title='bbox 674 298 737 363; x_wconf 80' lang='grc'><strong>367</strong></span> <span class='ocrx_word' id='word_1_3' title='bbox 753 332 794 369; x_wconf 90' lang='grc'><strong>,-</strong></span> 
     </span>
    </p>

    <p class='ocr_par' dir='ltr' id='par_1_2' title="bbox 188 405 1293 1338">
     <span class='ocr_line' id='line_1_2' title="bbox 188 405 1293 496; baseline 0.001 -16"><span class='ocrx_word' id='word_1_4' title='bbox 188 411 223 496; x_wconf 82' lang='lat' dir='ltr'><strong>t.;</strong></span> <span class='ocrx_word' id='word_1_5' title='bbox 236 408 261 479; x_wconf 90' lang='lat' dir='ltr'><strong>l.</strong></span> <span class='ocrx_word' id='word_1_6' title='bbox 274 406 339 479; x_wconf 86' lang='lat' dir='ltr'><strong>IV.</strong></span> <span class='ocrx_word' id='word_1_7' title='bbox 351 430 382 479; x_wconf 92' lang='lat' dir='ltr'><strong>c.</strong></span> <span class='ocrx_word' id='word_1_8' title='bbox 394 405 502 493; x_wconf 84' lang='lat'><strong>11.),</strong></span> <span class='ocrx_word' id='word_1_9' title='bbox 528 405 565 477; x_wconf 91' lang='lat' dir='ltr'><strong>iu</strong></span> <span class='ocrx_word' id='word_1_10' title='bbox 589 407 661 477; x_wconf 88' lang='lat' dir='ltr'><strong>Deo</strong></span> <span class='ocrx_word' id='word_1_11' title='bbox 684 429 758 478; x_wconf 85' lang='lat' dir='ltr'><strong>essa</strong></span> <span class='ocrx_word' id='word_1_12' title='bbox 781 427 886 477; x_wconf 88' lang='lat' dir='ltr'><strong>unam</strong></span> <span class='ocrx_word' id='word_1_13' title='bbox 910 407 1171 480; x_wconf 78' lang='lat' dir='ltr'><strong>subsistentiam</strong></span> <span class='ocrx_word' id='word_1_14' title='bbox 1195 411 1293 481; x_wconf 87' lang='lat' dir='ltr'><strong>abso·</strong></span> 
     </span>
     <span class='ocr_line' id='line_1_3' title="bbox 188 515 1293 590; baseline 0.002 -2"><span class='ocrx_word' id='word_1_15' title='bbox 188 530 235 588; x_wconf 72' lang='lat' dir='ltr'><strong>um</strong></span> <span class='ocrx_word' id='word_1_16' title='bbox 255 526 292 588; x_wconf 86' lang='lat' dir='ltr'><strong>et</strong></span> <span class='ocrx_word' id='word_1_17' title='bbox 313 526 388 587; x_wconf 83' lang='lat' dir='ltr'><strong>tras</strong></span> <span class='ocrx_word' id='word_1_18' title='bbox 411 516 591 586; x_wconf 85' lang='lat' dir='ltr'><strong>relativas.</strong></span> <span class='ocrx_word' id='word_1_19' title='bbox 607 515 730 586; x_wconf 85' lang='lat' dir='ltr'><strong>Modus</strong></span> <span class='ocrx_word' id='word_1_20' title='bbox 755 538 839 587; x_wconf 88' lang='lat' dir='ltr'><strong>vero</strong></span> <span class='ocrx_word' id='word_1_21' title='bbox 855 518 1045 586; x_wconf 80' lang='lat' dir='ltr'><strong>communis</strong></span> <span class='ocrx_word' id='word_1_22' title='bbox 1068 517 1241 588; x_wconf 88' lang='lat' dir='ltr'><strong>sentiendi</strong></span> <span class='ocrx_word' id='word_1_23' title='bbox 1257 525 1293 590; x_wconf 85' lang='lat' dir='ltr'><strong>at</strong></span> 
     </span>
     <span class='ocr_line' id='line_1_4' title="bbox 188 622 1293 717; baseline 0 -22"><span class='ocrx_word' id='word_1_24' title='bbox 188 624 308 717; x_wconf 85' lang='lat' dir='ltr'><strong>uendi,</strong></span> <span class='ocrx_word' id='word_1_25' title='bbox 333 622 480 692; x_wconf 86' lang='lat' dir='ltr'><strong>Patrum</strong></span> <span class='ocrx_word' id='word_1_26' title='bbox 503 630 539 692; x_wconf 87' lang='lat' dir='ltr'><strong>et</strong></span> <span class='ocrx_word' id='word_1_27' title='bbox 561 622 795 692; x_wconf 81' lang='lat' dir='ltr'><strong>Consiliorum</strong></span> <span class='ocrx_word' id='word_1_28' title='bbox 827 623 1049 693; x_wconf 76' lang='lat' dir='ltr'><strong>consensione</strong></span> <span class='ocrx_word' id='word_1_29' title='bbox 1071 624 1243 710; x_wconf 83' lang='lat' dir='ltr'><strong>firmatus,</strong></span> <span class='ocrx_word' id='word_1_30' title='bbox 1261 626 1293 695; x_wconf 87' lang='lat' dir='ltr'><strong>is</strong></span> 
     </span>
     <span class='ocr_line' id='line_1_5' title="bbox 192 732 1293 818; baseline 0.001 -16"><span class='ocrx_word' id='word_1_31' title='bbox 192 784 200 818; x_wconf 82' lang='lat'>‚</span> <span class='ocrx_word' id='word_1_32' title='bbox 222 740 261 804; x_wconf 88' lang='lat' dir='ltr'><strong>nt</strong></span> <span class='ocrx_word' id='word_1_33' title='bbox 278 733 445 803; x_wconf 89' lang='lat' dir='ltr'><strong>dicantur</strong></span> <span class='ocrx_word' id='word_1_34' title='bbox 470 739 544 802; x_wconf 87' lang='lat' dir='ltr'><strong>tres</strong></span> <span class='ocrx_word' id='word_1_35' title='bbox 569 732 608 800; x_wconf 89' lang='lat' dir='ltr'><strong>iu</strong></span> <span class='ocrx_word' id='word_1_36' title='bbox 637 732 709 802; x_wconf 86' lang='lat' dir='ltr'><strong>Deo</strong></span> <span class='ocrx_word' id='word_1_37' title='bbox 728 732 976 802; x_wconf 79' lang='lat' dir='ltr'><strong>subsistentiae</strong></span> <span class='ocrx_word' id='word_1_38' title='bbox 994 733 1058 801; x_wconf 91' lang='lat' dir='ltr'><strong>sub</strong></span> <span class='ocrx_word' id='word_1_39' title='bbox 1082 732 1222 802; x_wconf 86' lang='lat' dir='ltr'><strong>formali</strong></span> <span class='ocrx_word' id='word_1_40' title='bbox 1238 753 1293 802; x_wconf 85' lang='lat' dir='ltr'><strong>ra·</strong></span> 
     </span>
     <span class='ocr_line' id='line_1_6' title="bbox 188 838 1293 931; baseline 0.001 -23"><span class='ocrx_word' id='word_1_41' title='bbox 188 863 218 910; x_wconf 86' lang='lat' dir='ltr'><strong>ua</strong></span> <span class='ocrx_word' id='word_1_42' title='bbox 237 839 480 925; x_wconf 83' lang='lat' dir='ltr'><strong>relativorum,</strong></span> <span class='ocrx_word' id='word_1_43' title='bbox 506 861 575 908; x_wconf 89' lang='lat' dir='ltr'><strong>nou</strong></span> <span class='ocrx_word' id='word_1_44' title='bbox 597 848 714 909; x_wconf 86' lang='lat' dir='ltr'><strong>autam</strong></span> <span class='ocrx_word' id='word_1_45' title='bbox 738 839 966 908; x_wconf 88' lang='lat' dir='ltr'><strong>subsistentia</strong></span> <span class='ocrx_word' id='word_1_46' title='bbox 988 838 1107 931; x_wconf 85' lang='lat' dir='ltr'><strong>aliqua</strong></span> <span class='ocrx_word' id='word_1_47' title='bbox 1130 839 1293 909; x_wconf 87' lang='lat' dir='ltr'><strong>absoluta</strong></span> 
     </span>
     <span class='ocr_line' id='line_1_7' title="bbox 188 945 1290 1040; baseline -0.001 -24"><span class='ocrx_word' id='word_1_48' title='bbox 188 951 237 1017; x_wconf 88' lang='lat' dir='ltr'><strong>bus</strong></span> <span class='ocrx_word' id='word_1_49' title='bbox 257 946 416 1040; x_wconf 88' lang='lat' dir='ltr'><strong>personis</strong></span> <span class='ocrx_word' id='word_1_50' title='bbox 438 946 639 1016; x_wconf 86' lang='lat' dir='ltr'><strong>communis.</strong></span> <span class='ocrx_word' id='word_1_51' title='bbox 653 946 743 1014; x_wconf 83' lang='lat' dir='ltr'><strong>Vide</strong></span> <span class='ocrx_word' id='word_1_52' title='bbox 767 946 926 1039; x_wconf 85' lang='lat' dir='ltr'><strong>Vasquez</strong></span> <span class='ocrx_word' id='word_1_53' title='bbox 939 946 977 1015; x_wconf 88' lang='lat' dir='ltr'><strong>iu</strong></span> <span class='ocrx_word' id='word_1_54' title='bbox 993 946 1032 1014; x_wconf 91' lang='lat' dir='ltr'><strong>P.</strong></span> <span class='ocrx_word' id='word_1_55' title='bbox 1046 946 1078 1014; x_wconf 89' lang='lat'><strong>1.</strong></span> <span class='ocrx_word' id='word_1_56' title='bbox 1090 945 1180 1036; x_wconf 85' lang='lat' dir='ltr'><strong>disp.</strong></span> <span class='ocrx_word' id='word_1_57' title='bbox 1197 945 1290 1035; x_wconf 76' lang='lat'><strong>125.;</strong></span> 
     </span>
     <span class='ocr_line' id='line_1_8' title="bbox 188 1052 1292 1147; baseline -0.001 -21"><span class='ocrx_word' id='word_1_58' title='bbox 188 1056 331 1147; x_wconf 79' lang='lat' dir='ltr'><strong>sgorium</strong></span> <span class='ocrx_word' id='word_1_59' title='bbox 354 1054 397 1123; x_wconf 88' lang='lat' dir='ltr'><strong>ds</strong></span> <span class='ocrx_word' id='word_1_60' title='bbox 408 1053 575 1123; x_wconf 83' lang='lat' dir='ltr'><strong>Valentia</strong></span> <span class='ocrx_word' id='word_1_61' title='bbox 591 1055 633 1124; x_wconf 89' lang='lat' dir='ltr'><strong>ds</strong></span> <span class='ocrx_word' id='word_1_62' title='bbox 650 1053 751 1123; x_wconf 83' lang='lat' dir='ltr'><strong>Trin.</strong></span> <span class='ocrx_word' id='word_1_63' title='bbox 770 1053 827 1139; x_wconf 84' lang='lat' dir='ltr'><strong>(T.</strong></span> <span class='ocrx_word' id='word_1_64' title='bbox 841 1054 872 1124; x_wconf 89' lang='lat' dir='ltr'><strong>I.</strong></span> <span class='ocrx_word' id='word_1_65' title='bbox 889 1053 979 1146; x_wconf 86' lang='lat' dir='ltr'><strong>disp.</strong></span> <span class='ocrx_word' id='word_1_66' title='bbox 991 1052 1058 1138; x_wconf 87' lang='grc' dir='ltr'><strong>ΙΙ.)</strong></span> <span class='ocrx_word' id='word_1_67' title='bbox 1069 1079 1102 1147; x_wconf 89' lang='lat' dir='ltr'><strong>q.</strong></span> <span class='ocrx_word' id='word_1_68' title='bbox 1122 1053 1177 1122; x_wconf 81' lang='lat'><strong>13.</strong></span> <span class='ocrx_word' id='word_1_69' title='bbox 1189 1076 1292 1145; x_wconf 90' lang='lat' dir='ltr'><strong>punc·</strong></span> 
     </span>
     <span class='ocr_line' id='line_1_9' title="bbox 188 1159 1291 1252; baseline -0.001 -20"><span class='ocrx_word' id='word_1_70' title='bbox 188 1162 320 1247; x_wconf 52' lang='lat' dir='ltr'><strong>lusniz</strong></span> <span class='ocrx_word' id='word_1_71' title='bbox 340 1161 432 1252; x_wconf 85' lang='lat' dir='ltr'><strong>disp.</strong></span> <span class='ocrx_word' id='word_1_72' title='bbox 446 1159 638 1248; x_wconf 83' lang='lat' dir='ltr'><strong>XXXIV.;</strong></span> <span class='ocrx_word' id='word_1_73' title='bbox 657 1159 783 1230; x_wconf 79' lang='lat' dir='ltr'><strong>Frano.</strong></span> <span class='ocrx_word' id='word_1_74' title='bbox 803 1160 845 1230; x_wconf 88' lang='lat' dir='ltr'><strong>do</strong></span> <span class='ocrx_word' id='word_1_75' title='bbox 859 1161 961 1251; x_wconf 81' lang='lat' dir='ltr'><strong>Lugo</strong></span> <span class='ocrx_word' id='word_1_76' title='bbox 979 1159 1078 1231; x_wconf 76' lang='lat' dir='ltr'><strong>Trin.</strong></span> <span class='ocrx_word' id='word_1_77' title='bbox 1097 1160 1188 1252; x_wconf 89' lang='lat' dir='ltr'><strong>disp.</strong></span> <span class='ocrx_word' id='word_1_78' title='bbox 1210 1160 1291 1249; x_wconf 89' lang='lat' dir='ltr'><strong>XI.;</strong></span> 
     </span>
     <span class='ocr_line' id='line_1_10' title="bbox 188 1267 630 1338; baseline -0.005 -1"><span class='ocrx_word' id='word_1_79' title='bbox 188 1291 239 1337; x_wconf 82' lang='lat' dir='ltr'><strong>ss.</strong></span> <span class='ocrx_word' id='word_1_80' title='bbox 256 1268 283 1337; x_wconf 95' lang='lat' dir='ltr'><strong>l.</strong></span> <span class='ocrx_word' id='word_1_81' title='bbox 300 1267 366 1338; x_wconf 84' lang='lat' dir='ltr'><strong>IV.</strong></span> <span class='ocrx_word' id='word_1_82' title='bbox 380 1291 411 1338; x_wconf 92' lang='lat' dir='ltr'><strong>c.</strong></span> <span class='ocrx_word' id='word_1_83' title='bbox 427 1267 483 1336; x_wconf 77' lang='lat'><strong>12.</strong></span> <span class='ocrx_word' id='word_1_84' title='bbox 498 1290 534 1336; x_wconf 90' lang='lat' dir='ltr'><strong>n.</strong></span> <span class='ocrx_word' id='word_1_85' title='bbox 553 1267 630 1336; x_wconf 82' lang='grc'><strong>1-4.</strong></span> 
     </span>
    </p>

    <p class='ocr_par' dir='ltr' id='par_1_3' title="bbox 187 1373 1295 4048">
     <span class='ocr_line' id='line_1_11' title="bbox 189 1373 1293 1466; baseline -0.001 -20"><span class='ocrx_word' id='word_1_86' title='bbox 189 1375 316 1447; x_wconf 78' lang='lat' dir='ltr'><strong>Nomen</strong></span> <span class='ocrx_word' id='word_1_87' title='bbox 339 1376 579 1443; x_wconf 76' lang='lat' dir='ltr'><strong>subsistentiae</strong></span> <span class='ocrx_word' id='word_1_88' title='bbox 600 1375 638 1444; x_wconf 91' lang='lat' dir='ltr'><strong>iu</strong></span> <span class='ocrx_word' id='word_1_89' title='bbox 661 1373 918 1466; x_wconf 80' lang='lat' dir='ltr'><strong>significatione</strong></span> <span class='ocrx_word' id='word_1_90' title='bbox 940 1375 1084 1466; x_wconf 88' lang='lat' dir='ltr'><strong>propria</strong></span> <span class='ocrx_word' id='word_1_91' title='bbox 1105 1397 1173 1445; x_wconf 88' lang='lat' dir='ltr'><strong>usu</strong></span> <span class='ocrx_word' id='word_1_92' title='bbox 1187 1374 1293 1445; x_wconf 90' lang='lat' dir='ltr'><strong>eccla·</strong></span> 
     </span>
     <span class='ocr_line' id='line_1_12' title="bbox 188 1483 1291 1569; baseline -0.001 -13"><span class='ocrx_word' id='word_1_93' title='bbox 188 1487 262 1557; x_wconf 77' lang='lat' dir='ltr'><strong>sios</strong></span> <span class='ocrx_word' id='word_1_94' title='bbox 283 1507 328 1554; x_wconf 85' lang='lat' dir='ltr'><strong>ax</strong></span> <span class='ocrx_word' id='word_1_95' title='bbox 352 1483 475 1552; x_wconf 90' lang='lat' dir='ltr'><strong>multis</strong></span> <span class='ocrx_word' id='word_1_96' title='bbox 496 1483 647 1554; x_wconf 63' lang='lat' dir='ltr'><strong>maculis</strong></span> <span class='ocrx_word' id='word_1_97' title='bbox 670 1491 882 1569; x_wconf 80' lang='lat' dir='ltr'><strong>consecrata,</strong></span> <span class='ocrx_word' id='word_1_98' title='bbox 907 1507 975 1553; x_wconf 93' lang='lat' dir='ltr'><strong>non</strong></span> <span class='ocrx_word' id='word_1_99' title='bbox 991 1484 1097 1554; x_wconf 86' lang='lat' dir='ltr'><strong>aliam</strong></span> <span class='ocrx_word' id='word_1_100' title='bbox 1113 1483 1218 1555; x_wconf 87' lang='lat' dir='ltr'><strong>habet</strong></span> <span class='ocrx_word' id='word_1_101' title='bbox 1233 1507 1291 1555; x_wconf 90' lang='lat' dir='ltr'><strong>no·</strong></span> 
     </span>
     <span class='ocr_line' id='line_1_13' title="bbox 187 1591 1292 1684; baseline -0.001 -22"><span class='ocrx_word' id='word_1_102' title='bbox 187 1617 247 1664; x_wconf 85' lang='lat' dir='ltr'><strong>rem</strong></span> <span class='ocrx_word' id='word_1_103' title='bbox 268 1592 341 1663; x_wconf 90' lang='lat' dir='ltr'><strong>nisi</strong></span> <span class='ocrx_word' id='word_1_104' title='bbox 365 1614 468 1684; x_wconf 90' lang='lat' dir='ltr'><strong>quam</strong></span> <span class='ocrx_word' id='word_1_105' title='bbox 490 1591 663 1678; x_wconf 86' lang='lat' dir='ltr'><strong>diximus;</strong></span> <span class='ocrx_word' id='word_1_106' title='bbox 689 1591 855 1660; x_wconf 90' lang='lat' dir='ltr'><strong>nimirum</strong></span> <span class='ocrx_word' id='word_1_107' title='bbox 879 1593 1062 1660; x_wconf 76' lang='lat' dir='ltr'><strong>subsistens</strong></span> <span class='ocrx_word' id='word_1_108' title='bbox 1085 1592 1197 1680; x_wconf 86' lang='lat' dir='ltr'><strong>(unda</strong></span> <span class='ocrx_word' id='word_1_109' title='bbox 1213 1594 1292 1661; x_wconf 88' lang='lat' dir='ltr'><strong>sub·</strong></span> 
     </span>
     <span class='ocr_line' id='line_1_14' title="bbox 188 1698 1290 1793; baseline -0.001 -23"><span class='ocrx_word' id='word_1_110' title='bbox 188 1701 283 1772; x_wconf 86' lang='lat' dir='ltr'><strong>:cutia</strong></span> <span class='ocrx_word' id='word_1_111' title='bbox 305 1701 506 1793; x_wconf 84' lang='lat' dir='ltr'><strong>derivatur)</strong></span> <span class='ocrx_word' id='word_1_112' title='bbox 528 1707 583 1767; x_wconf 88' lang='lat' dir='ltr'><strong>ast</strong></span> <span class='ocrx_word' id='word_1_113' title='bbox 605 1698 663 1769; x_wconf 92' lang='lat' dir='ltr'><strong>hic</strong></span> <span class='ocrx_word' id='word_1_114' title='bbox 686 1699 1059 1768; x_wconf 79' lang='lat' dir='ltr'><strong>incommunicabiliter</strong></span> <span class='ocrx_word' id='word_1_115' title='bbox 1081 1698 1236 1769; x_wconf 84' lang='lat' dir='ltr'><strong>existens</strong></span> <span class='ocrx_word' id='word_1_116' title='bbox 1252 1699 1290 1769; x_wconf 95' lang='lat' dir='ltr'><strong>in</strong></span> 
     </span>
     <span class='ocr_line' id='line_1_15' title="bbox 188 1805 1291 1898; baseline -0.003 -18"><span class='ocrx_word' id='word_1_117' title='bbox 188 1807 302 1880; x_wconf 88' lang='lat' dir='ltr'><strong>ethoc</strong></span> <span class='ocrx_word' id='word_1_118' title='bbox 323 1807 400 1898; x_wconf 89' lang='lat' dir='ltr'><strong>ipso</strong></span> <span class='ocrx_word' id='word_1_119' title='bbox 423 1805 613 1876; x_wconf 87' lang='lat' dir='ltr'><strong>distinctus</strong></span> <span class='ocrx_word' id='word_1_120' title='bbox 636 1806 680 1873; x_wconf 88' lang='lat' dir='ltr'><strong>ab</strong></span> <span class='ocrx_word' id='word_1_121' title='bbox 704 1805 864 1874; x_wconf 91' lang='lat' dir='ltr'><strong>omnibus</strong></span> <span class='ocrx_word' id='word_1_122' title='bbox 886 1806 969 1874; x_wconf 90' lang='lat' dir='ltr'><strong>aliis</strong></span> <span class='ocrx_word' id='word_1_123' title='bbox 1000 1807 1106 1877; x_wconf 85' lang='lat' dir='ltr'><strong>etiam</strong></span> <span class='ocrx_word' id='word_1_124' title='bbox 1136 1808 1291 1879; x_wconf 83' lang='lat' dir='ltr'><strong>eiusdem</strong></span> 
     </span>
     <span class='ocr_line' id='line_1_16' title="bbox 188 1913 1292 2005; baseline -0.002 -19"><span class='ocrx_word' id='word_1_125' title='bbox 188 1917 290 1987; x_wconf 76' lang='lat' dir='ltr'><strong>tutius</strong></span> <span class='ocrx_word' id='word_1_126' title='bbox 313 1937 376 1984; x_wconf 82' lang='lat' dir='ltr'><strong>seu</strong></span> <span class='ocrx_word' id='word_1_127' title='bbox 399 1922 558 1984; x_wconf 86' lang='lat' dir='ltr'><strong>naturas.</strong></span> <span class='ocrx_word' id='word_1_128' title='bbox 575 1913 661 1984; x_wconf 77' lang='lat' dir='ltr'><strong>Tria</strong></span> <span class='ocrx_word' id='word_1_129' title='bbox 684 1936 767 2004; x_wconf 81' lang='lat' dir='ltr'><strong>ergo</strong></span> <span class='ocrx_word' id='word_1_130' title='bbox 789 1914 1021 2005; x_wconf 81' lang='lat' dir='ltr'><strong>requiruntur</strong></span> <span class='ocrx_word' id='word_1_131' title='bbox 1048 1914 1092 1984; x_wconf 93' lang='lat' dir='ltr'><strong>ad</strong></span> <span class='ocrx_word' id='word_1_132' title='bbox 1122 1915 1292 1984; x_wconf 85' lang='lat' dir='ltr'><strong>rationem</strong></span> 
     </span>
     <span class='ocr_line' id='line_1_17' title="bbox 188 2021 1291 2117; baseline 0.001 -23"><span class='ocrx_word' id='word_1_133' title='bbox 188 2023 296 2117; x_wconf 87' lang='lat' dir='ltr'><strong>priam</strong></span> <span class='ocrx_word' id='word_1_134' title='bbox 319 2021 592 2106; x_wconf 83' lang='lat' dir='ltr'><strong>subsistantiae,</strong></span> <span class='ocrx_word' id='word_1_135' title='bbox 618 2029 660 2091; x_wconf 87' lang='lat' dir='ltr'><strong>ut</strong></span> <span class='ocrx_word' id='word_1_136' title='bbox 682 2021 731 2091; x_wconf 86' lang='lat' dir='ltr'><strong>sit</strong></span> <span class='ocrx_word' id='word_1_137' title='bbox 754 2022 955 2092; x_wconf 87' lang='lat' dir='ltr'><strong>substantia</strong></span> <span class='ocrx_word' id='word_1_138' title='bbox 986 2022 1180 2113; x_wconf 78' lang='lat' dir='ltr'><strong>singularis</strong></span> <span class='ocrx_word' id='word_1_139' title='bbox 1202 2024 1291 2095; x_wconf 88' lang='lat' dir='ltr'><strong>inta-</strong></span> 
     </span>
     <span class='ocr_line' id='line_1_18' title="bbox 199 2128 1293 2221; baseline 0.001 -21"><span class='ocrx_word' id='word_1_140' title='bbox 199 2182 208 2215; x_wconf 84' lang='lat'>,</span> <span class='ocrx_word' id='word_1_141' title='bbox 233 2138 366 2200; x_wconf 86' lang='lat' dir='ltr'><strong>utnon</strong></span> <span class='ocrx_word' id='word_1_142' title='bbox 390 2129 438 2198; x_wconf 86' lang='lat' dir='ltr'><strong>sit</strong></span> <span class='ocrx_word' id='word_1_143' title='bbox 460 2128 505 2199; x_wconf 87' lang='lat' dir='ltr'><strong>ad</strong></span> <span class='ocrx_word' id='word_1_144' title='bbox 528 2129 664 2198; x_wconf 89' lang='lat' dir='ltr'><strong>modum</strong></span> <span class='ocrx_word' id='word_1_145' title='bbox 688 2129 811 2221; x_wconf 89' lang='lat' dir='ltr'><strong>partis,</strong></span> <span class='ocrx_word' id='word_1_146' title='bbox 831 2151 892 2197; x_wconf 86' lang='lat' dir='ltr'><strong>seu</strong></span> <span class='ocrx_word' id='word_1_147' title='bbox 915 2129 960 2197; x_wconf 90' lang='lat' dir='ltr'><strong>ad</strong></span> <span class='ocrx_word' id='word_1_148' title='bbox 983 2131 1120 2199; x_wconf 83' lang='lat' dir='ltr'><strong>modurn</strong></span> <span class='ocrx_word' id='word_1_149' title='bbox 1143 2138 1293 2202; x_wconf 84' lang='lat' dir='ltr'><strong>naturae</strong></span> 
     </span>
     <span class='ocr_line' id='line_1_19' title="bbox 188 2236 1294 2329; baseline 0 -21"><span class='ocrx_word' id='word_1_150' title='bbox 188 2238 259 2308; x_wconf 55' lang='lat' dir='ltr'><strong>»ima</strong></span> <span class='ocrx_word' id='word_1_151' title='bbox 282 2237 321 2306; x_wconf 92' lang='lat' dir='ltr'><strong>in</strong></span> <span class='ocrx_word' id='word_1_152' title='bbox 344 2236 417 2305; x_wconf 85' lang='lat' dir='ltr'><strong>alia</strong></span> <span class='ocrx_word' id='word_1_153' title='bbox 440 2237 612 2328; x_wconf 88' lang='lat' dir='ltr'><strong>superiori</strong></span> <span class='ocrx_word' id='word_1_154' title='bbox 639 2237 824 2329; x_wconf 77' lang='lat' dir='ltr'><strong>hypostasi</strong></span> <span class='ocrx_word' id='word_1_155' title='bbox 852 2238 967 2325; x_wconf 87' lang='lat' dir='ltr'><strong>(siout</strong></span> <span class='ocrx_word' id='word_1_156' title='bbox 989 2239 1142 2307; x_wconf 89' lang='lat' dir='ltr'><strong>humana</strong></span> <span class='ocrx_word' id='word_1_157' title='bbox 1165 2245 1294 2310; x_wconf 87' lang='lat' dir='ltr'><strong>natura</strong></span> 
     </span>
     <span class='ocr_line' id='line_1_20' title="bbox 192 2344 1293 2432; baseline 0.002 -17"><span class='ocrx_word' id='word_1_158' title='bbox 192 2344 357 2432; x_wconf 80' lang='lat' dir='ltr'><strong>Verbo),</strong></span> <span class='ocrx_word' id='word_1_159' title='bbox 390 2352 433 2414; x_wconf 86' lang='lat' dir='ltr'><strong>ut</strong></span> <span class='ocrx_word' id='word_1_160' title='bbox 464 2367 534 2412; x_wconf 92' lang='lat' dir='ltr'><strong>nou</strong></span> <span class='ocrx_word' id='word_1_161' title='bbox 569 2345 617 2413; x_wconf 88' lang='lat' dir='ltr'><strong>sit</strong></span> <span class='ocrx_word' id='word_1_162' title='bbox 650 2345 841 2414; x_wconf 86' lang='lat' dir='ltr'><strong>communis</strong></span> <span class='ocrx_word' id='word_1_163' title='bbox 876 2368 937 2415; x_wconf 88' lang='lat' dir='ltr'><strong>seu</strong></span> <span class='ocrx_word' id='word_1_164' title='bbox 966 2345 1183 2417; x_wconf 84' lang='lat' dir='ltr'><strong>identificata</strong></span> <span class='ocrx_word' id='word_1_165' title='bbox 1216 2371 1293 2417; x_wconf 90' lang='lat' dir='ltr'><strong>cum</strong></span> 
     </span>
     <span class='ocr_line' id='line_1_21' title="bbox 188 2451 1293 2546; baseline 0 -23"><span class='ocrx_word' id='word_1_166' title='bbox 188 2454 281 2523; x_wconf 85' lang='lat' dir='ltr'><strong>ribus</strong></span> <span class='ocrx_word' id='word_1_167' title='bbox 303 2453 397 2522; x_wconf 86' lang='lat' dir='ltr'><strong>inter</strong></span> <span class='ocrx_word' id='word_1_168' title='bbox 420 2475 455 2522; x_wconf 87' lang='lat' dir='ltr'><strong>se</strong></span> <span class='ocrx_word' id='word_1_169' title='bbox 471 2451 661 2522; x_wconf 86' lang='lat' dir='ltr'><strong>distinctis.</strong></span> <span class='ocrx_word' id='word_1_170' title='bbox 693 2452 767 2522; x_wconf 89' lang='lat' dir='ltr'><strong>Hoc</strong></span> <span class='ocrx_word' id='word_1_171' title='bbox 794 2454 913 2546; x_wconf 85' lang='lat' dir='ltr'><strong>itaqua</strong></span> <span class='ocrx_word' id='word_1_172' title='bbox 937 2476 1040 2522; x_wconf 86' lang='lat' dir='ltr'><strong>sensu</strong></span> <span class='ocrx_word' id='word_1_173' title='bbox 1062 2460 1137 2524; x_wconf 92' lang='lat' dir='ltr'><strong>tum</strong></span> <span class='ocrx_word' id='word_1_174' title='bbox 1161 2462 1293 2545; x_wconf 83' lang='lat' dir='ltr'><strong>etymo·</strong></span> 
     </span>
     <span class='ocr_line' id='line_1_22' title="bbox 188 2559 1292 2632; baseline 0.003 -3"><span class='ocrx_word' id='word_1_175' title='bbox 188 2562 231 2631; x_wconf 86' lang='lat' dir='ltr'><strong>ica</strong></span> <span class='ocrx_word' id='word_1_176' title='bbox 253 2567 330 2630; x_wconf 87' lang='lat' dir='ltr'><strong>tum</strong></span> <span class='ocrx_word' id='word_1_177' title='bbox 353 2581 420 2629; x_wconf 90' lang='lat' dir='ltr'><strong>usu</strong></span> <span class='ocrx_word' id='word_1_178' title='bbox 442 2559 676 2629; x_wconf 85' lang='lat' dir='ltr'><strong>ecclesiastico</strong></span> <span class='ocrx_word' id='word_1_179' title='bbox 707 2561 853 2629; x_wconf 84' lang='lat' dir='ltr'><strong>Patrum</strong></span> <span class='ocrx_word' id='word_1_180' title='bbox 885 2564 922 2629; x_wconf 90' lang='lat' dir='ltr'><strong>et</strong></span> <span class='ocrx_word' id='word_1_181' title='bbox 954 2559 1186 2631; x_wconf 86' lang='lat' dir='ltr'><strong>Conciliorum</strong></span> <span class='ocrx_word' id='word_1_182' title='bbox 1213 2564 1292 2632; x_wconf 92' lang='lat' dir='ltr'><strong>sub·</strong></span> 
     </span>
     <span class='ocr_line' id='line_1_23' title="bbox 188 2668 1290 2760; baseline 0.001 -22"><span class='ocrx_word' id='word_1_183' title='bbox 188 2669 282 2738; x_wconf 82' lang='lat' dir='ltr'><strong>antia</strong></span> <span class='ocrx_word' id='word_1_184' title='bbox 304 2691 448 2759; x_wconf 86' lang='lat' dir='ltr'><strong>prorsus</strong></span> <span class='ocrx_word' id='word_1_185' title='bbox 470 2668 561 2738; x_wconf 92' lang='lat' dir='ltr'><strong>idem</strong></span> <span class='ocrx_word' id='word_1_186' title='bbox 576 2675 641 2754; x_wconf 88' lang='lat' dir='ltr'><strong>est,</strong></span> <span class='ocrx_word' id='word_1_187' title='bbox 661 2668 751 2760; x_wconf 92' lang='lat' dir='ltr'><strong>qnod</strong></span> <span class='ocrx_word' id='word_1_188' title='bbox 775 2690 899 2758; x_wconf 81' lang='lat' dir='ltr'><strong>graeca</strong></span> <span class='ocrx_word' id='word_1_189' title='bbox 921 2668 1052 2738; x_wconf 90' lang='lat' dir='ltr'><strong>dicitur</strong></span> <span class='ocrx_word' id='word_1_190' title='bbox 1075 2668 1290 2760; x_wconf 60' lang='lat' dir='ltr'><strong>hypostasim</strong></span> 
     </span>
     <span class='ocr_line' id='line_1_24' title="bbox 188 2776 1293 2869; baseline 0.001 -23"><span class='ocrx_word' id='word_1_191' title='bbox 188 2799 228 2846; x_wconf 94' lang='lat' dir='ltr'><strong>ue</strong></span> <span class='ocrx_word' id='word_1_192' title='bbox 250 2777 342 2846; x_wconf 90' lang='lat' dir='ltr'><strong>enim</strong></span> <span class='ocrx_word' id='word_1_193' title='bbox 364 2776 593 2845; x_wconf 86' lang='lat' dir='ltr'><strong>subsistentia</strong></span> <span class='ocrx_word' id='word_1_194' title='bbox 615 2777 708 2867; x_wconf 86' lang='lat' dir='ltr'><strong>apud</strong></span> <span class='ocrx_word' id='word_1_195' title='bbox 724 2777 847 2846; x_wconf 82' lang='lat' dir='ltr'><strong>Patres</strong></span> <span class='ocrx_word' id='word_1_196' title='bbox 870 2782 906 2846; x_wconf 86' lang='lat' dir='ltr'><strong>et</strong></span> <span class='ocrx_word' id='word_1_197' title='bbox 928 2776 1090 2869; x_wconf 86' lang='lat' dir='ltr'><strong>antiquos</strong></span> <span class='ocrx_word' id='word_1_198' title='bbox 1112 2777 1293 2867; x_wconf 81' lang='lat' dir='ltr'><strong>theologos</strong></span> 
     </span>
     <span class='ocr_line' id='line_1_25' title="bbox 188 2882 1293 2976; baseline -0.002 -24"><span class='ocrx_word' id='word_1_199' title='bbox 188 2882 298 2953; x_wconf 84' lang='lat' dir='ltr'><strong>tracta</strong></span> <span class='ocrx_word' id='word_1_200' title='bbox 320 2882 590 2974; x_wconf 85' lang='lat' dir='ltr'><strong>significatione,</strong></span> <span class='ocrx_word' id='word_1_201' title='bbox 609 2885 669 2954; x_wconf 90' lang='lat' dir='ltr'><strong>sed</strong></span> <span class='ocrx_word' id='word_1_202' title='bbox 687 2891 845 2953; x_wconf 88' lang='lat' dir='ltr'><strong>concreta</strong></span> <span class='ocrx_word' id='word_1_203' title='bbox 860 2885 974 2954; x_wconf 85' lang='lat' dir='ltr'><strong>eodem</strong></span> <span class='ocrx_word' id='word_1_204' title='bbox 999 2884 1097 2953; x_wconf 92' lang='lat' dir='ltr'><strong>modo</strong></span> <span class='ocrx_word' id='word_1_205' title='bbox 1120 2891 1162 2953; x_wconf 87' lang='lat' dir='ltr'><strong>ot</strong></span> <span class='ocrx_word' id='word_1_206' title='bbox 1184 2885 1293 2976; x_wconf 85' lang='lat' dir='ltr'><strong>hypo·</strong></span> 
     </span>
     <span class='ocr_line' id='line_1_26' title="bbox 188 2989 1292 3082; baseline 0.004 -24"><span class='ocrx_word' id='word_1_207' title='bbox 188 2990 229 3062; x_wconf 82' lang='lat' dir='ltr'><strong>sis</strong></span> <span class='ocrx_word' id='word_1_208' title='bbox 250 2990 414 3060; x_wconf 88' lang='lat' dir='ltr'><strong>sumitur.</strong></span> <span class='ocrx_word' id='word_1_209' title='bbox 433 2989 472 3058; x_wconf 90' lang='lat' dir='ltr'><strong>Si</strong></span> <span class='ocrx_word' id='word_1_210' title='bbox 495 3013 600 3077; x_wconf 87' lang='lat' dir='ltr'><strong>varo,</strong></span> <span class='ocrx_word' id='word_1_211' title='bbox 626 2999 668 3059; x_wconf 84' lang='lat' dir='ltr'><strong>ut</strong></span> <span class='ocrx_word' id='word_1_212' title='bbox 689 2999 768 3082; x_wconf 89' lang='lat' dir='ltr'><strong>post</strong></span> <span class='ocrx_word' id='word_1_213' title='bbox 782 2990 986 3061; x_wconf 78' lang='lat' dir='ltr'><strong>Caletanum</strong></span> <span class='ocrx_word' id='word_1_214' title='bbox 999 2991 1050 3078; x_wconf 88' lang='lat'><strong>(1)</strong></span> <span class='ocrx_word' id='word_1_215' title='bbox 1067 3015 1170 3082; x_wconf 88' lang='lat' dir='ltr'><strong>penes</strong></span> <span class='ocrx_word' id='word_1_216' title='bbox 1187 2993 1292 3062; x_wconf 87' lang='lat' dir='ltr'><strong>Scho-</strong></span> 
     </span>
     <span class='ocr_line' id='line_1_27' title="bbox 188 3097 1294 3197; baseline 0.003 -29"><span class='ocrx_word' id='word_1_217' title='bbox 188 3099 263 3169; x_wconf 80' lang='lat' dir='ltr'><strong>tioos</strong></span> <span class='ocrx_word' id='word_1_218' title='bbox 285 3097 461 3184; x_wconf 85' lang='lat' dir='ltr'><strong>invaluit,</strong></span> <span class='ocrx_word' id='word_1_219' title='bbox 487 3100 658 3190; x_wconf 85' lang='lat' dir='ltr'><strong>accipitur</strong></span> <span class='ocrx_word' id='word_1_220' title='bbox 680 3102 867 3197; x_wconf 81' lang='lat' dir='ltr'><strong>abstracte,</strong></span> <span class='ocrx_word' id='word_1_221' title='bbox 894 3102 1123 3171; x_wconf 82' lang='lat' dir='ltr'><strong>subsistantia</strong></span> <span class='ocrx_word' id='word_1_222' title='bbox 1145 3101 1215 3171; x_wconf 82' lang='lat' dir='ltr'><strong>erit</strong></span> <span class='ocrx_word' id='word_1_223' title='bbox 1230 3101 1294 3171; x_wconf 92' lang='lat' dir='ltr'><strong>illa</strong></span> 
     </span>
     <span class='ocr_line' id='line_1_28' title="bbox 188 3206 1289 3301; baseline 0.005 -27"><span class='ocrx_word' id='word_1_224' title='bbox 188 3206 280 3275; x_wconf 83' lang='lat' dir='ltr'><strong>malis</strong></span> <span class='ocrx_word' id='word_1_225' title='bbox 301 3207 397 3276; x_wconf 85' lang='lat' dir='ltr'><strong>ratio</strong></span> <span class='ocrx_word' id='word_1_226' title='bbox 421 3207 826 3277; x_wconf 88' lang='lat' dir='ltr'><strong>incommunicabilitatis</strong></span> <span class='ocrx_word' id='word_1_227' title='bbox 849 3208 887 3276; x_wconf 93' lang='lat' dir='ltr'><strong>in</strong></span> <span class='ocrx_word' id='word_1_228' title='bbox 911 3230 959 3293; x_wconf 88' lang='lat' dir='ltr'><strong>so,</strong></span> <span class='ocrx_word' id='word_1_229' title='bbox 978 3209 1043 3278; x_wconf 90' lang='lat' dir='ltr'><strong>sub</strong></span> <span class='ocrx_word' id='word_1_230' title='bbox 1066 3231 1135 3301; x_wconf 86' lang='lat' dir='ltr'><strong>qua</strong></span> <span class='ocrx_word' id='word_1_231' title='bbox 1157 3208 1289 3279; x_wconf 89' lang='lat' dir='ltr'><strong>intelli·</strong></span> 
     </span>
     <span class='ocr_line' id='line_1_29' title="bbox 188 3312 1289 3407; baseline 0.005 -25"><span class='ocrx_word' id='word_1_232' title='bbox 188 3335 223 3382; x_wconf 84' lang='grc' dir='ltr'><strong>ιιι</strong></span> <span class='ocrx_word' id='word_1_233' title='bbox 243 3312 444 3383; x_wconf 84' lang='lat' dir='ltr'><strong>substantia</strong></span> <span class='ocrx_word' id='word_1_234' title='bbox 459 3336 534 3383; x_wconf 88' lang='lat' dir='ltr'><strong>essa</strong></span> <span class='ocrx_word' id='word_1_235' title='bbox 550 3314 765 3405; x_wconf 85' lang='lat' dir='ltr'><strong>hypostasis.</strong></span> <span class='ocrx_word' id='word_1_236' title='bbox 785 3314 932 3385; x_wconf 83' lang='lat' dir='ltr'><strong>Utrovis</strong></span> <span class='ocrx_word' id='word_1_237' title='bbox 947 3316 1046 3385; x_wconf 91' lang='lat' dir='ltr'><strong>modo</strong></span> <span class='ocrx_word' id='word_1_238' title='bbox 1061 3323 1196 3407; x_wconf 82' lang='lat' dir='ltr'><strong>spectes</strong></span> <span class='ocrx_word' id='word_1_239' title='bbox 1211 3318 1289 3387; x_wconf 87' lang='lat' dir='ltr'><strong>sub·</strong></span> 
     </span>
     <span class='ocr_line' id='line_1_30' title="bbox 188 3421 1292 3508; baseline 0.004 -18"><span class='ocrx_word' id='word_1_240' title='bbox 188 3422 330 3506; x_wconf 84' lang='lat' dir='ltr'><strong>tentiam,</strong></span> <span class='ocrx_word' id='word_1_241' title='bbox 349 3421 450 3490; x_wconf 89' lang='lat' dir='ltr'><strong>nulla</strong></span> <span class='ocrx_word' id='word_1_242' title='bbox 473 3422 644 3508; x_wconf 74' lang='lat' dir='ltr'><strong>obsoleta,</strong></span> <span class='ocrx_word' id='word_1_243' title='bbox 671 3423 729 3492; x_wconf 86' lang='lat' dir='ltr'><strong>sed</strong></span> <span class='ocrx_word' id='word_1_244' title='bbox 754 3429 827 3492; x_wconf 88' lang='lat' dir='ltr'><strong>tres</strong></span> <span class='ocrx_word' id='word_1_245' title='bbox 849 3423 1020 3495; x_wconf 82' lang='lat' dir='ltr'><strong>relativas</strong></span> <span class='ocrx_word' id='word_1_246' title='bbox 1045 3423 1292 3494; x_wconf 83' lang='lat' dir='ltr'><strong>subsistentias</strong></span> 
     </span>
     <span class='ocr_line' id='line_1_31' title="bbox 188 3526 1291 3623; baseline 0.001 -24"><span class='ocrx_word' id='word_1_247' title='bbox 188 3526 253 3599; x_wconf 83' lang='lat' dir='ltr'><strong>Deo</strong></span> <span class='ocrx_word' id='word_1_248' title='bbox 274 3527 529 3622; x_wconf 85' lang='lat' dir='ltr'><strong>praedicandas</strong></span> <span class='ocrx_word' id='word_1_249' title='bbox 555 3536 662 3618; x_wconf 88' lang='lat' dir='ltr'><strong>suut;</strong></span> <span class='ocrx_word' id='word_1_250' title='bbox 691 3531 860 3623; x_wconf 90' lang='lat' dir='ltr'><strong>quidquid</strong></span> <span class='ocrx_word' id='word_1_251' title='bbox 892 3531 983 3601; x_wconf 83' lang='lat' dir='ltr'><strong>enim</strong></span> <span class='ocrx_word' id='word_1_252' title='bbox 1013 3532 1063 3599; x_wconf 88' lang='lat' dir='ltr'><strong>ibi</strong></span> <span class='ocrx_word' id='word_1_253' title='bbox 1093 3531 1291 3600; x_wconf 87' lang='lat' dir='ltr'><strong>absolutum</strong></span> 
     </span>
     <span class='ocr_line' id='line_1_32' title="bbox 195 3637 1293 3726; baseline -0.003 -18"><span class='ocrx_word' id='word_1_254' title='bbox 195 3644 278 3721; x_wconf 81' lang='lat' dir='ltr'><strong>‚ast</strong></span> <span class='ocrx_word' id='word_1_255' title='bbox 300 3660 409 3706; x_wconf 90' lang='lat' dir='ltr'><strong>nuum</strong></span> <span class='ocrx_word' id='word_1_256' title='bbox 432 3660 610 3708; x_wconf 87' lang='lat' dir='ltr'><strong>commune</strong></span> <span class='ocrx_word' id='word_1_257' title='bbox 633 3660 694 3707; x_wconf 86' lang='lat' dir='ltr'><strong>seu</strong></span> <span class='ocrx_word' id='word_1_258' title='bbox 717 3639 972 3726; x_wconf 83' lang='lat' dir='ltr'><strong>identificatam</strong></span> <span class='ocrx_word' id='word_1_259' title='bbox 995 3661 1072 3708; x_wconf 86' lang='lat' dir='ltr'><strong>curn</strong></span> <span class='ocrx_word' id='word_1_260' title='bbox 1099 3638 1214 3708; x_wconf 88' lang='lat' dir='ltr'><strong>tribus</strong></span> <span class='ocrx_word' id='word_1_261' title='bbox 1241 3637 1293 3708; x_wconf 93' lang='lat' dir='ltr'><strong>di·</strong></span> 
     </span>
     <span class='ocr_line' id='line_1_33' title="bbox 188 3744 1294 3830; baseline 0.003 -19"><span class='ocrx_word' id='word_1_262' title='bbox 188 3745 283 3830; x_wconf 83' lang='lat' dir='ltr'><strong>sctis;</strong></span> <span class='ocrx_word' id='word_1_263' title='bbox 309 3744 473 3815; x_wconf 89' lang='lat' dir='ltr'><strong>distincti</strong></span> <span class='ocrx_word' id='word_1_264' title='bbox 495 3752 612 3816; x_wconf 89' lang='lat' dir='ltr'><strong>autem</strong></span> <span class='ocrx_word' id='word_1_265' title='bbox 636 3752 719 3816; x_wconf 88' lang='lat' dir='ltr'><strong>sunt</strong></span> <span class='ocrx_word' id='word_1_266' title='bbox 742 3747 981 3817; x_wconf 87' lang='lat' dir='ltr'><strong>tantummodo</strong></span> <span class='ocrx_word' id='word_1_267' title='bbox 998 3749 1062 3817; x_wconf 91' lang='lat' dir='ltr'><strong>sub</strong></span> <span class='ocrx_word' id='word_1_268' title='bbox 1078 3745 1218 3815; x_wconf 87' lang='lat' dir='ltr'><strong>formali</strong></span> <span class='ocrx_word' id='word_1_269' title='bbox 1240 3767 1294 3814; x_wconf 88' lang='lat' dir='ltr'><strong>ra·</strong></span> 
     </span>
     <span class='ocr_line' id='line_1_34' title="bbox 188 3853 1294 3944; baseline 0.002 -23"><span class='ocrx_word' id='word_1_270' title='bbox 188 3875 218 3923; x_wconf 85' lang='lat' dir='ltr'><strong>us</strong></span> <span class='ocrx_word' id='word_1_271' title='bbox 237 3853 481 3924; x_wconf 84' lang='lat' dir='ltr'><strong>relativorum.</strong></span> <span class='ocrx_word' id='word_1_272' title='bbox 507 3853 582 3923; x_wconf 88' lang='lat' dir='ltr'><strong>Hoc</strong></span> <span class='ocrx_word' id='word_1_273' title='bbox 604 3853 680 3944; x_wconf 92' lang='lat' dir='ltr'><strong>ipsc</strong></span> <span class='ocrx_word' id='word_1_274' title='bbox 703 3855 900 3923; x_wconf 88' lang='lat' dir='ltr'><strong>absolutum</strong></span> <span class='ocrx_word' id='word_1_275' title='bbox 929 3879 997 3923; x_wconf 89' lang='lat' dir='ltr'><strong>uon</strong></span> <span class='ocrx_word' id='word_1_276' title='bbox 1020 3862 1075 3924; x_wconf 86' lang='lat' dir='ltr'><strong>est</strong></span> <span class='ocrx_word' id='word_1_277' title='bbox 1101 3854 1294 3923; x_wconf 89' lang='lat' dir='ltr'><strong>subsistens</strong></span> 
     </span>
     <span class='ocr_line' id='line_1_35' title="bbox 188 3960 1295 4048; baseline 0.001 -17"><span class='ocrx_word' id='word_1_278' title='bbox 188 3960 529 4033; x_wconf 82' lang='lat' dir='ltr'><strong>‚incommunicabile</strong></span> <span class='ocrx_word' id='word_1_279' title='bbox 545 3963 609 4031; x_wconf 91' lang='lat' dir='ltr'><strong>sub</strong></span> <span class='ocrx_word' id='word_1_280' title='bbox 633 3962 773 4031; x_wconf 84' lang='lat' dir='ltr'><strong>formali</strong></span> <span class='ocrx_word' id='word_1_281' title='bbox 796 3962 931 4032; x_wconf 80' lang='lat' dir='ltr'><strong>ratione</strong></span> <span class='ocrx_word' id='word_1_282' title='bbox 955 3962 1120 4048; x_wconf 88' lang='lat' dir='ltr'><strong>absoluti,</strong></span> <span class='ocrx_word' id='word_1_283' title='bbox 1147 3961 1207 4032; x_wconf 90' lang='lat' dir='ltr'><strong>sad</strong></span> <span class='ocrx_word' id='word_1_284' title='bbox 1229 3963 1295 4033; x_wconf 90' lang='lat' dir='ltr'><strong>sub</strong></span> 
     </span>
    </p>
   </div>
   <div class='ocr_carea' id='block_1_2' title="bbox 188 4142 1293 4473">
    <p class='ocr_par' dir='ltr' id='par_1_4' title="bbox 188 4142 1293 4473">
     <span class='ocr_line' id='line_1_36' title="bbox 188 4142 1293 4218; baseline 0 -18"><span class='ocrx_word' id='word_1_285' title='bbox 188 4142 218 4218; x_wconf 79' lang='lat' dir='ltr'><strong>l)</strong></span> <span class='ocrx_word' id='word_1_286' title='bbox 236 4166 249 4195; x_wconf 78' lang='lat' dir='ltr'><strong>s</strong></span> <span class='ocrx_word' id='word_1_287' title='bbox 263 4146 378 4201; x_wconf 79' lang='lat' dir='ltr'><strong>Primus</strong></span> <span class='ocrx_word' id='word_1_288' title='bbox 397 4145 489 4200; x_wconf 77' lang='lat' dir='ltr'><strong>tuisse</strong></span> <span class='ocrx_word' id='word_1_289' title='bbox 510 4145 618 4199; x_wconf 89' lang='lat' dir='ltr'><strong>dicitur</strong></span> <span class='ocrx_word' id='word_1_290' title='bbox 633 4146 807 4213; x_wconf 75' lang='lat' dir='ltr'><strong>Gaistanus,</strong></span> <span class='ocrx_word' id='word_1_291' title='bbox 824 4147 918 4216; x_wconf 85' lang='lat' dir='ltr'><strong>quiin</strong></span> <span class='ocrx_word' id='word_1_292' title='bbox 939 4148 965 4199; x_wconf 92' lang='lat'><strong>1.</strong></span> <span class='ocrx_word' id='word_1_293' title='bbox 978 4164 1006 4216; x_wconf 88' lang='lat' dir='ltr'><strong>q.</strong></span> <span class='ocrx_word' id='word_1_294' title='bbox 1020 4147 1048 4200; x_wconf 82' lang='grc'><strong>3.</strong></span> <span class='ocrx_word' id='word_1_295' title='bbox 1061 4163 1087 4200; x_wconf 85' lang='lat' dir='ltr'><strong>a.</strong></span> <span class='ocrx_word' id='word_1_296' title='bbox 1097 4149 1123 4200; x_wconf 75' lang='grc'><strong>2.</strong></span> <span class='ocrx_word' id='word_1_297' title='bbox 1136 4147 1293 4201; x_wconf 84' lang='lat' dir='ltr'><strong>subsisten-</strong></span> 
     </span>
     <span class='ocr_line' id='line_1_37' title="bbox 188 4236 1292 4307; baseline 0 -16"><span class='ocrx_word' id='word_1_298' title='bbox 188 4239 319 4306; x_wconf 79' lang='lat' dir='ltr'><strong>rsocsplt</strong></span> <span class='ocrx_word' id='word_1_299' title='bbox 339 4237 372 4291; x_wconf 85' lang='lat' dir='ltr'><strong>iu</strong></span> <span class='ocrx_word' id='word_1_300' title='bbox 392 4237 536 4305; x_wconf 76' lang='lat' dir='ltr'><strong>abstracto</strong></span> <span class='ocrx_word' id='word_1_301' title='bbox 553 4252 604 4307; x_wconf 89' lang='lat' dir='ltr'><strong>pro</strong></span> <span class='ocrx_word' id='word_1_302' title='bbox 623 4236 687 4304; x_wconf 88' lang='lat' dir='ltr'><strong>ipsa</strong></span> <span class='ocrx_word' id='word_1_303' title='bbox 711 4238 823 4291; x_wconf 84' lang='lat' dir='ltr'><strong>rationo</strong></span> <span class='ocrx_word' id='word_1_304' title='bbox 844 4237 1021 4291; x_wconf 88' lang='lat' dir='ltr'><strong>subsistendi</strong></span> <span class='ocrx_word' id='word_1_305' title='bbox 1047 4237 1210 4290; x_wconf 77' lang='lat' dir='ltr'><strong>formaliter</strong></span> <span class='ocrx_word' id='word_1_306' title='bbox 1231 4252 1292 4291; x_wconf 87' lang='lat' dir='ltr'><strong>sou·</strong></span> 
     </span>
     <span class='ocr_line' id='line_1_38' title="bbox 188 4326 1293 4397; baseline -0.003 -15"><span class='ocrx_word' id='word_1_307' title='bbox 188 4329 259 4383; x_wconf 76' lang='lat' dir='ltr'><strong>ttius</strong></span> <span class='ocrx_word' id='word_1_308' title='bbox 268 4328 467 4396; x_wconf 79' lang='lat' dir='ltr'><strong>subsistentis,</strong></span> <span class='ocrx_word' id='word_1_309' title='bbox 478 4342 558 4397; x_wconf 87' lang='lat' dir='ltr'><strong>quam</strong></span> <span class='ocrx_word' id='word_1_310' title='bbox 568 4328 696 4382; x_wconf 82' lang='lat' dir='ltr'><strong>moderni</strong></span> <span class='ocrx_word' id='word_1_311' title='bbox 706 4329 798 4384; x_wconf 87' lang='lat' dir='ltr'><strong>ssoutl</strong></span> <span class='ocrx_word' id='word_1_312' title='bbox 808 4328 1013 4383; x_wconf 74' lang='lat' dir='ltr'><strong>suntnFranc.</strong></span> <span class='ocrx_word' id='word_1_313' title='bbox 1026 4326 1058 4380; x_wconf 86' lang='lat' dir='ltr'><strong>ds</strong></span> <span class='ocrx_word' id='word_1_314' title='bbox 1069 4329 1148 4392; x_wconf 72' lang='lat' dir='ltr'><strong>Lago</strong></span> <span class='ocrx_word' id='word_1_315' title='bbox 1156 4326 1232 4396; x_wconf 87' lang='lat' dir='ltr'><strong>disp.</strong></span> <span class='ocrx_word' id='word_1_316' title='bbox 1241 4326 1293 4380; x_wconf 84' lang='lat' dir='ltr'><strong>x1.</strong></span> 
     </span>
     <span class='ocr_line' id='line_1_39' title="bbox 194 4419 274 4473; baseline -0.013 0"><span class='ocrx_word' id='word_1_317' title='bbox 194 4431 224 4473; x_wconf 87' lang='grc' dir='ltr'><strong>ιι.</strong></span> <span class='ocrx_word' id='word_1_318' title='bbox 235 4419 274 4473; x_wconf 74' lang='lat'><strong>2.</strong></span> 
     </span>
    </p>
   </div>
   <div class='ocr_carea' id='block_1_3' title="bbox 0 0 1591 4950">
    <p class='ocr_par' dir='ltr' id='par_1_5' title="bbox 0 0 1591 4950">
     <span class='ocr_line' id='line_1_40' title="bbox 0 0 1591 4950; baseline 0 0"><span class='ocrx_word' id='word_1_319' title='bbox 0 0 1591 4950; x_wconf 95' lang='lat' dir='ltr'><strong> </strong></span> 
     </span>
    </p>
   </div>
  </div>
 </body>
</html>
