3172 4950
873 38 1033 67 ...00-

370 117 476 189 simul
499 117 536 186 in
559 112 781 185 testificando
803 112 1039 182 nominentur.-
1066 112 1134 182 oet
1156 111 1250 183 vidit
1281 113 1457 205 Spiritum
1478 116 1546 188 Dei

369 226 633 300 descendentem
663 222 757 293 siout
787 221 979 292 columbum
1010 226 1047 292 et
1075 221 1272 292 venientem
1304 246 1409 317 super
1433 247 1483 312 se,
1509 233 1549 297 et

369 360 447 408 eooe
478 358 546 406 vox
578 332 620 402 de
651 330 757 400 coelis
788 328 918 400 diesne:
952 330 1011 400 hio
1041 337 1096 399 est
1127 328 1244 400 Filius
1270 338 1368 401 meus
1390 331 1544 404 dilectus

373 441 402 533 (i
417 443 481 516 virs
497 466 553 530 pso
571 441 585 504 i
601 435 769 530 ἀγαπητοί)
795 437 860 507 Mt.
886 437 955 505 III.
977 436 1108 524 16.17;
1138 444 1250 506 eoum
1274 439 1414 508 venerit
1435 439 1543 511 Pera-

370 552 479 622 olitus
503 571 603 643 quem
626 570 690 636 ego
712 546 852 614 mittum
876 544 975 613 vobis
998 565 1020 611 e
1042 545 1159 630 Putre,
1186 545 1359 636 Spiritum
1377 547 1544 620 veritatis

370 660 432 754 qni
454 681 476 727 e
499 659 604 728 Patre
627 653 796 747 procedit,
822 653 884 723 ille
906 653 1144 722 testimonium
1167 653 1365 747 perhibebit
1386 654 1431 725 de
1454 680 1541 728 rnen

370 769 422 837 Io.
439 767 519 836 XV.
535 765 591 834 26.
611 766 658 834 ef.
672 763 721 833 ib.
735 762 834 832 XVI.
855 762 909 830 14.
926 761 980 848 153
1003 790 1020 826 o
1037 784 1100 852 ego
1116 784 1205 849 sum,
1222 763 1283 854 qui
1303 764 1542 838 testimonium

371 875 534 969 perhibeo
557 875 599 943 de
622 872 784 962 meipso,
811 877 848 940 et
871 869 1110 940 testimonium
1133 870 1296 962 perhibet
1317 871 1361 941 de
1382 896 1457 960 me,
1482 879 1544 970 qui

372 985 471 1054 misit
493 1005 557 1068 me,
582 981 689 1050 Peter
712 979 760 1049 ib.
776 978 880 1048 VIII.
896 978 951 1046 18.
964 979 1011 1047 oi.
1029 979 1077 1047 ib.
1094 979 1141 1048 X.
1156 978 1200 1047 25
1223 1001 1295 1072 seq.
1314 986 1381 1051 eto.

437 1092 561 1160 Altero
591 1087 690 1158 modo
723 1085 962 1155 testimonium
985 1086 1079 1153 reale
1100 1084 1143 1154 de
1164 1085 1232 1156 heo
1255 1088 1427 1176 veritate,
1452 1095 1543 1184 quod

374 1231 390 1267 a
408 1201 508 1270 Iesus
523 1204 578 1267 est
592 1196 709 1265 Filius
724 1193 832 1279 Dein,
849 1192 1049 1264 continetur
1064 1193 1102 1262 in
1118 1194 1182 1264 hoo
1205 1194 1292 1285 ipso,
1319 1196 1403 1288 quie
1423 1197 1541 1288 Peter,

371 1309 537 1390 Verbum,
556 1311 592 1374 et
608 1303 765 1395 Spiritus
789 1302 940 1370 Sanetus
955 1307 1029 1370 tres
1046 1324 1152 1371 unum
1169 1308 1263 1373 sunt.
1279 1302 1434 1374 Verbum
1450 1308 1542 1378 enim

371 1415 462 1511 qnod
486 1437 593 1483 unum
617 1418 670 1480 est
693 1434 770 1480 oum
793 1410 898 1479 Patre
921 1415 957 1478 et
981 1409 1119 1501 Spiritu
1143 1411 1283 1497 Seneto,
1310 1432 1391 1481 euro
1409 1415 1543 1486 foetum

370 1532 445 1612 est,
471 1530 507 1594 et
537 1521 691 1592 vidimus
714 1518 864 1609 glorium
893 1519 988 1604 eius,
1022 1519 1171 1608 glorium
1195 1521 1296 1612 qussi
1319 1522 1377 1612 (ὡς
1399 1531 1544 1616 utpote)

371 1630 548 1721 unigeniti
570 1650 592 1697 e
615 1629 721 1697 Putre
744 1625 809 1712 (Io.
828 1624 858 1694 I.
875 1625 945 1711 15),
971 1631 1008 1694 et
1030 1624 1088 1695 bio
1118 1632 1173 1695 est
1194 1627 1269 1718 ipse
1298 1628 1410 1700 Iesus.
1438 1631 1542 1705 Sient

372 1762 463 1834 eque
486 1745 523 1808 et
546 1735 692 1826 sanguis
714 1735 753 1804 in
774 1740 871 1804 terre
894 1739 978 1804 sunt
999 1734 1237 1805 testimoninm
1259 1737 1354 1807 reule
1375 1763 1441 1831 pro
1457 1766 1543 1814 vers

371 1848 591 1918 humanitate
613 1845 695 1915 Iesu
717 1842 863 1928 Christi,
881 1843 935 1912 ite
956 1849 1030 1913 tres
1053 1844 1091 1912 in
1113 1843 1219 1929 ooelo,
1237 1845 1354 1932 Peter,
1372 1847 1538 1937 Verbum,

371 1963 408 2027 et
423 1955 578 2047 Spiritus
595 1953 759 2037 Sanetus,
779 1953 865 2043 quia
887 1975 992 2017 unum
1013 1965 1106 2033 sunt,
1131 1973 1167 2020 se
1183 1951 1270 2043 ipsis
1286 1954 1373 2023 dont
1387 1958 1541 2028 testimo·

371 2063 469 2136 nium
491 2062 585 2132 reule
608 2080 669 2153 pro
693 2080 778 2129 vera
800 2058 970 2129 filiatione
993 2058 1117 2130 divine
1139 2059 1247 2130 Verbi
1271 2061 1461 2152 inoernuti,
1480 2067 1539 2160 qui

371 2179 426 2244 est
447 2172 547 2241 Iesus
569 2167 746 2236 Christus.

437 2279 494 2348 Ex
516 2277 574 2346 his
596 2297 684 2368 quus
707 2274 872 2359 diximus,
897 2272 1046 2364 petendu
1068 2278 1123 2343 est
1145 2274 1274 2346 solutio
1304 2274 1536 2367 diffiouliutis,

372 2412 475 2489 quom
499 2384 679 2456 Sooiniuni
694 2390 731 2453 et
746 2384 837 2475 quod
860 2403 942 2451 eene
965 2381 1104 2469 mirum,
1129 2383 1236 2453 etiem
1251 2383 1363 2477 aliqui
1375 2387 1542 2458 catholini

372 2495 558 2585 (Placidus
582 2494 753 2577 Stdrmer,
778 2491 957 2579 Dobmuyr
980 2494 1069 2576 ete.)
1093 2496 1216 2560 contre
1238 2491 1310 2561 vim
1326 2493 1541 2582 probotionis

370 2629 413 2677 ex
429 2605 494 2674 hoo
509 2609 611 2673 textu
628 2605 876 2693 opposuerunt.
894 2597 1049 2669 Inoisum
1076 2603 1180 2668 atres
1196 2622 1304 2668 unum
1320 2608 1437 2671 sunto
1456 2626 1493 2673 v.
1507 2603 1539 2690 8,

371 2714 485 2798 aiunt,
510 2734 577 2781 non
601 2716 750 2779 naturae
773 2708 833 2777 sed
856 2705 1019 2775 moralem
1042 2704 1281 2777 tantummodo
1303 2708 1476 2780 unitatem
1488 2712 1541 2781 in·

371 2821 478 2906 dieat,
504 2840 706 2889 eonsensum
730 2815 865 2886 scilieet
895 2814 1110 2900 testimonii,
1144 2838 1227 2905 ergo
1254 2838 1366 2908 neque
1388 2840 1432 2888 ex
1456 2843 1493 2890 v.
1523 2821 1542 2889 7

371 2929 444 2998 ulie
467 2927 587 2997 unitas
611 2922 844 2995 demonstrari
867 2927 995 3013 potest.

438 3035 616 3127 Imprimis
631 3034 668 3102 in
684 3032 808 3102 inciso:
831 3032 900 3102 ahi
916 3037 990 3100 tres
1011 3051 1118 3101 unum
1134 3036 1218 3101 sunt
1230 3059 1261 3117 o,
1280 3032 1374 3102 inter
1389 3035 1542 3106 version

371 3148 445 3217 lum
456 3147 477 3216 7
489 3150 526 3215 et
537 3145 559 3211 8
570 3165 680 3236 neque
693 3141 952 3232 parellelismus
964 3139 1117 3210 verbalis
1133 3140 1356 3211 indubitatus
1368 3149 1435 3229 eet,
1450 3152 1544 3215 oerte

371 3278 439 3326 non
461 3259 516 3325 est
537 3250 797 3345 parellelismus
827 3248 945 3319 realis.
972 3248 1061 3318 Nem
1092 3248 1130 3317 in
1162 3249 1299 3339 graecis
1329 3250 1544 3322 editionibus

372 3368 540 3454 (excepte
555 3359 805 3452 complutensi)
818 3382 853 3427 v.
878 3358 910 3427 7·
922 3362 987 3426 est:
1003 3357 1032 3423 ἐν
1048 3352 1105 3421 icor
1118 3380 1224 3426 unum
1244 3364 1349 3448 eunt;
1376 3384 1412 3429 v.
1428 3360 1543 3431 Bran.

370 3477 453 3541 tem:
473 3465 514 3542 ἐις
530 3492 562 3534 το
580 3467 608 3534 ἐν
626 3464 682 3533 ἐισι
699 3469 737 3537 in
753 3491 861 3538 unum
878 3471 973 3537 sunt.
988 3466 1032 3535 In
1043 3466 1281 3558 complutensi
1303 3493 1339 3538 v.
1356 3469 1378 3537 7
1392 3467 1540 3559 legitur:

372 3579 412 3650 ἑις
428 3600 461 3643 το
479 3577 508 3642 ἐν
526 3579 594 3659 iton,
612 3601 648 3647 v.
675 3577 777 3646 8hoo
801 3576 950 3646 incisum
982 3575 1119 3644 omnino
1151 3574 1259 3644 deest.
1285 3575 1343 3645 Its
1373 3576 1481 3646 etiem
1505 3575 1542 3646 in

371 3684 494 3755 multis
523 3683 620 3754 codd.
639 3683 764 3753 latinis
787 3683 899 3752 solum
915 3681 957 3751 de
972 3681 1122 3751 testibus
1137 3682 1175 3751 in
1192 3681 1285 3751 ooelo
1308 3681 1455 3772 legitur:
1478 3712 1496 3748 α
1509 3688 1545 3753 et

371 3792 411 3862 hi
426 3799 499 3862 tree
514 3814 622 3862 unum
646 3797 730 3860 sunt
743 3815 782 3879 »3
808 3790 849 3861 de
872 3790 1023 3860 testibus
1055 3790 1197 3859 veroin
1221 3797 1319 3860 terre
1348 3789 1541 3878 omittitur,

372 3901 473 3973 ouius
496 3899 682 3970 varietatis
703 3904 843 3990 praeter
875 3897 1007 3970 oodioes
1038 3897 1131 3990 ipsos
1161 3897 1223 3992 qui
1252 3903 1395 3985 extent,
1419 3904 1544 3971 testem

264 4096 268 4105 Ι
371 4010 537 4081 hebemus
547 4008 738 4080 Consilium
755 4008 875 4077 Later.
885 4006 950 4077 IV.
966 4006 1100 4094 (Hand.
1118 4007 1202 4078 VII.
1217 4030 1252 4098 p.
1268 4006 1345 4094 18).
1363 4007 1423 4077 itu
1437 4009 1544 4079 etism

372 4116 410 4188 S.
425 4116 575 4186 Thomas
598 4120 833 4202 (commentar.
859 4111 896 4182 in
912 4112 961 4182 Π.
980 4113 1145 4184 decretal.
1166 4114 1208 4184 de
1228 4137 1346 4184 errore
1365 4116 1445 4185 abb.
1467 4114 1545 4186 Ios·
