3172 4950
176 454 349 544 'fregerius
370 455 616 525 Nazianzenus
637 456 677 524 in
699 479 738 526 eo
760 456 837 548 ipso
867 457 942 527 loeo
962 475 987 544 ,¹
1004 459 1065 550 qui
1097 457 1263 527 obiicitur
1293 465 1330 527 et

176 584 255 631 uem
279 562 383 653 paulo
405 569 487 632 ante
511 564 724 650 citavimus,
754 594 770 630 a
789 565 1026 635 differentiam
1058 564 1323 635 eradiationisn

176 670 305 740 ollooat
327 670 364 739 in
387 671 557 736 relatione
586 669 632 737 ad
659 673 802 740 invicem
838 671 882 761 (το
912 668 1048 764 dispositu
1078 693 1132 740 την
1162 667 1330 762 inperetur

176 802 206 840 αι
231 800 287 850 της
309 800 382 870 προς
403 775 528 846 arista
545 776 710 866 σχεσεως).
727 781 770 850 2⁹.
783 781 881 850 Duae
897 784 982 849 sunt
993 777 1213 870 quaestiones
1225 776 1328 846 valde

176 885 335 970 iversaa,
361 891 481 955 utrum
506 887 628 955 sinon
652 888 812 958 obviaret
834 889 1017 955 relationis
1040 887 1210 976 oppositio
1234 882 1329 951 inter

176 992 288 1060 'ilium
310 997 346 1059 et
369 991 541 1081 Spiritum
565 993 744 1079 Sanctum,
770 993 998 1063 nihilominus
1021 991 1329 1081 distinguerentur

176 1097 301 1165 saliter
315 1097 409 1166 inter
431 1119 490 1184 se,
516 1106 552 1167 et
574 1101 713 1186 altera,
747 1106 868 1168 utrum
898 1099 1080 1191 supposita
1110 1097 1327 1187 processione

176 1208 314 1298 piritus
337 1208 458 1276 Sancti
482 1208 587 1278 etiam
611 1230 653 1276 ex
668 1206 763 1276 Filio
779 1214 883 1299 atque
906 1208 960 1277 ita
983 1208 1164 1298 supposita
1186 1207 1328 1277 relatio-

176 1316 211 1383 is
234 1315 451 1405 oppositione
474 1322 510 1384 et
532 1314 620 1384 reali
650 1314 877 1384 distinctione
907 1315 1056 1383 duarum
1080 1336 1326 1405 personarum,

176 1444 303 1490 ersona
325 1427 473 1515 utraque
496 1423 636 1493 diverso
659 1422 758 1491 modo
781 1423 947 1513 procedat
978 1423 1055 1507 ita,
1083 1429 1124 1491 ut
1148 1443 1219 1490 una
1242 1444 1324 1491 vers

176 1528 204 1596 it
218 1527 335 1597 Filius
350 1529 481 1614 Patris,
496 1529 609 1599 altera
632 1552 700 1598 non
724 1529 773 1598 sit
794 1529 911 1597 Filius
926 1528 1025 1614 Filii,
1040 1526 1326 1621 quemadmodum

176 1641 279 1704 'atres
301 1637 404 1705 aiunt
426 1643 548 1727 (supra
570 1661 604 1727 p.
619 1637 698 1704 454.
710 1634 803 1722 503),
822 1659 884 1704 seu
900 1635 1017 1704 Filius
1034 1634 1153 1703 Patris
1167 1656 1209 1704 ae
1224 1634 1324 1703 Filii.

176 1744 211 1811 id
235 1745 474 1835 quaestionem
497 1745 646 1836 priorem
670 1745 836 1834 negative
859 1743 1134 1834 respondendum
1166 1764 1239 1811 esse
1270 1743 1326 1811 de·

176 1853 456 1940 ronstmvimus3
482 1853 526 1921 ad
548 1853 696 1920 alteram
713 1874 755 1919 ex
778 1851 939 1920 doctrina
962 1851 1148 1921 manifesta
1165 1852 1323 1941 Scriptu-

176 1980 214 2026 se
237 1963 274 2027 et
289 1959 435 2027 Petrum
457 1963 595 2027 constat
615 1964 653 2026 et
674 1979 696 2025 a
718 1958 818 2026 nobis
849 1957 983 2047 pridem
1010 1958 1248 2027 demonstrata
1270 1964 1325 2027 est

176 2065 332 2156 esponsio
355 2065 566 2136 affirmativa
589 2067 657 2153 (th.
676 2065 790 2132 XXX.
809 2065 975 2152 XXXI.).

220 2174 296 2243 Hoc
318 2173 431 2242 altero
455 2196 557 2243 sensu
580 2173 738 2266 loquitur
760 2174 987 2263 Augustinus
1003 2175 1039 2242 in
1055 2174 1254 2242 testimonio
1276 2172 1327 2240 al·

176 2287 256 2366 sto,
283 2303 350 2372 quo
372 2280 581 2350 Frcssenius
604 2302 700 2348 suum
724 2280 851 2349 thesim
874 2282 1020 2370 probare
1038 2281 1165 2349 voluit.
1181 2280 1327 2362 Quoties

176 2389 380 2479 rugustinus
405 2390 567 2480 quaerit,
594 2390 761 2480 quomodo
777 2411 942 2478 personae
965 2388 1106 2458 divinae
1130 2394 1166 2457 et
1181 2387 1326 2478 proinde

176 2496 264 2564 tiam
286 2495 403 2563 Filius
425 2516 466 2563 ac
489 2496 646 2585 Spiritus
670 2496 823 2564 Sanetus
850 2495 942 2564 inter
970 2519 1006 2564 se
1036 2496 1323 2584 distinguantur,

176 2625 289 2692 smper
311 2603 507 2693 respondet,
533 2610 576 2672 ut
597 2603 700 2672 initio
724 2603 888 2688 diximus,
914 2601 1041 2672 realem
1065 2601 1322 2671 distinctionem

176 2734 190 2777 r
213 2707 349 2778 divinis
375 2709 509 2777 nullam
532 2732 606 2778 esse
629 2731 728 2799 posse
752 2710 822 2778 nisi
846 2733 887 2776 ec
909 2710 1079 2776 relatione
1100 2707 1147 2775 cd
1168 2712 1322 2777 invicem.

176 2815 293 2882 eloco
324 2814 433 2883 citato
460 2820 577 2883 autem
604 2838 673 2883 non
694 2815 736 2884 de
764 2815 991 2884 distinetione
1019 2815 1110 2904 agit,
1142 2816 1201 2884 sed
1225 2815 1324 2882 illam

176 2921 321 3011 opponit
343 2927 379 2989 et
400 2922 508 2990 etiam
531 2922 695 2990 enuntiat
718 2944 793 2991 esse
816 2944 858 2991 ex
886 2944 948 3007 eo,
974 2923 1065 3014 quod
1090 2921 1246 3013 Spiritus
1263 2943 1325 3010 per

176 3028 290 3097 rodum
314 3028 407 3114 doni,
427 3028 463 3096 h.
481 3051 511 3097 e.
530 3050 593 3119 per
615 3028 837 3098 dilectionem
860 3029 1019 3120 procedit
1051 3029 1143 3098 sicut
1174 3053 1195 3096 a
1217 3029 1322 3096 Patre

176 3157 205 3205 a
228 3158 250 3202 a
272 3135 379 3205 Filio.
398 3136 566 3218 Quaestio
588 3136 678 3204 enim
702 3136 899 3225 Augustini
922 3137 971 3204 ibi
995 3142 1073 3221 est,
1099 3143 1218 3205 utrum
1240 3135 1326 3204 licet

179 3240 312 3331 piritus
336 3241 488 3311 Sanetus
512 3242 675 3331 procedat
697 3243 838 3311 aPatre
861 3248 898 3311 et
919 3242 1013 3311 Filio
1030 3252 1070 3312 ut
1085 3243 1190 3311 datus
1206 3249 1243 3312 et
1256 3264 1325 3310 non

176 3355 194 3417 t
215 3355 337 3433 natus,
363 3347 592 3417 nihilominus
606 3350 713 3416 Pater
729 3355 765 3418 et
779 3348 897 3417 Filius
913 3349 1081 3419 veredici
1102 3349 1215 3440 possit
1230 3349 1323 3439 prin-

176 3455 284 3544 ipium
308 3455 466 3544 Spiritus
489 3455 622 3524 Sancti.
644 3457 825 3525 Affirmat:
854 3457 1068 3526 «fotendum
1092 3463 1165 3542 est,
1185 3457 1323 3525 Patrem

176 3569 188 3631 t
208 3562 342 3631 Filium
365 3563 576 3653 principium
600 3586 675 3632 esse
698 3564 856 3654 Spiritus
879 3564 1000 3633 Sancti
1018 3587 1085 3632 non
1103 3565 1171 3632 duc
1195 3563 1323 3653 princi·

176 3672 237 3758 ia3
263 3673 324 3740 scd
347 3671 440 3741 sieut
462 3673 567 3741 Pater
589 3680 626 3741 et
647 3673 764 3742 Filius
787 3696 878 3742 unus
892 3673 1036 3742 Deuset
1059 3673 1103 3740 ad
1126 3675 1323 3740 creaturam

176 3777 302 3848 slative
326 3801 417 3847 unus
440 3786 576 3848 creator
592 3785 628 3848 et
643 3803 735 3848 unus
750 3780 931 3865 Dominus,
950 3780 1002 3848 sic
1017 3778 1168 3847 relative
1183 3778 1228 3846 ed
1246 3777 1323 3867 Spi-

176 3884 260 3952 itum
283 3884 449 3953 Sanctum
473 3908 582 3955 unum
605 3887 829 3977 principium
846 3886 891 3955 ud
903 3893 1100 3957 creaturam
1118 3908 1201 3955 vero
1218 3886 1323 3953 Pater

176 3991 320 4061 tFilius
342 3999 379 4062 et
401 3993 559 4083 Spiritus
582 3994 734 4064 Sanctus
757 4018 864 4063 unum
887 3995 1098 4085 principium
1115 3994 1209 4064 sicut
1231 4017 1323 4061 unus

176 4104 287 4167 rector
309 4104 346 4166 et
369 4121 460 4167 unus
482 4100 590 4168 Deus.
611 4127 628 4162 c
662 4100 861 4170 incidenter
892 4101 1016 4170 deinde
1046 4100 1320 4183 animadvertit,

176 4206 227 4274 teo
250 4204 334 4295 quia
357 4212 398 4275 ut
420 4206 525 4275 datus
548 4212 584 4275 et
606 4230 674 4275 non
698 4214 740 4278 ut
762 4214 868 4277 natus
883 4209 1050 4298 procedit,
1067 4207 1240 4297 Spiritum
1252 4228 1322 4274 non

176 4312 277 4379 abere
299 4313 469 4380 rationem
492 4312 592 4399 Filii,
617 4337 685 4382 non
707 4315 811 4406 quasi
834 4314 915 4385 inde
938 4339 1000 4406 per
1023 4338 1059 4383 se
1084 4316 1133 4383 sit
1154 4312 1247 4380 ratio
1270 4311 1323 4380 di·

176 4418 351 4490 inctionis
374 4441 395 4487 a
417 4420 511 4490 Filio
527 4421 653 4507 unico,
679 4423 740 4491 ssd
763 4423 855 4513 quod
870 4422 1098 4494 distinctions
1111 4421 1182 4490 iam
1198 4440 1322 4510 suppo·
