3172 4950
591 353 628 366 -
651 319 690 380 45
712 352 749 365 -

73 427 256 499 Ecclesiae
279 451 348 496 non
371 428 605 520 permisisset,
631 432 814 496 attextus
836 426 1009 494 humanus
1026 425 1063 494 in
1084 423 1251 495 universa
1324 452 1328 459 ·

73 538 236 607 Ecclesia
259 537 430 605 communi
453 537 674 607 consensione
693 541 730 605 et
751 534 889 624 publico
906 556 973 603 usu
987 557 1049 625 per
1062 533 1166 624 plura
1178 555 1250 601 saa-

73 645 158 714 cnla
179 643 407 714 adhiberetur
428 650 606 736 tamquam
637 645 780 714 verbnm
809 642 876 712 Dei
898 641 1067 732 seriptum
1090 641 1153 729 (1).
1179 641 1249 709 Un-

73 754 118 821 de
142 776 211 820 non
232 753 391 823 examine
414 753 550 822 demum
577 753 700 822 critico
735 751 986 842 explorandum
1021 755 1093 834 est,
1131 755 1249 819 utrum

73 867 198 931 textus
212 860 413 931 bninsmodi
428 862 645 951 dogmaticus
658 861 835 931 exstiterit
846 859 921 928 sive
933 858 969 927 in
981 858 1164 950 primitiva
1179 857 1250 927 edi·

73 970 171 1038 tione
193 969 361 1060 originali
385 970 461 1040 sive
496 969 619 1039 saltem
642 970 690 1049 in·
703 969 885 1060 primitiva
919 965 1077 1036 versione
1113 965 1246 1051 latina,

73 1082 118 1145 nt
138 1098 182 1145 ex
204 1075 272 1145 tali
295 1077 452 1145 examine
474 1078 681 1147 decernatur
697 1077 738 1146 de
754 1076 830 1145 eius
853 1072 1071 1165 genuinitate
1095 1073 1152 1142 vel
1170 1098 1249 1165 snp-

72 1183 261 1274 positione.
287 1183 355 1253 Sed
378 1184 411 1253 si
432 1190 552 1255 textus
574 1208 634 1277 per
658 1208 694 1254 se
718 1170 766 1253 sit
788 1184 864 1253 eius
886 1181 1034 1268 indolis,
1068 1186 1109 1251 ut
1131 1181 1249 1252 Eccle-

72 1293 148 1360 siae
171 1293 329 1362 definitio
352 1293 397 1361 ad
419 1315 497 1361 enm
520 1292 714 1383 pertineat,
740 1299 777 1361 et
799 1291 830 1361 si
853 1296 1005 1381 tempore
1021 1289 1170 1360 concilii
1181 1312 1248 1358 mo-

73 1398 139 1485 do,
166 1422 234 1492 qno
257 1399 429 1484 diximus,
454 1399 492 1467 in
515 1400 673 1469 Ecclesia
706 1398 880 1468 catholica
912 1398 984 1487 legi
1011 1387 1193 1469 donauevit
1215 1401 1250 1465 et

74 1514 113 1576 in
136 1510 246 1575 ceteri
266 1507 411 1596 culpata
435 1507 551 1575 latino
575 1505 724 1575 editione
739 1506 775 1576 h.
788 1529 818 1576 e.
833 1529 876 1576 ex
892 1505 996 1596 longo
1011 1506 1081 1574 iam
1096 1510 1249 1594 tempore

72 1617 289 1699 habebatur,
323 1615 457 1685 censeri
490 1616 592 1686 debet
613 1623 733 1686 textus
758 1615 870 1707 quoad
894 1638 1033 1685 sensnm
1061 1613 1249 1684 conformis

74 1723 278 1816 primitivae
301 1724 494 1794 sententiae
517 1724 582 1793 snb
604 1724 834 1815 inspiratione
857 1721 979 1793 divina
994 1719 1157 1813 scriptae.
1175 1721 1249 1790 Imo

74 1833 112 1902 id
135 1855 259 1902 verum
282 1837 392 1917 esset,
429 1831 567 1900 etiamsi
602 1836 779 1906 constaret
804 1837 900 1900 carta
934 1830 1247 1915 demonstratione,

75 1945 211 2008 textum
235 1941 273 2008 in
295 1938 442 2008 latinam
466 1939 651 2008 editionem
675 1938 888 2031 postliminio
911 1938 1021 2006 fnisse
1038 1943 1246 2028 susceptum;
1275 1932 1276 1936 ’

75 2048 141 2116 hoc
157 2048 247 2116 enim
265 2047 376 2116 solum
388 2047 564 2137 probaret,
579 2069 698 2116 veram
713 2047 895 2117 lectionem
907 2069 975 2114 non
992 2045 1132 2141 quidem¹
1146 2067 1167 2113 a
1179 2045 1250 2137 pri·

76 2177 131 2223 mo
142 2160 283 2224 auctore
295 2154 466 2225 versionis
476 2153 607 2223 latinae
619 2155 679 2223 sed
691 2154 761 2223 alio
776 2154 874 2222 modo
889 2154 988 2236 nobis
1011 2160 1249 2224 conservatam

79 2264 197 2332 fnisse.
223 2263 489 2354 Consequuntur
512 2263 596 2333 haec
619 2263 813 2332 necessario
828 2286 871 2333 ex
887 2262 1060 2353 principio
1083 2261 1249 2331 assisten-

79 2369 149 2438 tiae
171 2368 328 2459 Spiritus
351 2369 516 2440 veritatis
539 2370 737 2439 inducentis
760 2372 797 2438 in
822 2393 953 2440 omnem
986 2370 1189 2454 veritatem,
1215 2374 1251 2457 et
1332 2442 1336 2451 ,

82 2501 121 2544 ex
144 2478 313 2568 pendente
335 2477 416 2547 inde
439 2477 699 2548 infallibilitate
722 2478 900 2549 Ecclesiae
916 2479 952 2547 in
968 2477 1127 2548 custodia
1150 2476 1250 2548 verbi

82 2583 144 2650 Dei
165 2583 241 2652 sive
263 2582 390 2673 scripti
412 2585 488 2654 sive
510 2584 647 2654 traditi.
674 2584 794 2676 Neque
817 2591 946 2654 tamen·
967 2585 1044 2655 ideo
1077 2589 1246 2674 negatur,

84 2689 205 2779 optime
228 2691 353 2760 mereri
375 2696 411 2761 et
433 2691 537 2761 laude
560 2692 783 2783 dignissimos
805 2715 880 2762 esse
909 2693 1022 2781 viros,
1036 2693 1246 2778 catholicos,

85 2795 197 2886 quiin
220 2798 443 2888 explorandis
466 2798 577 2868 variis
599 2799 807 2870 lectionibus
830 2800 905 2870 sive
928 2806 1048 2870 textus
1064 2799 1249 2891 originalis

87 2903 153 2971 sive
173 2895 338 2973 editionis
361 2905 529 2995 vulgatae
552 2929 651 2975 suam
674 2928 812 2997 operam
827 2908 1043 2999 impendunt3
1063 2931 1140 2976 cnm
1157 2906 1249 2976 enim

87 3010 210 3080 veritas
240 3012 390 3082 veritati
423 3015 659 3084 contradicere
693 3021 861 3106 nequeat,
896 3015 1095 3084 huiusmodi
1131 3015 1250 3084 studia

90 3120 259 3188 conterunt
281 3120 327 3188 ad
349 3120 618 3190 confirmandam
641 3122 697 3191 vel
733 3129 826 3192 certe
860 3123 1108 3193 illustrandam
1142 3124 1248 3192 ratio·
1319 3103 1327 3120 ¹

91 3248 156 3294 nem
177 3226 347 3317 genuinae
369 3229 542 3299 lectionis.
580 3229 750 3312 Quamvis
785 3230 876 3300 enim
908 3231 993 3300 haec
1020 3231 1057 3300 in
1088 3231 1249 3321 partibus

92 3356 144 3421 per
163 3360 197 3406 se
218 3337 427 3426 dogmaticis
449 3360 491 3407 ex
515 3339 686 3429 principio
717 3339 915 3430 dogmatico
940 3346 1099 3410 constare
1123 3344 1246 3432 queat,

151 3625 189 3699 (1)
206 3631 246 3684 De
266 3629 460 3684 declaratione
482 3632 649 3685 authentiae
671 3633 811 3697 vulgatae
830 3633 873 3686 ita
886 3632 989 3687 scribit
1011 3632 1166 3687 historicus
1180 3631 1249 3686 (ion-

92 3716 151 3769 oilii:
173 3737 185 3765 ι
199 3720 229 3772 in
249 3719 293 3773 cib
306 3719 368 3773 sare
379 3721 402 3773 il
423 3719 552 3774 concilio
565 3720 692 3775 dovendo
705 3722 854 3788 procedere
874 3739 924 3776 con
938 3724 965 3775 le
979 3722 1121 3789 <litigenae
1135 3738 1246 3791 amane,

94 3808 165 3869 parab
182 3808 232 3860 che
252 3808 373 3862 secondo
391 3824 453 3862 esse
475 3823 531 3862 non
550 3812 690 3865 convenia
709 3815 755 3864 tra
768 3812 795 3864 le
817 3811 1056 3877 interpretationi
1076 3812 1247 3878 approvarsi

95 3892 155 3947 altra
176 3898 267 3950 allora
288 3896 339 3951 clia
362 3899 391 3950 la
411 3898 552 3965 volgata,
573 3914 649 3953 coma
672 3901 770 3966 quella
791 3900 842 3952 che
865 3915 1015 3953 avanzava
1037 3901 1113 3952 tutte
1133 3899 1249 3953 d‘anto-

95 3982 169 4038 ritis
186 3986 235 4040 che
255 3986 402 4042 essendosi
422 3988 576 4056 adoperats
595 3989 840 4064 universalmente
854 3989 900 4044 dal
915 3993 1008 4057 tempo
1025 3988 1055 4042 di
1072 3989 1101 4043 S.
1112 3988 1250 4056 Gregorio

95 4068 138 4124 fluo
155 4091 171 4127 a
187 4078 335 4144 qnest'eta
353 4079 433 4131 nella
452 4077 574 4146 chiesa,
596 4081 674 4132 toccb
694 4080 755 4133 alla
776 4079 877 4133 divina
904 4075 1100 4147 provvidenra
1124 4080 1149 4132 il
1174 4080 1251 4132 faria

95 4166 175 4216 cana
191 4163 226 4217 da
245 4166 337 4219 errori
356 4167 387 4219 in
406 4181 468 4220 cese
488 4165 519 4218 di
538 4167 602 4220 fede
622 4184 636 4220 e
656 4169 785 4234 costumi,
802 4183 852 4234 par
866 4171 984 4222 tenerne
998 4170 1098 4221 assuta
1108 4168 1137 4219 la
1147 4166 1251 4220 chiesa
1270 4174 1274 4181 ’

94 4246 132 4300 ebe
147 4251 174 4304 di
192 4255 231 4307 lei
249 4255 275 4307 si
295 4255 444 4308 relevaE
464 4255 530 4308 vide
550 4256 600 4310 che
621 4273 651 4310 se
671 4273 726 4310 non
747 4259 868 4311 bastava
888 4273 945 4311 una
964 4259 1006 4311 tal
1027 4258 1154 4323 ragione,
1171 4259 1249 4310 tutte

95 4334 115 4386 le
129 4353 212 4395 ruore
228 4342 419 4410 inquisitioni
438 4358 494 4397 non
507 4345 622 4399 seriano
637 4346 751 4400 hastata
765 4362 782 4400 a
795 4346 904 4401 schifar
917 4348 946 4400 la
957 4344 1109 4400 medesima
1120 4343 1247 4398 dublett.

95 4422 214 4487 Pallaric.
227 4434 249 4487 1.
263 4433 314 4488 vl.
325 4448 350 4487 c.
367 4433 411 4488 17.
422 4449 452 4488 n.
463 4432 490 4487 5.
