3172 4950
721 327 760 342 ..
781 295 842 358 300
861 327 901 343 .-

223 405 406 492 HI.11.),
432 410 495 472 aut
516 402 640 472 saltem
663 423 726 492 per
747 400 904 470 homines
926 400 993 470 Dei
1014 399 1153 490 legatos
1177 402 1260 489 (sub
1280 423 1369 472 neos
1398 438 1401 489 j

224 515 319 583 saria
341 519 377 582 et
399 518 593 604 opportuna
615 509 810 580 ostensione
832 508 1010 577 missionis
1032 515 1069 578 ct
1083 509 1371 596 auctoritstism·
1394 542 1401 573 ι

224 623 399 692 trinsecus
422 622 527 690 verbo
557 627 593 689 et
615 619 774 688 doctrina
805 624 1047 708 proponuntur
1074 639 1134 686 res
1159 638 1202 688 ao
1232 619 1372 689 veritates

224 730 433 814 credendae,
460 735 496 798 et
518 728 731 797 intrinsecus
754 726 875 816 gratia
897 726 1091 812 illuminat,
1111 726 1257 812 excitat,
1280 726 1373 797 stols

225 845 289 908 vat
318 838 362 907 ad
393 836 695 928 supernaturalem
723 836 825 905 fidem
857 835 1117 925 concipiendam
1140 835 1213 922 (cf.
1227 834 1265 904 S.
1278 835 1371 906 tna

224 947 258 1014 2.
275 971 331 1038 qq.
351 945 428 1014 173.
446 945 592 1031 et174.;
619 944 661 1013 de
677 943 838 1013 Veritate
855 968 888 1034 q.
905 943 960 1011 12.
972 964 1005 1011 a.
1018 943 1053 1010 7.
1067 942 1373 1034 colticarum

225 1053 336 1142 primo
359 1058 396 1120 et
419 1052 567 1121 secundo
590 1052 690 1120 modo
713 1050 951 1135 revelationis,
971 1050 1032 1143 qui
1048 1057 1134 1120 sunt
1149 1052 1241 1120 modi
1253 1053 1373 1143 propio

227 1163 289 1227 tici
299 1209 308 1241 ,
333 1159 377 1228 ad
402 1182 473 1229 rem
490 1166 707 1250 praesentem
723 1160 813 1253 quod
829 1166 976 1251 spectat,
996 1183 1073 1228 oum
1089 1161 1309 1250 proportione
1321 1161 1388 1231 tus·

224 1268 315 1336 idem
339 1267 479 1352 valeat,
506 1268 596 1358 quod
619 1267 751 1337 dicturi
774 1290 893 1336 sumus
916 1266 958 1335 de
982 1270 1091 1336 tertio
1114 1268 1226 1355 modo;
1244 1274 1372 1338 uuuots·
1399 1342 1401 1347 ,

226 1398 301 1444 meu
325 1376 437 1443 solum
460 1375 500 1444 de
523 1376 588 1444 hoc
610 1375 720 1444 tertio
738 1375 967 1445 revelationis
990 1376 1088 1445 modo
1105 1375 1257 1464 agimus,
1274 1376 1371 1468 quiss-

225 1482 375 1550 cundum
397 1490 614 1572 praesentem
635 1483 703 1551 Dei
725 1481 1210 1575 providentiamffordinurius
1232 1497 1296 1552 est.

292 1589 368 1657 Iam
391 1590 428 1657 iu
451 1590 516 1658 hoc
540 1591 638 1659 modo
661 1589 889 1658 revelationis
910 1589 1028 1659 lumen
1051 1591 1192 1680 gratiae
1223 1582 1401 1669 isarnus}

226 1720 286 1787 per
309 1721 345 1766 se
368 1721 435 1766 non
460 1697 614 1787 pertinet
637 1699 681 1767 ad
704 1700 799 1790 ipsos
822 1705 1008 1788 conceptus
1024 1699 1134 1767 menti
1151 1698 1401 1783 infundendos,

226 1806 286 1874 sed
302 1807 468 1896 supponit
483 1806 751 1897 propositionem
769 1830 886 1875 rerum
902 1805 1152 1876 credendarum
1169 1796 1401 1913 extrinsecos}

226 1912 337 1981 indoli
360 1913 485 1982 mentis
509 1913 679 1983 humanae
703 1935 904 2003 congruam:
933 1945 950 1979 a
968 1913 1055 1983 fides
1077 1937 1119 1983 ex
1142 1914 1282 2000 auditu,
1297 1912 1401 1985 audi-l

226 2028 285 2088 tus
308 2027 423 2089 autem
448 2043 509 2110 per
532 2023 675 2091 verbum
697 2022 866 2091 Christis
900 2029 967 2092 etc.
989 2023 1089 2093 Rom
1107 2024 1155 2093 X.
1174 2024 1230 2093 14.
1248 2047 1316 2118 sqq.
1335 2021 1401 2095 All

225 2128 360 2194 verbnm
382 2150 404 2195 a
427 2130 525 2197 nobis
547 2153 616 2198 non
639 2129 795 2215 auditur,
822 2154 883 2200 seu
906 2130 1067 2200 doctrina
1082 2131 1184 2201 nobis
1198 2156 1267 2202 nou
1280 2130 1385 2203 estis·-

225 2235 447 2327 telligibilis,
473 2259 536 2306 nec
559 2236 652 2306 ullas
681 2260 860 2328 possamus
882 2261 924 2307 ex
947 2260 990 2308 ea
1010 2240 1191 2329 proposita
1221 2239 1373 2329 corrupere
1393 2252 1398 2305 ζ

226 2367 342 2414 rerum
366 2344 473 2430 ideas,
500 2352 536 2413 et
557 2346 703 2435 proinde
725 2346 832 2415 etiam
848 2345 984 2416 nullum
1001 2354 1183 2437 praestare
1198 2366 1373 2418 connum

227 2453 429 2544 explicitum
452 2455 489 2520 in
513 2454 699 2523 veritatem
723 2455 956 2545 propositam,
984 2457 1055 2524 nisi
1077 2457 1250 2527 revelatio
1277 2455 1371 2546 aliqu

227 2563 325 2631 modo
342 2567 604 2630 connecteretur
617 2586 694 2630 eum
710 2563 836 2632 mentis
847 2571 988 2634 nostrae
999 2566 1201 2636 notionibus
1216 2567 1284 2634 iam
1296 2582 1373 2655 prus»

226 2670 359 2739 habitis
382 2676 518 2739 etcum
547 2671 760 2740 veritatibus
791 2673 1040 2761 praecognitis.
1065 2672 1174 2744 Valet
1203 2673 1304 2743 etiam
1327 2668 1371 2737 lis

225 2778 315 2869 quod
328 2778 554 2867 Augustinus
565 2778 618 2846 ait
633 2783 701 2868 (ep.
713 2777 790 2847 120.
802 2803 837 2847 n.
853 2778 916 2866 3.):
938 2780 1073 2849 setiam
1084 2781 1225 2850 eredere
1239 2804 1303 2850 nou
1315 2797 1371 2869 por

225 2909 363 2971 semus,
389 2886 461 2953 nisi
483 2884 677 2954 rationales
706 2886 841 2954 animas
872 2885 1088 2957 haberemus.
1111 2915 1129 2951 n
1156 2887 1278 2971 Quoad
1303 2885 1372 2952 haur

225 2994 338 3084 igitur
361 2993 519 3062 idearum
542 2992 807 3076 connexionem,
834 2999 875 3061 ut
896 2994 1088 3083 acognitis
1110 2985 1372 3084 perveniatursl
1399 3046 1401 3051 .

225 3103 428 3192 incognita,
454 3124 550 3171 meus
573 3107 696 3169 nostra
719 3123 756 3169 se
786 3101 892 3170 habet
920 3101 957 3171 in
988 3103 1212 3194 coneeph'one
1243 3103 1371 3173 idem!
1399 3166 1401 3191 ,

224 3212 266 3280 de
289 3212 393 3280 rebus
416 3210 586 3281 revelatis
610 3210 950 3301 superrationalibus
972 3212 1071 3280 modo
1101 3211 1275 3282 consimili
1293 3206 1401 3331 sucis³

225 3319 441 3389 assecutione
465 3319 676 3409 cognitionis
699 3318 765 3387 Dei
789 3341 849 3408 per
871 3319 989 3388 lumen
1011 3320 1174 3390 rationis.

291 3427 466 3497 Nimirum
478 3427 636 3496 notiones
648 3425 913 3516 perfectionum,
924 3427 1131 3518 sapientiae,
1153 3428 1367 3499 bonitat'ustt·

226 3536 375 3626 primum
399 3558 441 3603 ex
466 3535 641 3605 creaturis
663 3534 904 3620 informamus,
929 3542 1035 3628 atqua
1057 3536 1139 3605 iude
1163 3528 1368 3608 consuesco

224 3645 269 3712 ab
292 3644 476 3713 effectibus
499 3644 543 3713 ad
568 3664 707 3712 causam
731 3641 971 3731 cognoscimus
993 3645 1228 3733 perfectiones
1248 3644 1309 3715 Dei
1323 3656 1367 3731 ptt

227 3754 320 3822 viam
330 3754 528 3842 nsqutionis
539 3755 577 3821 et
588 3753 893 3841 supereminentiae
908 3747 982 3837 (της
1005 3749 1177 3842 ὑπεροχης)
1192 3741 1366 3822 amovendo

226 3859 636 3950 imperfectionem,·qua
658 3859 696 3928 iu
719 3857 891 3927 creaturis
915 3859 1146 3949 perfectiones
1174 3861 1363 3935 liminensi

226 3992 288 4038 nso
322 3970 392 4037 uisi
427 3968 493 4035 hac
525 3967 586 4035 via
620 3969 846 4034 conclusionis
880 3967 999 4058 sieque
1033 3991 1095 4058 per
1131 3966 1365 4039 similituduu

229 4073 396 4165 (ἁναλογως
411 4076 495 4167 Sap.
514 4075 618 4144 XIII.
634 4079 685 4161 5.)
710 4075 810 4145 velut
831 4076 869 4143 in
884 4077 1025 4166 speculo
1040 4083 1077 4146 et
1092 4078 1290 4168 aenigmata
1301 4066 1365 4142 nin·

225 4206 349 4255 narum
371 4185 623 4275 perfectionum
646 4184 759 4253 ideam
781 4190 818 4253 et
840 4186 1072 4275 coguitionem
1094 4184 1229 4255 lumine
1249 4174 1366 4255 auom

225 4292 363 4384 assequi
385 4315 578 4383 possumus.
597 4293 672 4361 Hoc
695 4292 769 4383 ipso
792 4291 974 4363 evidenter
997 4292 1137 4384 quidem
1159 4290 1366 4384 oognosclnvl

225 4400 346 4485 Deum,
364 4401 395 4469 si
412 4402 605 4493 quaeritur,
624 4426 670 4469 on
685 4405 747 4483 nt,-
762 4408 802 4471 at
820 4403 932 4473 solum
947 4401 1038 4471 ideis
1057 4401 1204 4472 aliunde
1225 4390 1367 4471 domnoli·
