3172 4950
561 375 600 391 ..
622 341 683 403 573
706 372 742 387 -

64 456 208 543 pr'opter
228 451 320 543 quod
342 456 380 520 et
405 451 480 541 ipse
501 448 635 519 dieitur
658 446 764 517 aliter
791 467 866 515 esse
887 445 924 513 in
948 449 1111 515 creatura
1136 465 1238 535 quam

63 561 178 650 prius,
204 559 287 651 quia
312 564 366 628 est
380 557 418 627 iu
442 559 519 650 ipsa
543 563 585 627 ut
599 556 637 625 iu
651 560 879 645 cognoscente
906 559 942 622 et
963 558 1100 622 amente
1124 552 1240 642 ipsum

64 667 159 760 quod
186 689 256 735 uon
276 667 348 736 fuit
378 666 489 757 prius.
509 666 565 735 Ex
596 663 795 732 iamdictis
819 668 942 752 patet,
970 661 1061 754 quod
1085 661 1121 729 iu
1138 660 1240 730 iusti·

63 774 228 844 ficatioue
251 772 379 862 duplex
403 772 561 842 charitas
588 771 689 840 nobis
709 771 815 840 datur·
841 769 978 863 scilicet
1000 773 1119 838 creata
1136 773 1173 837 et
1186 769 1239 835 iu·

64 886 208 966 creata,
229 880 295 949 illa
320 901 389 972 qua
415 880 601 972 diligimus
624 885 661 948 et
689 878 844 970 illaque
868 876 1093 966 diligimur...
1111 875 1240 944 Euhie

64 987 273 1077 colligitur,
308 987 399 1078 quod
422 986 508 1056 licet
528 987 622 1055 Deus
645 986 695 1054 sit
718 986 756 1053 in
783 984 940 1053 omnibus
963 1008 1025 1075 per
1041 983 1237 1067 essentiam,

62 1093 299 1184 praesentiam
324 1098 360 1161 et
380 1092 595 1183 potentiam,
621 1117 689 1157 oon
715 1107 825 1158 tamen
849 1091 992 1157 babetur
1015 1091 1059 1158 ab
1082 1089 1240 1159 omnibus

63 1199 267 1268 bominibus
292 1222 352 1291 per
375 1199 558 1289 gratiam»
583 1198 619 1267 S.
634 1200 828 1268 Bonavent.
854 1197 1028 1289 compend.
1048 1197 1155 1266 theol.
1183 1218 1239 1267 ve-

62 1307 168 1376 nito.
181 1305 214 1375 9.
261 1290 272 1311 '
1295 1309 1298 1316 '

135 1413 368 1506 Consequitur
396 1437 437 1482 ex
462 1414 568 1483 dictis
594 1413 774 1484 corollarii
800 1414 938 1498 instar,
970 1411 1240 1504 quod1·.'unio

62 1524 106 1606 de
129 1521 423 1614 qua·loquimur,
452 1529 507 1593 eet
533 1545 624 1593 nova
646 1521 773 1593 relatio
796 1527 977 1592 creaturae
999 1520 1043 1589 ed
1059 1521 1181 1605 Deum,
1196 1542 1238 1589 ex

62 1636 165 1722 parte
190 1637 372 1700 creaturae
398 1632 544 1701 maxime
567 1632 675 1700 realis
699 1631 848 1700 fundata
870 1631 907 1698 in
931 1629 1033 1698 donis
1048 1626 1186 1719 gratiae
1202 1632 1239 1697 et

62 1736 327 1827 supernaturali
346 1737 542 1809 elevatione
568 1737 788 1827 outologica,
807 1737 844 1804 iu
867 1737 939 1805 Deo
967 1741 1084 1805 autem
1109 1736 1235 1805 incom-
1287 1788 1298 1805 .

61 1843 226 1912 mutabili
254 1845 341 1913 boue
368 1844 462 1912 nihil
487 1844 626 1936 quidem
650 1844 744 1913 reale
765 1866 894 1934 ponens
923 1843 984 1912 sed
1015 1864 1098 1913 vera
1121 1848 1239 1913 temen
1375 1852 1378 1862 '
1487 1831 1494 1847 ⁴

61 1955 119 2018 est
145 1950 228 2018 unio
252 1974 312 2041 per
337 1952 563 2020 mutationem
583 1973 650 2021 non
672 1952 709 2025 iu
727 1957 875 2043 utroque
890 1950 950 2019 sed
973 1951 1011 2017 in
1033 1950 1147 2019 altero
1161 1956 1238 2019 tan·

61 2064 139 2126 tum
166 2057 316 2125 termino
343 2057 536 2142 unitorum,
556 2059 616 2150 qui
636 2064 690 2127 eat
713 2062 887 2127 ereatura.
904 2057 1002 2140 Quae
1025 2057 1091 2127 Dei
1109 2048 1237 2128 iucom-

61 2165 284 2233 mutabilitas
306 2165 366 2235 hic
388 2165 493 2256 longe
517 2166 660 2236 facilius
683 2166 902 2256 intelligitur
924 2189 1027 2258 quam
1048 2166 1086 2236 iu
1111 2166 1238 2236 uuioue

61 2271 311 2361 hypostatica,
339 2271 401 2340 ubi
428 2277 544 2341 tamen
570 2294 678 2370 aeque
706 2278 804 2342 certa
819 2279 874 2342 est
889 2278 925 2342 et
943 2295 985 2341 ex
1009 2273 1126 2342 eodem
1141 2273 1236 2363 priu-

63 2377 159 2469 cipio
186 2378 403 2448 concilianda
427 2380 740 2469 permutationem
771 2381 901 2449 factam
925 2380 964 2447 in
988 2380 1091 2448 unita
1107 2385 1237 2449 natura

58 2475 216 2554 humana
239 2485 296 2573 (de
318 2486 458 2556 Incarn.
485 2487 538 2557 th.
560 2487 764 2574 mni).
790 2487 1023 2581 Consequitur
1040 2487 1084 2555 2⁹.
1103 2487 1235 2556 falsum

59 2590 159 2677 esee,
184 2592 274 2684 quod
297 2593 410 2685 aliqui
426 2616 468 2662 ex
486 2593 715 2664 Scholasticis
738 2595 922 2680 dicebaut,
950 2617 1049 2685 posse
1066 2594 1238 2686 Spiritum

59 2699 230 2770 Sanctum
253 2701 483 2771 invisibiliter
499 2702 596 2771 mitti
610 2703 741 2794 absque
757 2704 856 2773 donia
876 2703 1240 2794 supernaturebilibus

59 2815 244 2878 creaturae
257 2808 410 2878 collatis.
427 2809 549 2879 Missio
561 2810 757 2883 invisibilis
775 2817 829 2881 est
843 2812 888 2881 ad
904 2811 1063 2881 unionem
1086 2818 1123 2881 et
1137 2811 1237 2881 inha·
1294 2877 1297 2880 Δ

59 2916 265 2985 bitationem
287 2939 453 3008 personae
476 2919 716 3008 procedentis;
743 2921 828 2990 haee
843 2927 960 2989 autem
984 2920 1065 2988 unio
1081 2925 1118 2989 et
1137 2919 1237 2989 inha-

58 3023 187 3093 bitatio
212 3025 340 3118 absque
372 3027 565 3096 mutatione
582 3027 845 3118 supernaturali
871 3027 909 3096 iu
941 3032 1105 3124 creatura
1135 3026 1237 3095 nnita

58 3130 196 3222 concipi
222 3154 291 3201 uon
312 3138 441 3224 potest.
554 3167 557 3172 ·
