3172 4950
696 333 735 350 -
756 301 817 365 318
837 334 876 351 -

196 408 258 494 ais,
276 429 379 502 quam
391 407 464 478 sint
479 407 652 478 inhabiles
670 407 878 501 minimeque
896 407 1012 479 idonei
1027 408 1258 501 percipiendo,
1271 411 1335 504 quot

196 515 376 607 exigente
396 514 433 584 S.
447 517 544 606 Aug.
559 516 659 585 Tris.
679 515 709 583 1.
728 539 763 584 n.
783 515 816 584 3.

263 623 312 692 11.
332 625 497 693 Attamen
521 622 557 692 in
582 622 772 713 theologia,
792 622 852 692 nbi
867 622 954 692 fides
977 621 1122 716 quaerit
1139 623 1336 711 intellectus,

197 732 387 802 conandum
410 741 486 817 est,
511 731 601 824 quod
626 730 753 800 ibidem
784 731 1007 824 prosequitur
1028 730 1267 821 Augustinus,
1289 738 1340 805 «s

197 846 366 933 quantum
389 862 582 930 possumus,
606 839 792 909 reddamus
814 840 997 926 rationem,
1023 840 1117 933 qnod
1141 840 1292 910 Trinitas
1306 840 1340 910 sit

197 971 288 1018 uuus
309 954 346 1017 et
368 949 464 1018 solus
487 970 593 1017 verus
608 947 704 1016 Deus
718 974 750 1016 n.
768 948 863 1021 Haec
879 955 995 1019 autem
1014 949 1092 1040 ipsa
1107 949 1203 1018 ratio
1217 949 1338 1035 reddite,

196 1063 237 1126 ut
249 1056 475 1148 Augustinus
490 1057 660 1149 loquitur,
677 1055 880 1128 distinctior
902 1057 1068 1128 nimirum
1083 1066 1269 1149 conseptus
1280 1058 1340 1128 lieet

197 1164 307 1233 solum
333 1165 505 1256 analogus
528 1166 591 1236 SS.
607 1166 799 1239 Trinitatis
814 1190 856 1236 ex
872 1165 1087 1234 revelatione
1103 1164 1272 1234 deductus
1282 1184 1339 1255 sup

196 1272 331 1363 peditat
352 1273 556 1344 solutionem
581 1276 749 1348 directam
773 1275 924 1345 omnium
947 1273 1218 1358 difficultatum,
1242 1272 1340 1365 quibas

197 1378 331 1448 vallent
352 1379 549 1450 adversarii
571 1382 808 1452 demonstrare
824 1379 1135 1450 contradictionem
1150 1378 1189 1448 in
1204 1384 1339 1469 conoepts

196 1487 371 1577 mysterii.
381 1488 522 1558 Plenior
534 1491 653 1584 itaque
666 1490 865 1561 huiusmodi
877 1488 1108 1559 obiectionum
1121 1487 1250 1556 solutio
1258 1486 1340 1556 dirae

194 1601 233 1663 ta
252 1594 404 1664 inferius
415 1618 457 1665 ex
476 1597 553 1688 ipsa
568 1600 714 1689 genuini
727 1604 914 1689 conceptue
924 1595 1161 1687 explicatione
1172 1601 1339 1687 spontem

197 1709 373 1796 sequetur.
397 1704 465 1774 Hio
489 1705 599 1774 solnm
625 1706 801 1799 generalis
823 1706 945 1798 aliqua
959 1704 1193 1774 consideratio
1208 1702 1337 1773 suffiest

263 1812 339 1880 Non
363 1819 477 1903 potest
499 1814 730 1885 demonstrari
763 1814 906 1885 evidens
931 1814 1194 1905 repugnantia,
1219 1808 1339 1905 quadis

196 1917 268 1986 Deo
291 1918 421 2009 spiritu
437 1920 577 1990 infinito
594 1946 654 2012 per
670 1922 944 1992 intellectionem
966 1920 1114 1990 realiter
1128 1920 1285 2012 procedet
1295 1938 1339 1987 ses

196 2026 424 2097 aeternaliter
441 2051 521 2098 vere
538 2031 753 2121 producatur
768 2031 921 2100 Verbum
937 2029 1140 2100 immanens.
1159 2024 1339 2098 Huiusmodi

196 2133 288 2203 enim
310 2137 548 2225 repugnantia
569 2160 637 2206 non
659 2144 715 2207 eet
738 2137 881 2207 evidens
902 2159 946 2205 ex
968 2138 1046 2227 ipsa
1067 2143 1199 2205 natura
1212 2132 1340 2204 mone

196 2242 305 2312 tionis
318 2243 509 2314 universim
523 2253 712 2337 spectatae,
731 2247 834 2315 immo
848 2245 1124 2315 intellectionem
1138 2246 1177 2314 in
1192 2252 1271 2314 actu
1284 2240 1339 2311 sins

198 2352 303 2421 verbo
317 2352 526 2422 immanente
541 2352 722 2423 difficilius
744 2353 959 2444 concipimus
974 2374 1078 2446 quam
1095 2351 1340 2421 intellectione·

197 2481 273 2529 oum
298 2461 404 2529 verbo
427 2467 468 2530 nt
489 2461 638 2531 termino
661 2462 882 2531 immanente.
906 2461 985 2530 Non
1016 2467 1073 2529 est
1100 2459 1245 2530 evidens
1263 2476 1339 2548 repr·

197 2568 345 2657 gnantia
367 2591 410 2638 cx
434 2567 685 2654 intellectione,
711 2577 886 2661 quatenus
908 2575 964 2637 est
984 2567 1108 2636 divina
1137 2574 1174 2636 et
1203 2564 1337 2647 monim

197 2676 277 2746 inde
299 2677 392 2745 enim
414 2676 526 2745 solum
547 2679 692 2747 evidens
713 2686 780 2762 eet,
797 2677 951 2746 Verbum
973 2699 1041 2746 non
1068 2698 1169 2767 posse
1191 2669 1338 2745 esseacsi·

197 2783 305 2868 dens,
330 2785 391 2854 sed
414 2785 446 2853 ai
468 2785 560 2877 quod
582 2793 659 2869 est,
686 2785 879 2854 necessario
900 2807 975 2854 esse
1001 2784 1258 2868 substantiale,
1278 2778 1339 2873 qu'n

196 2891 391 2961 intellectio
414 2891 537 2961 divina
560 2897 615 2960 est
637 2893 849 2961 substantia.
871 2892 949 2960 Nou
970 2891 1120 2985 denique
1142 2899 1199 2961 est
1223 2889 1338 2961 evidens

197 2999 262 3069 ills
274 3001 509 3090 repugnantia
521 3001 655 3068 ratione
675 3000 825 3069 unitatis
844 3023 912 3068 non
928 2998 1213 3090 multiplicabilis
1227 2997 1338 3068 divinas

197 3107 386 3193 aarum
412 3106 493 3176 inde
514 3107 605 3175 enim
629 3105 741 3174 solum
762 3114 818 3175 est
839 3107 1003 3191 evidens,
1028 3105 1241 3197 principium
1262 3099 1338 3172 intel·
1378 3126 1383 3183 ,Ι

197 3215 345 3284 lectione
372 3214 564 3304 producens
578 3214 732 3283 Verbum
753 3221 790 3282 et
813 3215 964 3283 Verbum
980 3223 1023 3283 nt
1035 3213 1144 3283 huius
1157 3209 1338 3283 intellectio-

198 3323 255 3393 nis
270 3322 511 3391 immanentem
527 3323 715 3391 terminum
736 3344 812 3390 ease
834 3343 938 3390 unam
957 3323 1145 3391 essentiam
1160 3321 1336 3391 eheolnnn
1381 3336 1383 3361 ¹

198 3430 384 3521 Repugnat
401 3430 522 3521 utique
544 3430 727 3520 productio
741 3429 885 3498 divinae
906 3430 1090 3516 essentiae3
1108 3428 1195 3500 haec
1210 3429 1339 3500 enine
1380 3434 1383 3477 ῑ

198 3548 251 3609 set
273 3548 311 3609 et
332 3538 582 3630 multiplicatio
607 3537 778 3607 essentiae
800 3547 838 3606 et
858 3538 936 3606 eius
959 3538 1142 3629 productio
1163 3563 1208 3609 ex
1230 3534 1338 3608 nihilo:

198 3656 237 3717 at
250 3671 319 3717 non
342 3657 458 3739 potest
480 3644 617 3717 ostendi
635 3647 781 3717 evidens
795 3647 1043 3737 repugnantia,
1060 3656 1103 3716 ut
1116 3670 1160 3717 ex
1176 3648 1341 3717 inurinare

199 3757 410 3848 perfectione
432 3755 634 3825 intellectus
663 3755 778 3824 divini
807 3755 975 3845 erigatur
1002 3764 1147 3824 aeterna
1173 3748 1342 3826 neceas!

198 3864 371 3956 processio
392 3864 499 3933 Verbi
522 3864 755 3945 immanentis,
772 3863 864 3953 qnod
878 3865 944 3931 sub
958 3864 1099 3932 formali
1110 3866 1247 3934 ratione
1260 3852 1344 3931 vers

199 3972 337 4065 quidem
369 3995 432 4040 seu
461 3971 607 4040 relativi
641 3971 887 4060 distinguatur
909 3992 931 4038 a
953 3970 1128 4063 principio
1157 3972 1346 4063 producente

201 4078 322 4148 itidem
344 4092 502 4169 spectato
515 4079 583 4147 sub
598 4076 740 4145 norman
762 4077 899 4146 ntione
914 4077 1142 4167 moduasntis
1155 4100 1198 4147 ae
1211 4071 1347 4155 relstivi,

199 4187 259 4258 sed
283 4187 334 4255 its
357 4196 397 4255 ut
420 4185 582 4255 formalis
595 4186 690 4254 ratio
705 4185 851 4255 deitatis
872 4208 914 4255 ar
936 4188 1109 4256 ementire
1122 4187 1302 4257 absolutae
1313 4180 1353 4252 sit

200 4318 270 4366 una
291 4296 482 4366 eommunis
503 4296 542 4365 in
564 4306 755 4385 merente
769 4317 873 4364 suum
888 4295 1043 4364 Verbum
1063 4306 1101 4364 et
1122 4295 1162 4365 in
1184 4288 1355 4366 Verbosui

200 4422 383 4495 genitoris.
