3172 4950
657 363 695 379 ..
716 333 774 394 361
798 364 835 380 ..

188 459 317 531 persona
342 438 443 507 Unde
460 439 544 531 quia
565 439 602 507 iu
627 440 755 509 creatis
777 439 903 509 relatio
926 440 1153 531 paternitatis
1176 434 1337 532 seqnitur

188 548 497 638 adgenerationem,
522 549 711 617 secundum
734 548 824 618 hanc
840 548 1038 638 analogiam
1062 549 1240 638 concipere
1258 571 1334 639 poe·

188 676 281 723 sunus
313 653 351 723 in
374 655 447 723 Deo
480 642 737 744 generationem
766 661 809 724 ut
840 655 1103 724 fundamentum
1128 654 1334 738 relationis,

188 760 313 854 ideoque
338 762 476 830 ratione
506 762 656 852 priorem
685 783 768 852 prae
795 762 1010 852 paternitate
1034 762 1085 829 sic
1107 760 1337 851 inadaequate

188 875 331 959 spectata.
357 870 426 939 Hic
442 870 563 938 modus
578 869 749 958 analogus
766 869 983 959 concipiendi
1005 862 1091 938 licet
1114 869 1338 959 imperfectus

188 978 431 1047 ttcorrectione
454 977 636 1067 indigens,
662 1001 705 1046 ne
729 977 945 1063 iudicemus,
972 1001 1010 1046 re
1034 978 1111 1067 ipsa
1141 978 1241 1067 prius
1263 999 1337 1045 esse

188 1103 354 1172 pnonam,
380 1106 468 1176 qnae
490 1084 614 1153 deiude
637 1090 718 1153 actu
745 1084 981 1174 generationis
1013 1086 1250 1181 constituatur
1273 1085 1336 1152 Pa·

188 1196 241 1276 ter,
261 1191 436 1261 notandus
458 1198 575 1261 tamen
598 1200 674 1277 est,
701 1193 784 1284 quia
807 1192 840 1260 ei
863 1193 1030 1261 innititur
1065 1216 1150 1261 usus
1173 1193 1337 1285 loquendi

188 1296 326 1391 Quoue
348 1307 385 1369 et
404 1300 493 1369 satis
510 1300 717 1382 commodus,
736 1307 772 1369 et
788 1301 872 1393 quia
888 1299 1097 1370 Scholastici
1118 1301 1191 1369 iere
1208 1323 1249 1369 ex
1274 1300 1337 1368 illo

189 1407 435 1495 temperationes
458 1406 655 1476 instituunt
667 1408 759 1476 iuter
775 1429 939 1496 personas
955 1415 990 1476 et
1006 1408 1160 1496 origines
1176 1428 1336 1497 persona·

190 1532 257 1579 reu.
269 1513 356 1583 Vide
373 1513 482 1583 suh.
497 1514 530 1583 1.
545 1538 579 1607 q.
592 1516 649 1583 40.
665 1536 697 1583 a.
712 1515 746 1582 4.
761 1521 797 1583 et
812 1516 1017 1606 praesertim
1033 1515 1074 1584 de
1087 1516 1222 1584 Poteut.
1239 1515 1333 1606 q.10.

192 1617 251 1687 at.
266 1618 316 1690 cf.
329 1621 459 1691 Suerea
480 1620 505 1690 l.
520 1622 603 1692 VII.
615 1645 645 1691 c.
656 1623 688 1690 7.
699 1646 735 1692 ιι.
751 1622 806 1709 11;
821 1623 912 1692 Ruiz
925 1622 1016 1712 disp.
1027 1622 1082 1691 91.
1094 1630 1177 1693 sect.
1190 1623 1223 1691 2.

607 1816 750 1877 THESIS
772 1816 888 1876 XXIV.

229 1934 265 1997 lit
280 1939 371 1999 modo
392 1940 624 2018 significandi,
651 1958 745 2018 quem
770 1941 864 2000 babet
884 1957 1002 2001 nomes
1028 1958 1179 2016 persona,
1202 1941 1291 2001 etde

200 2034 317 2107 spinione
328 2038 548 2117 theologorum
560 2042 774 2100 asserentium
786 2043 823 2099 im
831 2040 895 2100 Deo
904 2039 1138 2100 subsistentiam
1150 2040 1336 2101 absolutam.

239 2197 357 2253 silonen
372 2218 495 2267 persono
513 2203 718 2257 subsistentem
736 2203 767 2255 in
790 2205 895 2255 natura
914 2202 1053 2255 rationali
1073 2218 1122 2256 seu
1141 2203 1335 2257 intellectuali

204 2284 349 2351 'deridest
364 2292 446 2346 Unde
466 2293 491 2346 1.
502 2309 625 2358 pesona
647 2308 704 2345 non
722 2291 836 2359 quidem
852 2309 883 2343 ex
896 2293 976 2343 modo
995 2293 1184 2358 siqnifieondi
1202 2294 1337 2360 exprimit

206 2377 377 2450 vuasonem,
391 2383 440 2436 sed
457 2385 488 2438 iu
502 2385 560 2439 neo
573 2388 689 2452 propter
699 2400 757 2438 rem
768 2384 957 2449 significatam
970 2383 1103 2449 supponit
1122 2399 1172 2450 pro
1192 2384 1337 2449 relativis,

206 2468 287 2534 'attae
307 2472 371 2527 ideo
385 2490 523 2540 personae
544 2475 575 2527 in
599 2475 706 2542 plurali
727 2473 760 2526 de
780 2475 838 2527 Deo
859 2472 1066 2540 praedicandae
1091 2476 1178 2538 sunt;
1202 2487 1258 2539 que
1277 2488 1338 2526 curn

205 2549 329 2615 'latrina
348 2561 509 2631 disputatio
528 2563 556 2616 S.
570 2563 726 2630 Augustini
745 2562 916 2635 (Triuvll.
937 2579 960 2615 c.
972 2563 999 2615 4.
1019 2558 1097 2632 sqq.)
1119 2563 1224 2630 optime
1249 2565 1339 2617 eenei-

203 2637 297 2702 ’lutus
309 2651 335 2704 2.
346 2653 502 2719 Propterea
520 2654 551 2705 iu
571 2654 628 2706 Deo
645 2653 824 2705 subsistentia
844 2655 974 2705 absoluto
996 2652 1078 2705 nulla
1091 2649 1270 2705 admittenda
1283 2657 1337 2721 est,

203 2731 240 2784 ’¹1
252 2752 341 2794 neuen
365 2743 561 2795 subsistentiae
580 2744 611 2796 ln
631 2744 758 2811 pleniore
776 2748 805 2798 et
821 2758 855 2797 ex
875 2759 928 2796 usu
950 2742 1143 2796 ecclesiastico
1165 2742 1283 2809 propria
1302 2743 1339 2796 si·

203 2826 379 2887 'musone
397 2833 595 2900 accipistum

242 2987 287 3059 lx
302 2992 408 3063 dictis
424 2993 462 3062 in
478 2994 649 3084 superiori
665 2993 759 3064 thesi
775 2994 933 3085 expediri
945 2998 1061 3084 potest
1073 2992 1224 3082 primurn
1237 3014 1339 3085 quae-

198 3091 331 3185 tliqilla,
351 3123 455 3191 quam
478 3108 557 3192 poet
569 3102 858 3192 S.Augustiuum
881 3101 997 3189 (Tria.
1011 3101 1037 3170 l.
1053 3099 1135 3169 VII.
1153 3124 1183 3169 e.
1197 3102 1232 3169 4.
1247 3105 1339 3192 sqq.)

198 3193 365 3277 &Thomas
377 3210 410 3277 l.
425 3232 459 3299 q.
474 3209 529 3278 29.
545 3231 578 3277 a.
592 3211 627 3297 43
642 3210 780 3279 Potent.
796 3234 829 3301 q.
845 3210 878 3276 9.
893 3230 926 3275 a.
940 3209 975 3293 43
993 3207 1024 3275 1.
1040 3206 1124 3275 dist.
1138 3206 1239 3275 aaa.
1255 3208 1288 3276 3.
1303 3213 1339 3275 et

197 3300 240 3377 ilii
255 3313 409 3406 plerique
433 3315 643 3384 Scholastici
667 3316 874 3405 discutiunt,
895 3314 979 3406 quid
1002 3332 1125 3382 nomen
1136 3337 1286 3402 persono
1301 3314 1336 3381 in

196 3406 245 3485 Deo
262 3422 400 3513 proprie
422 3422 610 3511 significet,
630 3429 666 3492 et
689 3423 856 3515 quomodo
873 3424 948 3505 fiat,
968 3427 1010 3489 nt
1024 3444 1146 3490 nomen
1163 3421 1254 3512 quod
1272 3444 1337 3490 non

196 3518 383 3596 ditinum
405 3528 556 3598 relative
578 3530 638 3598 sed
661 3528 708 3595 od
731 3528 929 3613 radicitus,
952 3528 1104 3619 adeoque
1128 3528 1271 3595 videtur
1293 3526 1338 3594 si·

193 3631 334 3713 sileam
351 3637 562 3721 absolutum,
580 3636 816 3717 nihilominus¹
832 3635 972 3704 dicatur
988 3636 1029 3704 de
1045 3636 1116 3703 Deo
1136 3631 1336 3722 pluraliter.

192 3728 299 3813 &ude
321 3768 364 3814 ex
388 3744 511 3814 iisdem
528 3745 714 3836 principiis
729 3743 928 3827 deducitur,
945 3743 1030 3834 quid
1049 3741 1269 3812 sentiendum
1292 3741 1341 3810 sit

189 3838 454 3920 &subsistentia
477 3852 635 3919 absoluta
657 3853 695 3921 in
717 3852 802 3920 Deo.

234 3956 265 4027 1.
287 3961 421 4031 Nomen
440 3984 587 4050 persono
614 3958 795 4049 signifieat
825 3957 1072 4027 subsistentem
1105 3956 1142 4023 in
1173 3954 1341 4024 rationali

188 4084 232 4135 ten
252 4067 487 4139 intellectuali
509 4073 638 4136 natura
666 4067 871 4136 distinctum
894 4065 938 4133 ab
961 4063 1044 4131 aliis
1067 4063 1216 4131 eiusdem
1236 4062 1340 4131 etiam

188 4181 336 4265 saturam
351 4176 503 4269 adeoque
519 4174 551 4244 si
567 4176 611 4244 ad
627 4175 737 4243 Deum
753 4174 982 4256 transfertur,
1002 4171 1184 4261 significat
1199 4169 1341 4237 distinc-

188 4308 239 4352 ιι
260 4287 496 4354 subsistentem
519 4288 558 4351 iu
580 4300 710 4351 notare
733 4281 865 4349 divino.
891 4280 998 4348 Porro
1022 4279 1236 4348 revelatione
1263 4298 1340 4345 ecn-

188 4391 513 4477 manumissores
534 4391 571 4460 in
595 4397 725 4459 natura
754 4387 878 4458 divina
904 4408 977 4455 esee
1000 4392 1074 4455 tres
1105 4385 1169 4453 snb
1200 4379 1348 4451 formali·
