3172 4950
673 381 711 395 ..
732 350 793 409 373
814 381 851 394 -

246 452 483 523 Verumtamen
499 476 577 523 cum
594 452 741 544 spiratio
758 454 794 522 in
810 455 915 523 Patre
926 452 1071 522 realiter
1088 452 1138 520 sit
1154 450 1245 519 idem
1263 472 1340 519 cum

193 572 395 659 paternitate,
413 577 450 640 et
464 570 580 640 eadem
599 570 748 660 spiratio
764 571 801 639 in
816 570 910 638 Filio
934 571 982 640 sit
998 570 1141 639 realiter
1158 568 1248 636 idem
1265 590 1342 636 cum

190 672 349 762 lliatione,
375 685 411 747 et
434 677 546 746 solum
576 678 717 758 ratione.
744 660 989 766 distinguatur
1019 700 1040 744 a
1070 675 1284 767 paternitate
1307 680 1344 742 et

188 784 351 872 illatione,
377 785 440 854 ille
464 792 662 876 conceptus,
689 809 755 877 quo
779 785 927 876 spiratio
952 785 1140 854 secundum
1163 783 1343 872 imperfec-

188 904 246 963 tum
266 903 425 963 nostrum
448 894 585 962 modum
609 893 835 983 intelligendi
858 918 918 984 per
946 893 1225 984 compositionem
1250 891 1342 981 cogi·

188 1006 266 1073 latur
285 1002 538 1093 superveniens
560 1001 718 1092 personis
742 1001 958 1086 constitutis,
986 1000 1134 1091 expoliri
1158 1006 1284 1089 potest,
1303 1006 1344 1066 ut

188 1110 390 1203 simplicitati
413 1109 555 1179 divinae
578 1109 683 1200 paulo
706 1110 819 1199 magis
841 1110 1058 1199 respondeat,
1082 1110 1176 1177 sicut
1191 1107 1344 1175 diximus

188 1218 216 1287 le
235 1224 399 1310 conceptu
423 1218 688 1287 constitutionis
704 1241 869 1309 personae
887 1242 947 1309 per
962 1217 1165 1285 relationem
1178 1224 1214 1285 ct
1230 1237 1342 1284 essen·

188 1326 266 1395 tiam.
283 1325 411 1417 Itaque
435 1331 476 1394 ut
499 1324 588 1395 duae
611 1325 799 1394 relationes
822 1349 890 1392 non
914 1326 982 1393 sibi
998 1324 1175 1415 oppositae
1192 1323 1343 1414 paterni-

188 1433 257 1515 ntis
277 1440 314 1503 et
337 1432 544 1523 spirationis
567 1434 816 1522 intelligantur
839 1455 909 1500 una
932 1455 1093 1523 persona,
1120 1433 1213 1500 sicut
1238 1433 1341 1500 etiam

188 1562 312 1631 persona
336 1564 407 1609 una
428 1540 663 1631 intelligenda
686 1549 740 1610 est
762 1542 888 1611 relatio
912 1540 1097 1609 filiationis
1120 1564 1199 1608 cnm
1226 1540 1342 1608 eadem

188 1670 241 1717 nou
261 1648 328 1718 sibi
352 1650 510 1741 opposita
537 1650 741 1740 spiratione,
769 1673 915 1741 sequens
933 1648 1073 1717 iuvabit
1096 1647 1339 1717 consideratio.

238 1758 305 1827 llla
332 1781 497 1827 asumma
520 1781 587 1842 res,
607 1758 774 1827 videlicet
797 1759 949 1828 essentia
965 1781 1026 1825 seu
1042 1763 1173 1825 natura
1189 1755 1340 1823 divinas

188 1864 240 1933 nb
259 1866 398 1935 formali
428 1865 565 1933 ratione
596 1865 842 1932 intellectionis
871 1868 1094 1955 exprimentis
1119 1864 1260 1931 Verbum
1290 1869 1344 1929 est

188 1970 266 2042 lleus
286 1975 410 2061 Peter;
437 1995 571 2042 summa
586 1997 643 2041 res
659 1973 776 2042 eadem
795 1975 858 2041 sub
883 1973 1024 2041 formali
1041 1973 1176 2040 ratione
1193 1971 1343 2038 enalla-

191 2082 278 2149 tiom's
299 2106 495 2172 conpressae,
519 2104 581 2150 sen
604 2089 645 2150 ut
668 2082 859 2149 immanens
883 2081 1054 2148 terminus
1077 2081 1269 2169 productus
1292 2080 1345 2147 in-

190 2182 380 2259 tellectionis
392 2196 569 2280 paternae,
589 2196 643 2258 est
651 2190 804 2257 Verbum
821 2211 883 2257 seu
897 2188 992 2257 Deus
1008 2188 1136 2272 Filius,
1156 2187 1346 2257 distinctus

193 2312 265 2367 uuus
285 2299 328 2366 ab
350 2298 463 2367 altero
485 2321 554 2366 non
578 2300 642 2366 sub
666 2298 808 2366 formali
826 2298 963 2365 ratione
980 2298 1150 2365 essentiae
1166 2296 1345 2363 absolutae

196 2424 263 2493 qaae
284 2428 354 2473 una
376 2413 442 2491 est,
469 2406 528 2475 sed
552 2406 615 2473 sub
639 2405 780 2473 formali
803 2405 938 2474 ratione
966 2406 1198 2495 relativorum
1222 2404 1265 2470 ad
1290 2403 1345 2470 in·

197 2510 296 2600 vicem,
320 2515 549 2606 exprimentis
566 2513 716 2582 Verbum
734 2522 770 2581 et
784 2514 892 2582 Verbi
915 2516 1083 2605 expressi.
1104 2516 1178 2581 Iam
1195 2533 1277 2581 vero
1293 2513 1345 2580 in-

197 2616 336 2707 tellectio,
355 2629 427 2691 tam
453 2618 684 2711 ut'exprimit
698 2620 851 2690 Verbum
873 2644 976 2713 quarn
993 2629 1034 2689 ut
1049 2629 1102 2689 est
1117 2622 1271 2692 Verbum
1287 2642 1344 2688 ex·

197 2744 350 2815 menum,
377 2738 432 2798 est
461 2729 566 2798 simul
596 2729 738 2798 dilectio
762 2729 955 2820 producens
986 2753 1047 2797 seu
1080 2730 1218 2818 spirans
1246 2753 1346 2797 suum

198 2828 413 2907 immanentem
435 2837 635 2922 terminum,
662 2837 724 2927 qui
747 2845 800 2905 est
823 2824 981 2927 Spiritus
998 2836 1160 2905 Sanetus.
1181 2838 1269 2905 Nam
1294 2836 1345 2904 in·

198 2938 324 3012 tilectio
347 2950 493 3035 paterna
508 2944 614 3013 habet
641 2943 747 3011 simul
763 2945 932 3011 rationem
950 2945 1130 3012 formalem
1146 2944 1346 3012 dilectionis

201 3047 352 3139 biantis,
371 3062 414 3121 ut
430 3054 494 3122 sub
511 3075 580 3121 una
594 3052 730 3121 ratione
750 3054 928 3121 referatur
955 3053 999 3120 ad
1021 3052 1184 3137 Verbum,
1210 3053 1273 3120 sub
1295 3052 1344 3119 al·

201 3156 256 3225 ttn
267 3162 399 3230 ratione
411 3162 587 3255 referatur
601 3159 645 3227 ad
662 3161 845 3251 spiratum.
866 3160 933 3228 Sed
951 3162 1031 3251 qnia
1048 3162 1084 3229 in
1105 3161 1197 3229 omni
1215 3161 1344 3251 spiritu

201 3261 279 3334 ttitm
299 3269 336 3336 in
360 3268 501 3337 infinito
528 3268 670 3337 dilectio
702 3270 953 3359 praesupponit
984 3269 1254 3339 intellectionem
1278 3294 1347 3338 non

201 3378 287 3445 sstem
308 3375 503 3446 intellectio
526 3376 760 3461 dilectionem,
776 3384 813 3446 et
836 3379 918 3469 quia
941 3378 1136 3449 intellectio
1152 3379 1347 3471 exprimens

202 3590 263 3649 ittet
287 3612 353 3652 vero
373 3598 476 3650 divina
498 3602 567 3651 eunt
585 3596 660 3670 (cum
679 3598 711 3651 iu
733 3600 791 3651 Deo
811 3600 923 3651 nullum
953 3601 993 3652 sit
1017 3600 1166 3666 accidens,
1194 3598 1242 3653 sed
1267 3600 1346 3667 quid=

204 3682 251 3743 illl
267 3688 357 3745 inesse
377 3690 548 3757 concipitur,
569 3690 689 3742 realiter
702 3691 743 3741 sit
764 3691 891 3742 essentia
911 3686 1033 3761 divina),
1057 3690 1222 3756 significant
1241 3690 1346 3757 perfec-

203 3764 280 3839 flnem
299 3779 523 3833 subeuntialem
550 3779 769 3831 constitutivam
787 3780 870 3831 illius
891 3779 923 3832 de
947 3796 1001 3845 quo
1028 3780 1247 3847 praedicantur,
1274 3794 1345 3847 quae

202 3864 244 3913 fin
259 3866 295 3919 eit
312 3882 387 3933 una,
408 3866 545 3921 deberent
564 3868 753 3931 singulariter
774 3869 955 3935 praedicari,
979 3874 1008 3920 et
1028 3874 1178 3935 utrumque
1190 3875 1235 3922 est
1247 3870 1278 3922 in
1294 3886 1346 3923 usu

201 3936 314 4008 blara
328 3959 358 4008 st
369 3956 514 4009 escum.»
527 3957 951 4011 Pallaneurs.the01.l.v111.
963 3974 987 4012 ο.
1002 3958 1309 4021 54.n.413.cf.s.rh.
1321 3960 1345 4010 1·

201 4032 1346 4118 t·te.·.4.;q'.eas.a;r0tav.rrm.1.111.0.s.n.s.s.;1.v111.e.s.‚n.14.1s.

198 4116 233 4181 5¹st
249 4132 392 4189 intentus
415 4150 434 4187 a
459 4136 578 4189 Petavio
604 4137 799 4203 Scholasticis,
824 4138 874 4204 qui
895 4137 991 4189 docere
1012 4139 1126 4203 solent,
1152 4139 1290 4189 adiectis«
1314 4138 1345 4190 in

196 4212 482 4291 deuteronomos
501 4241 557 4278 non
577 4227 635 4279 nisi
649 4227 680 4278 in
695 4226 837 4291 singulari
859 4227 893 4278 de
911 4227 1060 4279 distinctis
1085 4228 1215 4295 personis
1239 4225 1349 4294 praedi-

195 4308 238 4361 fltl
247 4327 335 4381 posse,
349 4320 381 4367 et
393 4314 523 4369 vicissim
541 4298 705 4368 scholastici
721 4316 806 4368 huius
820 4317 973 4369 axiomatis
994 4318 1086 4369 acrior
1106 4317 1234 4369 defensio
1249 4322 1348 4369 contra

190 4390 322 4481 lotarium
332 4408 491 4471 susceptae
504 4404 581 4459 Mt.
596 4403 630 4457 de
643 4404 752 4457 Rubeis
762 4402 898 4476 (Dissert.
913 4406 1033 4459 XXVII.
1044 4421 1066 4458 c.
1082 4407 1106 4456 1.
1117 4422 1144 4457 n.
1154 4407 1182 4457 4.
1195 4403 1229 4457 de
1247 4405 1346 4471 script.

189 4490 290 4559 dccet.
308 4492 339 4549 Β.
351 4490 488 4564 Thomas)
507 4509 542 4548 ex
562 4493 648 4549 dictis
667 4495 698 4546 iu
724 4495 777 4548 hac
802 4500 875 4549 nots'
890 4495 979 4549 amice
1004 4496 1134 4563 componi
1156 4494 1275 4562 poterit.
