3172 4950
859 339 896 353 -
920 308 978 368 172
999 318 1048 353 -'

360 413 455 489 tione
479 412 622 481 termini
645 412 857 496 extrinseci,
884 411 1019 502 hocque
1039 411 1117 502 ipso
1139 410 1296 502 operatio
1331 409 1446 479 trium
1470 431 1543 500 perv

361 539 525 587 sonarum
549 518 602 587 ita
625 519 675 587 sit
697 539 768 587 una
789 519 918 610 absque
942 517 1187 603 distinctione,
1213 517 1313 587 sicut
1334 536 1410 586 una
1431 523 1488 586 est
1507 523 1544 584 et

362 626 573 695 indistincta
590 625 713 695 divina
727 625 891 712 essentia3
904 630 1059 694 attamen
1074 624 1228 694 essentia
1242 646 1285 693 ao
1300 622 1452 714 proinde
1465 643 1541 714 ope·

363 732 456 801 ratio
480 731 754 801 communicatur
777 754 799 799 a
822 724 928 801 Patre
950 732 988 800 in
1011 731 1168 815 Filium,
1193 753 1216 799 a
1245 731 1353 799 Patre
1379 728 1540 820 Filioque

362 841 399 908 in
423 840 597 930 Spiritum
621 830 812 924 Sanctum,
837 841 960 931 inquo
976 839 1244 910 communicatio
1257 836 1538 908 naturae'valuti

362 946 462 1016 sistit
490 954 528 1017 et
558 947 779 1033 absolvitur,
805 971 867 1018 nec
902 949 1051 1018 ulterior
1084 949 1192 1018 datur
1225 946 1404 1039 processio
1438 965 1536 1038 quan

361 1055 469 1126 Verbi
486 1078 546 1146 per
556 1054 778 1125 intellectum
794 1065 832 1125 et
847 1057 1004 1147 Spiritus
1021 1056 1143 1127 Sancti
1158 1079 1220 1148 per
1236 1055 1462 1125 voluntatem
1475 1073 1532 1122 sen

361 1154 432 1253 per'
445 1184 605 1232 amorem.
620 1163 688 1233 Hic
704 1164 787 1233 ordo
804 1162 1126 1235 communicationis
1142 1169 1178 1233 et
1193 1163 1409 1233 relationum
1423 1159 1535 1252 expri-

362 1270 470 1338 mitur
484 1270 658 1340 looutione
670 1269 799 1340 biblica
810 1276 847 1339 et
858 1271 1107 1355 ecclesiastica,
1120 1292 1189 1364 qna
1198 1270 1334 1340 dicitnr
1341 1270 1452 1338 Pater
1462 1290 1533 1360 ope
1548 1328 1561 1349 ,

361 1375 437 1446 rari
441 1399 506 1465 per
518 1377 651 1444 Filium
663 1379 701 1441 in
717 1378 856 1465 Spiritu
866 1379 1004 1445 Sancto.
1020 1377 1060 1447 Si
1075 1383 1192 1446 antem
1203 1398 1272 1445 non
1283 1356 1416 1445 relatio
1426 1395 1533 1466 perso

239 1531 242 1538 -
361 1505 485 1553 uarum
504 1484 564 1553 sed
579 1491 708 1554 natura
723 1485 924 1576 respicitur,
941 1486 1087 1556 locutio:
1116 1485 1212 1555 Deua
1223 1483 1325 1555 iecit
1339 1483 1457 1552 omnia
1476 1502 1533 1573 pet

209 1586 218 1597 “
361 1590 514 1661 Verbum
535 1598 572 1661 et
591 1590 842 1683 perspiritum
867 1593 1045 1678 Sanctum,
1066 1595 1285 1665 convertitur
1309 1615 1390 1661 cum
1412 1590 1530 1660 elme

363 1699 455 1767 Deus
467 1699 553 1769 fecit
565 1699 680 1768 omnia
692 1723 753 1790 per
765 1702 999 1792 semetipsum.
1012 1703 1071 1789 (V.
1083 1703 1267 1772 Irenaeum
1278 1722 1391 1792 snpra
1403 1698 1529 1792 plu).

428 1806 502 1873 Iam
527 1808 569 1875 1·.
588 1806 674 1877 haec
690 1808 807 1877 cadem
830 1809 957 1878 relatio
974 1809 1123 1900 originis
1138 1809 1225 1877 Filii
1247 1831 1270 1877 a
1292 1809 1403 1878 Patre
1417 1807 1532 1898 expri-

362 1913 490 2003 mitur,
516 1915 653 2004 quando
676 1939 745 1984 non
769 1916 881 1985 solum
903 1918 1029 1986 Patres
1052 1918 1273 2001 antenicaeni
1289 1916 1352 1986 sed
1376 1917 1531 2010 frequen

362 2021 497 2090 tissime
519 2022 624 2090 etiam
648 2024 896 2115 subsequentes
918 2025 1049 2094 Filium
1074 2026 1198 2095 dicunt
1219 2029 1424 2095 ministrare
1437 2023 1533 2093 Patri

362 2130 399 2197 in
423 2130 543 2199 mundi
566 2131 740 2200 creatione
762 2139 799 2201 et
822 2132 859 2199 iu
883 2133 1046 2223 operibus
1068 2134 1113 2202 ad
1136 2139 1249 2202 extra.
1267 2129 1458 2202 Nouem·
1472 2129 1530 2200 Pe·

362 2238 460 2307 tario
483 2238 576 2308 inter
600 2246 757 2309 veterum
779 2240 887 2326 dicta,
914 2262 1001 2334 quae
1024 2263 1046 2309 a
1068 2241 1150 2311 fidei
1180 2240 1307 2330 regula
1334 2239 1529 2330 discrepare

363 2344 563 2430 videantur,
588 2345 696 2417 etiam
719 2347 928 2440 illud,quod
950 2347 1117 2417 Irenaeus
1139 2345 1530 2436 (1.1V.c.17.c1.c.7.
1580 2370 1584 2381 ·

362 2476 396 2522 ιι.
415 2453 450 2521 4.
468 2452 542 2523 etl.
556 2454 625 2522 III.
642 2480 672 2524 o.
687 2455 720 2522 8.
735 2479 771 2523 n.
786 2456 845 2542 3.)
868 2455 1000 2524 Filium
1035 2455 1168 2525 dixerit
1198 2456 1300 2525 Patri
1334 2456 1532 2525 ministrare

362 2561 498 2646 (Petav.
516 2560 543 2630 l.
556 2561 585 2632 Ι.
605 2561 681 2633 c.3.
700 2587 735 2631 n.
755 2564 818 2650 7.),
845 2586 912 2654 quo
936 2563 1035 2632 modo
1063 2564 1169 2632 etiam
1199 2563 1396 2657 loquuntur
1426 2562 1531 2633 Theo

242 2722 251 2735 .
337 2712 346 2731 .
362 2667 481 2760 philus
492 2670 734 2740 Antiochenns
750 2671 809 2759 (ad
824 2670 993 2762 Autolyc.
1009 2670 1034 2740 l.
1051 2671 1100 2741 Π.
1116 2696 1151 2741 n.
1168 2671 1238 2756 10),
1256 2669 1417 2742 Clemens
1430 2670 1530 2741 Alex.

268 2763 273 2773 ’
362 2775 775 2869 (Strom.v11.p.703.)
798 2785 835 2848 et
856 2778 933 2848 alii.

428 2885 479 2975 At
501 2885 667 2955 Irenaens
683 2886 829 2976 ipsemet
843 2885 868 2953 l.
888 2909 917 2955 c.
933 2887 1101 2972 declarat,
1119 2888 1414 2959 ministrationem
1429 2885 1533 2959 Verbi

361 2997 398 3060 et
413 2990 570 3081 Spiritus
587 2992 720 3080 Sancti,
739 2993 865 3086 quibus
882 2994 1032 3065 subiecti
1050 3002 1133 3067 sunt
1149 3020 1265 3067 omnes
1276 2997 1410 3087 angeli,
1430 2995 1531 3066 omni·

362 3121 406 3167 no
429 3098 536 3166 aliam
560 3123 634 3169 esse
658 3124 761 3194 quam
784 3104 1018 3173 ministerium
1042 3113 1244 3175 creaturae:
1272 3134 1290 3169 e
1306 3127 1377 3175 non
1399 3104 1534 3201 indiget

362 3206 457 3274 Deus
479 3206 674 3277 ministerio
697 3212 930 3299 (angelorum)
953 3212 998 3281 ad
1015 3213 1282 3283 fabricationem
1298 3232 1532 3305 eorumquae

364 3313 569 3398 factasunt,
584 3315 643 3383 sed
667 3315 772 3385 habet
788 3318 963 3409 copiosum
978 3324 1014 3386 et
1031 3319 1265 3389 inenarrabile
1282 3319 1531 3389 ministerium.

363 3417 547 3487 Ministrat
567 3420 659 3489 enim
682 3422 715 3490 ei
738 3423 783 3492 ad
807 3424 922 3492 omnia
945 3446 1009 3493 sua
1024 3426 1206 3515 progenies
1221 3406 1257 3495 et
1272 3424 1443 3515 figuratio
1457 3445 1531 3508 sua,

363 3523 399 3594 id
422 3533 477 3595 est
497 3528 614 3597 Filius
636 3535 672 3599 et
696 3531 853 3624 Spiritus
877 3535 1051 3619 Sanctus,
1077 3535 1231 3604 Verbum
1260 3540 1298 3603 et
1326 3532 1532 3625 Sapientia,

363 3633 489 3723 quibus
507 3639 680 3722 ⁸serviunt
709 3647 745 3710 et
775 3642 925 3712 subiecti
953 3649 1037 3713 sunt
1064 3665 1179 3712 omnes
1207 3641 1326 3731 angeli
1339 3669 1372 3712 n.
1405 3641 1533 3711 Eodem

363 3762 467 3810 sensu
489 3744 690 3815 andivimus
713 3749 895 3818 Irenaeum
918 3751 1052 3840 (p.144)
1067 3749 1256 3834 docentem,
1274 3750 1348 3818 Deo
1363 3772 1436 3818 non
1450 3770 1534 3839 opus

363 3846 471 3914 fnisse
494 3849 669 3922 ministris
691 3854 829 3944 angelis
852 3855 897 3923 ad
920 3856 1141 3943 creationem
1168 3856 1274 3924 habet
1295 3856 1388 3924 enim
1411 3875 1534 3924 munus

362 3974 445 4025 suas
466 3955 621 4026 Verbum
644 3967 680 4028 et
704 3960 920 4050 Sapientiam
944 3961 1135 4052 (Spiritum
1152 3961 1346 4048 Sanctum),
1365 3961 1535 4055 atqueita

362 4083 430 4129 non
453 4085 515 4152 per
538 4065 715 4137 ministros
737 4075 873 4138 creatos
903 4071 963 4140 sed
993 4093 1054 4160 per
1084 4070 1319 4160 semetipsum,
1352 4068 1389 4139 lr.v
1416 4094 1447 4140 e.
1474 4092 1534 4160 per

363 4167 515 4236 Verbum
539 4177 574 4238 et
597 4171 811 4263 Sapientiam
834 4176 949 4245 omnia
972 4176 1069 4245 fecit.

429 4276 506 4346 Non
530 4279 635 4349 aliter
656 4281 850 4374 loquuntur
865 4285 989 4354 Patres
1004 4291 1084 4375 post
1098 4285 1200 4354 Cone.
1216 4285 1296 4355 Nic.
1314 4285 1535 4377 disputantes

362 4391 485 4454 eontra
506 4386 600 4476 ipsos
622 4386 787 4460 Arianos.
807 4391 866 4461 Ita
890 4391 927 4461 S.
942 4392 1110 4463 Basilius:
1140 4393 1328 4462 «Verbum
1351 4402 1418 4479 est,
1444 4392 1533 4486 qnod
