3172 4950
656 344 695 362 -
716 314 777 377 399
800 345 835 360 -

188 420 343 491 lantiale.
372 422 548 491 Nimirum
583 419 782 488 substantia
809 417 1011 508 iutellipens
1040 442 1073 485 se
1107 420 1337 487 intellectione
1375 414 1378 421 ⁴

188 532 359 619 epreeeioa
383 530 485 597 Verbi
506 554 574 598 non
597 528 813 618 multiplicat
828 527 886 594 sed
902 526 1133 616 intelligendo
1150 530 1335 598 communi·

188 644 225 706 at
243 657 283 706 ac
306 638 459 707 irradiat
483 638 599 725 (iuxta
622 636 760 704 modum
784 634 949 725 loquendi
974 634 1009 701 S.
1028 636 1170 722 Basilii)
1194 637 1336 706 eandem

188 730 305 813 rainero
328 745 562 815 substantiam
586 750 629 813 ut
651 743 879 813 intellectam.
901 743 1000 810 Unde
1031 744 1226 813 intellectio
1258 746 1336 813 sub·

188 851 345 919 amntialis
367 851 599 941 intelligendo
630 851 824 940 producens
855 850 1007 918 Verbum
1036 850 1268 921 substantiale
1301 858 1338 921 et

188 982 355 1029 immanens
376 961 531 1030 Verbum
545 958 764 1049 productum,
784 959 848 1026 sub
872 958 1012 1025 formali
1035 958 1170 1026 ratione
1185 958 1338 1028 relativa

188 1068 395 1153 rdinvicsm,
421 1073 464 1136 ut
486 1067 679 1158 producens
701 1072 737 1135 et
759 1066 978 1155 productum,
997 1065 1064 1133 duo
1088 1073 1171 1135 sunt
1193 1090 1261 1135 non
1286 1068 1337 1136 di-

188 1176 240 1245 risi
260 1175 319 1245 sed
341 1175 487 1244 realiter
510 1174 697 1261 distinoti;
723 1175 787 1241 snb
811 1173 903 1240 omni
935 1173 1007 1240 alia
1029 1173 1167 1241 ratione
1200 1175 1337 1243 omnino

188 1304 274 1351 annm
296 1289 401 1368 sunt,
428 1282 511 1374 quia
534 1287 590 1367 (ut
613 1281 781 1367 diximus)
805 1281 1008 1371 intelligens
1032 1304 1068 1350 se
1084 1282 1271 1350 seeundum
1284 1291 1337 1352 to-

188 1398 246 1459 tam
266 1414 366 1459 suum
388 1390 476 1457 Esse
491 1389 669 1457 infinitum
681 1388 848 1477 exprimit
860 1389 1013 1457 Verbum
1026 1390 1258 1458 substantiale
1270 1414 1338 1458 non

189 1496 446 1566 intentionaliter
459 1496 570 1563 solum
583 1496 643 1563 sed
657 1495 803 1564 realiter
816 1496 1097 1564 communicando
1110 1501 1222 1564 totum
1237 1520 1338 1565 suum

190 1604 268 1673 lue.
281 1604 319 1673 si
337 1627 421 1693 ergo
444 1604 638 1696 quaeritur,
663 1609 781 1671 utrum
807 1604 1005 1671 substantia
1020 1604 1249 1694 intelligendo
1261 1628 1338 1696 pro-

192 1710 296 1781 ducens
319 1716 355 1781 st
377 1710 576 1780 substantia
598 1734 660 1802 per
684 1710 775 1779 illud
799 1712 996 1801 intellipere
1017 1713 1205 1801 procedens
1216 1720 1259 1781 ut
1270 1718 1338 1782 ter·

193 1820 283 1890 ninus
296 1821 372 1889 eius
389 1820 462 1888 sint
478 1823 566 1890 duae
583 1821 799 1889 substantiae
816 1845 824 1908 ;
851 1842 933 1890 sane
950 1828 1121 1912 quatenus
1137 1829 1191 1890 est
1206 1821 1339 1891 intelli·

196 1928 280 2017 gendo
294 1928 499 2019 producens,
513 1934 550 1997 et
561 1935 733 2019 quatenus
750 1929 936 2018 procedens
952 1930 1135 2015 terminus,
1151 1937 1235 1997 sunt
1250 1931 1339 2000 duae

196 2036 385 2106 substantiae
414 2038 583 2103 relativae
596 2087 605 2118 ,
630 2060 692 2105 seu
715 2037 839 2105 melius
867 2059 938 2104 una
967 2038 1167 2106 substantia
1195 2045 1249 2107 est
1272 2038 1340 2106 duo

197 2142 338 2230 relativi,
369 2146 453 2238 quia
483 2146 629 2214 realiter
658 2146 708 2213 ibi
732 2152 785 2214 est
808 2145 901 2215 alius
925 2148 968 2213 ab
984 2146 1066 2234 ali0;
1089 2147 1148 2214 sed
1169 2152 1340 2238 quatenns

206 2258 357 2340 spectatur
381 2251 532 2320 essentia
556 2276 617 2320 seu
641 2253 800 2320 absoluta
827 2254 995 2343 perfectio
1019 2274 1089 2320 una
1112 2259 1166 2320 est
1182 2255 1341 2321 substan-

200 2354 235 2423 tia
251 2359 428 2443 absoluta,
455 2360 537 2450 quia
560 2360 734 2449 processio
757 2383 825 2429 non
852 2366 906 2428 est
928 2384 989 2449 per
1011 2360 1341 2450 multiplicationem

200 2464 302 2557 sslper
319 2467 661 2536 communicationem
684 2468 797 2537 totius
814 2470 901 2538 Esse
916 2468 1079 2536 absoluti.

220 2566 226 2577 ’
247 2576 372 2644 «Omne
395 2575 612 2645 intellectum
628 2576 666 2643 in
684 2581 854 2667 quantum
877 2576 1094 2645 intellectum
1111 2581 1248 2667 oportet
1268 2600 1342 2647 esse

200 2678 464 2775 inintelligent03
480 2684 661 2775 significat
684 2686 776 2753 enim
798 2686 912 2775 ipsum
937 2687 1136 2775 intelliqere
1152 2686 1342 2775 apprehen·

199 2786 298 2860 donem
315 2792 402 2877 eius,
422 2793 513 2884 quod
535 2792 755 2882 intelligitur
777 2816 839 2882 per
863 2793 1092 2879 intellectum
1119 2793 1210 2862 unde
1237 2788 1340 2862 etiam

199 2892 371 2970 intellectas
394 2906 512 2968 noster
535 2900 686 2989 seipsum
711 2901 916 2990 intelligens
940 2907 994 2969 est
1017 2903 1054 2969 in
1078 2901 1189 2992 seipso
1206 2925 1273 2970 non
1291 2925 1342 2969 so·

199 2998 251 3072 lun
267 3016 307 3077 ut
329 3009 420 3077 idem
445 3007 512 3076 sibi
535 3031 595 3099 per
619 3009 816 3092 essentiam,
836 3010 894 3077 sed
919 3008 1023 3077 etiam
1047 3015 1089 3077 ut
1114 3032 1135 3076 a
1159 3033 1194 3078 se
1218 3032 1338 3101 appre-

199 3106 314 3185 hensum
338 3115 582 3205 intelligendo.
601 3116 746 3207 Oportet
768 3115 883 3207 igitur
906 3118 997 3208 quod
1019 3117 1114 3185 Deus
1148 3119 1184 3185 in
1210 3141 1245 3186 se
1268 3119 1342 3210 ipso

200 3218 235 3289 sit
252 3230 287 3293 nt
307 3222 528 3294 intellectum
550 3225 587 3292 in
611 3224 844 3313 intelligente3
859 3224 1077 3294 intellectum
1102 3232 1219 3294 autem
1236 3226 1273 3295 in
1292 3227 1343 3295 in-

199 3328 355 3422 telligente
378 3340 433 3401 est
455 3332 604 3401 intentio
627 3331 808 3400 intellecta
831 3337 867 3399 et
889 3331 1054 3400 Verbum.
1080 3332 1148 3401 Est
1169 3333 1284 3422 igitur
1307 3335 1344 3402 in

199 3432 252 3506 llco
269 3440 489 3531 intelligente
513 3463 549 3509 se
572 3441 709 3531 ipsum,
736 3439 890 3509 Verbum
913 3437 978 3507 Dei
1003 3442 1104 3531 qnasi
1126 3441 1220 3510 Deus
1243 3442 1345 3510 intel·
1455 3490 1462 3501 -

201 3537 326 3617 lectus...
352 3548 438 3617 Cum
461 3548 664 3617 intellectus
686 3554 804 3617 noster
829 3571 865 3616 se
888 3547 1000 3636 ipsum
1026 3547 1221 3637 intelligit,
1248 3548 1344 3617 aliud

202 3659 242 3720 st
258 3680 317 3726 eree
338 3658 542 3728 intellectus
564 3665 600 3726 et
623 3657 722 3726 aliud
744 3658 858 3747 ipsum
883 3658 959 3725 eius
982 3657 1222 3746 intelligere...
1244 3658 1345 3726 Unde

203 3770 310 3847 opust
332 3765 423 3857 quod
447 3765 485 3832 in
508 3765 645 3833 homine
668 3765 889 3854 intelligente
913 3786 949 3832 se
972 3764 1111 3853 ipsum,
1133 3764 1276 3831 verbum
1293 3764 1344 3831 in·

203 3865 289 3939 lerina
308 3880 511 3963 conceptum
536 3895 604 3941 non
628 3873 677 3941 sit
699 3872 799 3939 bomo
823 3895 929 3941 verus
951 3871 1114 3939 naturale
1138 3896 1205 3937 erae
1227 3872 1345 3939 homi-

204 3968 245 4039 nis
256 3974 389 4064 babens,
408 3980 468 4049 sed
485 3980 533 4047 sit
555 3979 656 4048 homo
671 3979 873 4048 intellectus
888 3984 1039 4063 tantum,
1055 3979 1156 4071 quasi
1178 3980 1346 4071 quaedam

205 4073 368 4157 similitudo
380 4087 531 4156 hominis
544 4089 622 4156 veri
634 4088 677 4154 ab
689 4088 873 4157 intellectu
883 4087 1111 4177 apprehensa.
1131 4088 1249 4176 Ipsum
1264 4110 1346 4156 vero
1452 4164 1458 4171 ,

206 4176 327 4262 lartum
349 4196 415 4265 Dei
439 4218 482 4264 ex
506 4195 570 4264 hoc
593 4196 668 4285 ipso
693 4196 783 4286 quod
807 4203 861 4263 est
883 4192 978 4263 Deus
994 4194 1208 4279 intellectus,
1222 4200 1345 4263 estve·

205 4308 249 4362 Μ
266 4300 352 4373 Deus
374 4305 506 4374 babens
528 4304 743 4373 naturaliter
774 4305 862 4372 Esse
889 4304 1073 4387 divinum,
1099 4327 1138 4372 eo
1164 4303 1253 4395 qnod
1276 4325 1345 4370 non

206 4404 245 4468 tlt
260 4408 348 4481 aliud
371 4412 460 4480 Esse
481 4412 547 4481 Dei
572 4412 734 4480 naturale
757 4419 792 4479 et
815 4412 913 4480 aliud
936 4410 1178 4501 intelligere...
1204 4409 1270 4477 Est
1283 4430 1344 4476 au-
