3172 4950
685 349 723 364 -
748 318 806 380 loe
827 349 865 364 -
891 348 895 356 ¹

224 426 304 493 ritum
325 423 488 494 Senatum
513 444 535 490 u
556 423 715 492 naturali
737 423 908 493 relatione
931 423 976 492 ad
998 421 1138 491 Patrem
1161 443 1229 490 non
1247 422 1362 490 seiun-

220 539 291 622 gn„
312 530 463 621 Nysscn.
477 529 503 598 l.
519 529 620 613 Quod
642 553 711 599 non
727 535 800 600 tres
815 530 876 599 Dii
892 530 937 599 ad
952 528 1083 599 Ablav.
1102 528 1143 598 Τ.
1158 527 1208 596 Π.
1228 552 1262 620 p.
1280 529 1359 597 459.

217 639 598 725 (cr.Peuv.v11.11.).
1128 673 1132 679 ·

264 747 309 817 Π.
325 747 569 816 Examinanda
592 745 650 816 hio
672 769 776 838 porro
798 752 852 816 est
875 747 1046 832 doctrina,
1065 768 1152 840 quae
1168 769 1236 815 non
1252 745 1362 815 solum

210 857 287 947 apud
310 855 522 925 vetustiores
551 860 659 942 (ute.
682 879 718 944 g.
739 854 833 945 apud
862 853 1095 946 Hippolytum
1123 858 1234 923 contr.
1260 852 1361 923 Nost.

210 989 237 1033 r.
247 965 325 1049 lin),
344 963 525 1033 sedetiam
540 962 578 1031 in
594 962 893 1054 disputationibus
907 962 1076 1032 adversus
1090 961 1243 1030 Arianos
1266 981 1365 1052 saepe

209 1071 358 1142 recurrit.
384 1069 587 1140 Concedunt
607 1070 731 1139 Patres
753 1069 844 1140 hanc
866 1070 1155 1161 propositionem:
1180 1069 1285 1139 Pater
1307 1068 1365 1137 Fi·

209 1178 283 1248 lium
304 1180 481 1249 voluntate
504 1179 639 1268 genuit.
667 1177 830 1270 Plerique
852 1201 894 1248 ex
918 1178 992 1246 illis
1014 1178 1059 1255 ad
1081 1177 1171 1247 hanc
1195 1177 1364 1270 quaestio·

210 1309 274 1354 nam
294 1287 336 1356 de
358 1286 560 1353 uoluntaria
575 1286 799 1375 generatione
815 1284 1007 1354 habendam
1022 1285 1166 1354 adducti
1184 1290 1268 1353 sunt
1290 1306 1366 1375 per·

211 1404 300 1482 petuo
328 1392 542 1484 sophismate
579 1392 874 1463 adversariorum.
909 1393 1182 1482 Interrogabant
1210 1389 1363 1476 Ariani,

212 1507 315 1583 utrum
337 1501 444 1570 Pater
464 1500 596 1570 Filium
619 1500 783 1590 genuerit
805 1499 924 1568 volens
940 1520 985 1567 an
1009 1522 1076 1568 non
1099 1499 1231 1568 volens.
1250 1499 1290 1569 Si
1305 1497 1366 1567 Ca·

213 1606 320 1678 tbolici
342 1607 408 1679 boc
429 1607 580 1678 alterum
603 1609 853 1693 affirmarent,·
867 1630 1079 1700 consequens
1102 1630 1176 1678 esse
1199 1607 1364 1693 aiebant,

215 1721 249 1782 nt
265 1714 365 1783 Pater
387 1721 529 1785 coactus
551 1735 592 1784 ac
615 1715 751 1784 invitus
773 1713 907 1783 Filium
940 1716 1126 1805 genuerit,
1153 1715 1211 1785 vel
1234 1720 1276 1784 ut
1299 1739 1367 1805 ge-

216 1821 333 1890 neratio
364 1821 415 1892 sit
443 1845 512 1890 non
541 1821 658 1915 qualis
689 1822 788 1892 decet
822 1821 1010 1913 spiritum,
1045 1823 1104 1892 sed
1135 1847 1196 1915 per
1231 1824 1366 1893 modum

177 2020 180 2027 ¹
216 1929 427 2016 processionis
449 1929 636 2013 naturalis,
663 1929 779 2022 qualis
801 1935 856 1999 est
877 1931 915 1998 in
939 1930 1141 2020 corporibus
1171 1931 1368 2021 cognitione

218 2040 248 2101 at
264 2035 443 2106 voluntate
465 2036 688 2122 carentibus,
715 2038 805 2131 quod
829 2044 1014 2130 utrumque
1038 2038 1075 2107 in
1090 2039 1163 2108 Deo
1178 2046 1364 2131 repugnat.

220 2138 506 2233 ‚Siooucederetur
527 2145 701 2230 alterum,
726 2146 858 2216 Filium
882 2147 1020 2216 scilicet
1042 2169 1116 2216 esse
1139 2169 1161 2215 a
1182 2147 1288 2217 Patra
1311 2170 1369 2218 vo·
1406 2228 1412 2238 ·

221 2247 336 2323 luctata
358 2253 543 2344 genitum,
565 2254 629 2324 hoc
652 2254 727 2346 ipso
750 2255 966 2340 inferebant,
991 2256 1125 2325 Filium
1140 2278 1215 2325 ease
1238 2257 1369 2325 factum

222 2380 281 2428 cum
300 2369 404 2431 antea
426 2385 495 2430 non
518 2369 635 2449 esset,
661 2386 724 2433 nec
746 2386 820 2433 essa
843 2363 943 2433 Patri
965 2364 1306 2434 consubstantialem.

271 2469 390 2549 Patres
413 2494 477 2561 pro
500 2470 600 2563 s’copo
624 2471 763 2541 diverso
786 2471 1018 2542 diversimode
1049 2472 1279 2563 respondent;
1305 2472 1369 2541 ali·

223 2578 345 2667 quando.
358 2577 452 2646 enim
474 2602 544 2648 uno
560 2602 663 2649 sensu
680 2580 884 2666 concedunt,
904 2580 1093 2673 aliquando
1109 2579 1180 2649 alio
1196 2602 1299 2649 sensu
1315 2602 1372 2648 ne-

223 2694 293 2770 gant
305 2737 321 2770 r
337 2684 471 2754 Filium
494 2706 516 2753 a
531 2687 637 2756 Patre
652 2688 829 2754 voluntate
844 2709 917 2757 esse
933 2687 1103 2776 genitum.
1117 2686 1169 2755 Ut
1183 2685 1387 2755 excludant⁸

223 2790 387 2863 absurdam
410 2793 686 2880 calumniamus
709 2796 741 2863 si
762 2794 880 2864 Filius
902 2795 1017 2864 invito
1032 2794 1137 2864 Patre
1153 2795 1211 2864 vel
1227 2817 1288 2886 per
1303 2817 1370 2864 mo·
1405 2793 1408 2799 ’

224 2895 286 2967 dum
306 2907 453 2971 naturae
477 2901 600 2974 brutae
623 2903 765 2992 genitus
787 2902 986 2987 diceretur,
1012 2903 1114 2972 aiunt
1142 2899 1275 2983 Filium
1299 2925 1371 2972 esse

226 3006 323 3100 utique
345 3010 504 3099 genitum
526 3011 715 3094 uoluntate,
739 3010 800 3079 nbi
823 3034 891 3079 non
914 3010 1135 3080 voluntatem·
1155 3010 1298 3077 liberam
1322 3012 1372 3100 es·

223 3113 388 3200 tamtan,
414 3139 516 3210 quam
538 3116 667 3187 Ariani
690 3119 727 3187 in
744 3123 856 3188 mente
874 3117 1060 3203 habebant,
1079 3118 1139 3187 sed
1156 3118 1371 3188 voluntatem

170 3282 172 3289 .
229 3219 407 3312 unificant
428 3228 623 3294 naturalem
647 3229 937 3309 committentem,
962 3225 1052 3319 quod
1075 3224 1213 3295 scilicet
1231 3249 1273 3295 ex
1297 3227 1373 3318 ipsa

229 3330 339 3402 ratione
360 3333 496 3403 infiniti
517 3334 665 3425 spiritus
689 3333 869 3425 generatio
891 3333 1000 3404 Verbi
1014 3339 1068 3403 est
1092 3335 1213 3427 utique
1236 3357 1298 3426 per
1321 3335 1372 3404 in*

231 3435 382 3510 tellectum
404 3449 442 3511 et
464 3465 541 3511 cum
564 3441 747 3511 voluntate
770 3441 911 3529 Patris;
943 3441 1037 3510 sicut
1066 3441 1161 3510 Deus
1192 3441 1373 3511 voluntate

169 3616 172 3629 ,
232 3539 396 3635 deusest,
423 3572 492 3618 non
516 3549 606 3642 quod
631 3548 795 3618 voluntas
818 3550 866 3618 sit
894 3548 1055 3618 effectrix
1085 3549 1174 3634 Dei,
1200 3549 1259 3618 sed
1284 3549 1373 3641 quod

233 3645 302 3723 Deus
321 3680 362 3728 ex
384 3657 578 3727 intrinseca
594 3658 649 3727 sui
661 3653 878 3750 perfectione
893 3657 1048 3727 existens
1064 3656 1144 3727 vult
1159 3658 1280 3750 utique
1298 3678 1372 3727 esse

234 3752 303 3829 bens
321 3788 383 3837 nee
406 3764 520 3834 invite
542 3765 637 3834 Deus
659 3771 714 3834 est
736 3765 799 3852 (1).
830 3762 946 3833 uCum
962 3786 1031 3833 non
1055 3787 1097 3833 ex
1122 3763 1317 3851 voluntate,
1335 3773 1376 3834 ut

285 3981 320 4056 ll)
338 3986 429 4040 -0nm
446 3985 553 4040 dicitur
572 3985 685 4054 aliquid
706 4001 768 4039 esse
785 3980 837 4040 'val
856 3984 918 4039 deri
932 3987 1088 4048 uoluntate,
1103 3982 1260 4050 dupliciter
1279 3987 1375 4051 potest

237 4059 345 4140 iutefflgt.
366 4076 429 4130 Uno
448 4074 547 4141 modo,
568 4079 601 4129 ut
623 4076 770 4130 ablativus
789 4073 922 4140 designat
935 4073 1183 4127 concomitantiam
1202 4075 1324 4138 tantum,
1338 4073 1374 4126 si·

236 4158 384 4225 tlluctarum
404 4164 514 4232 dicere,
537 4163 612 4233 qnod
633 4180 684 4230 ego
703 4180 765 4219 sum
785 4165 866 4218 homo
895 4179 955 4218 mea
975 4165 1145 4228 voluntate,
1173 4164 1242 4231 quia
1263 4162 1375 4216 scillcet

238 4243 284 4298 '⁰1⁰
297 4267 335 4306 na
351 4270 413 4308 esse
431 4254 633 4308 hominemne
652 4255 703 4307 hoc
722 4255 802 4308 modo
821 4257 917 4321 potest
935 4252 1012 4320 dici,
1034 4252 1108 4322 qnod
1119 4254 1205 4306 Pater
1218 4253 1320 4319 genuit
1332 4251 1377 4304 lil-

238 4324 453 4405 lucernarum,
475 4341 550 4394 sicut
569 4345 598 4394 et
616 4344 661 4394 est
679 4342 826 4393 voluntate
844 4341 941 4407 Deua,
963 4340 1033 4408 quia
1052 4341 1168 4415 cultae
1187 4355 1250 4395 esee
1268 4340 1375 4405 Deum,

238 4419 259 4467 ⁸²
274 4429 324 4483 nlc
341 4446 370 4485 se
395 4445 532 4495 mucrore
551 4430 668 4484 Filium.
701 4430 767 4487 Allo
787 4431 867 4485 modo
890 4432 949 4497 sic,
974 4429 1049 4498 quod
1069 4427 1217 4485 ablativus
1230 4429 1377 4495 ¹importet
