<?xml version="1.0" encoding="UTF-8"?>
<!DOCTYPE html PUBLIC "-//W3C//DTD XHTML 1.0 Transitional//EN"
    "http://www.w3.org/TR/xhtml1/DTD/xhtml1-transitional.dtd">
<html xmlns="http://www.w3.org/1999/xhtml" xml:lang="en" lang="en">
 <head>
  <title>
</title>
<meta http-equiv="Content-Type" content="text/html;charset=utf-8" />
  <meta name='ocr-system' content='tesseract 3.04.00' />
  <meta name='ocr-capabilities' content='ocr_page ocr_carea ocr_par ocr_line ocrx_word'/>
</head>
<body>
  <div class='ocr_page' id='page_1' title='image "./tractatusdedeot00frangoog/tractatusdedeot00frangoog_0322.png"; bbox 0 0 3172 4950; ppageno 0'>
   <div class='ocr_carea' id='block_1_1' title="bbox 187 304 1336 3518">
    <p class='ocr_par' dir='ltr' id='par_1_1' title="bbox 600 304 779 364">
     <span class='ocr_line' id='line_1_1' title="bbox 600 304 779 364; baseline 0 0"><span class='ocrx_word' id='word_1_1' title='bbox 600 334 637 348; x_wconf 99' lang='lat'>-</span> <span class='ocrx_word' id='word_1_2' title='bbox 659 304 717 364; x_wconf 89' lang='lat'><strong>311</strong></span> <span class='ocrx_word' id='word_1_3' title='bbox 741 336 779 350; x_wconf 97' lang='lat'>-</span> 
     </span>
    </p>

    <p class='ocr_par' dir='ltr' id='par_1_2' title="bbox 187 407 1273 1143">
     <span class='ocr_line' id='line_1_2' title="bbox 188 407 1266 494; baseline 0.003 -19"><span class='ocrx_word' id='word_1_4' title='bbox 188 407 307 477; x_wconf 70' lang='lat' dir='ltr'><strong>udonis</strong></span> <span class='ocrx_word' id='word_1_5' title='bbox 329 429 406 476; x_wconf 87' lang='lat' dir='ltr'><strong>esse</strong></span> <span class='ocrx_word' id='word_1_6' title='bbox 431 434 449 471; x_wconf 77' lang='lat' dir='ltr'><strong>a</strong></span> <span class='ocrx_word' id='word_1_7' title='bbox 463 409 679 477; x_wconf 87' lang='lat' dir='ltr'><strong>necessarias</strong></span> <span class='ocrx_word' id='word_1_8' title='bbox 709 409 863 478; x_wconf 89' lang='lat' dir='ltr'><strong>rationes</strong></span> <span class='ocrx_word' id='word_1_9' title='bbox 893 409 1093 480; x_wconf 76' lang='lat' dir='ltr'><strong>adduceres</strong></span> <span class='ocrx_word' id='word_1_10' title='bbox 1126 408 1171 477; x_wconf 88' lang='lat' dir='ltr'><strong>ad</strong></span> <span class='ocrx_word' id='word_1_11' title='bbox 1201 429 1266 494; x_wconf 88' lang='lat' dir='ltr'><strong>ea,</strong></span> 
     </span>
     <span class='ocr_line' id='line_1_3' title="bbox 188 513 1272 604; baseline -0.001 -21"><span class='ocrx_word' id='word_1_12' title='bbox 188 538 199 583; x_wconf 84' lang='lat' dir='ltr'><strong>e</strong></span> <span class='ocrx_word' id='word_1_13' title='bbox 217 514 388 584; x_wconf 72' lang='lat' dir='ltr'><strong>credimus</strong></span> <span class='ocrx_word' id='word_1_14' title='bbox 411 515 452 583; x_wconf 93' lang='lat' dir='ltr'><strong>de</strong></span> <span class='ocrx_word' id='word_1_15' title='bbox 469 515 532 585; x_wconf 88' lang='lat' dir='ltr'><strong>SS.</strong></span> <span class='ocrx_word' id='word_1_16' title='bbox 550 515 740 584; x_wconf 85' lang='lat' dir='ltr'><strong>Trinitate.</strong></span> <span class='ocrx_word' id='word_1_17' title='bbox 755 516 854 584; x_wconf 88' lang='lat' dir='ltr'><strong>Unde</strong></span> <span class='ocrx_word' id='word_1_18' title='bbox 866 516 980 585; x_wconf 79' lang='lat' dir='ltr'><strong>solent</strong></span> <span class='ocrx_word' id='word_1_19' title='bbox 994 516 1101 585; x_wconf 88' lang='lat' dir='ltr'><strong>etiam</strong></span> <span class='ocrx_word' id='word_1_20' title='bbox 1115 513 1272 604; x_wconf 80' lang='lat' dir='ltr'><strong>theologi</strong></span> 
     </span>
     <span class='ocr_line' id='line_1_4' title="bbox 187 621 1272 715; baseline 0.003 -28"><span class='ocrx_word' id='word_1_21' title='bbox 187 621 318 690; x_wconf 79' lang='lat' dir='ltr'><strong>sardum</strong></span> <span class='ocrx_word' id='word_1_22' title='bbox 342 622 514 714; x_wconf 89' lang='lat' dir='ltr'><strong>(idemque</strong></span> <span class='ocrx_word' id='word_1_23' title='bbox 537 629 574 692; x_wconf 90' lang='lat' dir='ltr'><strong>at</strong></span> <span class='ocrx_word' id='word_1_24' title='bbox 603 623 720 692; x_wconf 86' lang='lat' dir='ltr'><strong>eodem</strong></span> <span class='ocrx_word' id='word_1_25' title='bbox 748 624 826 692; x_wconf 89' lang='lat' dir='ltr'><strong>iure</strong></span> <span class='ocrx_word' id='word_1_26' title='bbox 856 624 1055 715; x_wconf 88' lang='lat' dir='ltr'><strong>potuissent</strong></span> <span class='ocrx_word' id='word_1_27' title='bbox 1085 623 1200 692; x_wconf 88' lang='lat' dir='ltr'><strong>dicere</strong></span> <span class='ocrx_word' id='word_1_28' title='bbox 1230 622 1272 690; x_wconf 87' lang='lat' dir='ltr'><strong>de</strong></span> 
     </span>
     <span class='ocr_line' id='line_1_5' title="bbox 188 728 1273 824; baseline 0.001 -25"><span class='ocrx_word' id='word_1_29' title='bbox 188 728 282 817; x_wconf 81' lang='lat' dir='ltr'><strong>elno)</strong></span> <span class='ocrx_word' id='word_1_30' title='bbox 306 729 417 800; x_wconf 89' lang='lat' dir='ltr'><strong>citare</strong></span> <span class='ocrx_word' id='word_1_31' title='bbox 440 753 503 821; x_wconf 88' lang='lat' dir='ltr'><strong>pro</strong></span> <span class='ocrx_word' id='word_1_32' title='bbox 526 731 701 802; x_wconf 86' lang='lat' dir='ltr'><strong>sententie</strong></span> <span class='ocrx_word' id='word_1_33' title='bbox 724 755 854 817; x_wconf 89' lang='lat' dir='ltr'><strong>eorum,</strong></span> <span class='ocrx_word' id='word_1_34' title='bbox 880 732 941 824; x_wconf 91' lang='lat' dir='ltr'><strong>qui</strong></span> <span class='ocrx_word' id='word_1_35' title='bbox 965 732 1121 802; x_wconf 79' lang='lat' dir='ltr'>dixerint</span> <span class='ocrx_word' id='word_1_36' title='bbox 1142 731 1273 800; x_wconf 73' lang='lat' dir='ltr'><strong>verita¹</strong></span> 
     </span>
     <span class='ocr_line' id='line_1_6' title="bbox 198 834 1272 928; baseline 0.003 -26"><span class='ocrx_word' id='word_1_37' title='bbox 198 834 359 925; x_wconf 80' lang='lat' dir='ltr'><strong>mysterii</strong></span> <span class='ocrx_word' id='word_1_38' title='bbox 381 837 596 906; x_wconf 79' lang='lat' dir='ltr'><strong>revelatione</strong></span> <span class='ocrx_word' id='word_1_39' title='bbox 620 837 802 928; x_wconf 88' lang='lat' dir='ltr'><strong>supposita</strong></span> <span class='ocrx_word' id='word_1_40' title='bbox 824 860 923 928; x_wconf 89' lang='lat' dir='ltr'><strong>possa</strong></span> <span class='ocrx_word' id='word_1_41' title='bbox 945 837 1154 908; x_wconf 87' lang='lat' dir='ltr'><strong>necessariis</strong></span> <span class='ocrx_word' id='word_1_42' title='bbox 1166 836 1272 906; x_wconf 90' lang='lat' dir='ltr'><strong>ratio·</strong></span> 
     </span>
     <span class='ocr_line' id='line_1_7' title="bbox 188 943 1271 1032; baseline 0.001 -21"><span class='ocrx_word' id='word_1_43' title='bbox 188 964 209 1011; x_wconf 84' lang='lat' dir='ltr'><strong>s</strong></span> <span class='ocrx_word' id='word_1_44' title='bbox 230 943 473 1013; x_wconf 87' lang='lat' dir='ltr'><strong>demonstrari.</strong></span> <span class='ocrx_word' id='word_1_45' title='bbox 488 944 579 1014; x_wconf 87' lang='lat' dir='ltr'><strong>Vide</strong></span> <span class='ocrx_word' id='word_1_46' title='bbox 603 945 735 1015; x_wconf 83' lang='lat' dir='ltr'><strong>Suarez</strong></span> <span class='ocrx_word' id='word_1_47' title='bbox 759 944 859 1015; x_wconf 76' lang='lat' dir='ltr'><strong>Trin.</strong></span> <span class='ocrx_word' id='word_1_48' title='bbox 878 946 904 1015; x_wconf 85' lang='lat'><strong>1.</strong></span> <span class='ocrx_word' id='word_1_49' title='bbox 923 945 954 1015; x_wconf 93' lang='lat'><strong>1.</strong></span> <span class='ocrx_word' id='word_1_50' title='bbox 977 969 1007 1017; x_wconf 88' lang='lat' dir='ltr'><strong>c.</strong></span> <span class='ocrx_word' id='word_1_51' title='bbox 1027 946 1081 1015; x_wconf 78' lang='lat'><strong>12.</strong></span> <span class='ocrx_word' id='word_1_52' title='bbox 1105 969 1140 1016; x_wconf 90' lang='lat' dir='ltr'><strong>n.</strong></span> <span class='ocrx_word' id='word_1_53' title='bbox 1160 946 1195 1015; x_wconf 87' lang='lat'><strong>8.</strong></span> <span class='ocrx_word' id='word_1_54' title='bbox 1214 943 1271 1032; x_wconf 81' lang='grc'><strong>9.;</strong></span> 
     </span>
     <span class='ocr_line' id='line_1_8' title="bbox 188 1049 605 1143; baseline 0.007 -25"><span class='ocrx_word' id='word_1_55' title='bbox 188 1049 302 1143; x_wconf 78' lang='lat' dir='ltr'><strong>tdisp.</strong></span> <span class='ocrx_word' id='word_1_56' title='bbox 318 1051 377 1120; x_wconf 88' lang='lat'><strong>41.</strong></span> <span class='ocrx_word' id='word_1_57' title='bbox 389 1060 472 1122; x_wconf 87' lang='lat' dir='ltr'><strong>sect.</strong></span> <span class='ocrx_word' id='word_1_58' title='bbox 488 1053 521 1121; x_wconf 77' lang='lat'><strong>2.</strong></span> <span class='ocrx_word' id='word_1_59' title='bbox 536 1060 605 1122; x_wconf 89' lang='lat' dir='ltr'><strong>etc.</strong></span> 
     </span>
    </p>

    <p class='ocr_par' dir='ltr' id='par_1_3' title="bbox 188 1158 1336 3194">
     <span class='ocr_line' id='line_1_9' title="bbox 188 1158 1275 1253; baseline 0.003 -26"><span class='ocrx_word' id='word_1_60' title='bbox 188 1158 265 1243; x_wconf 67' lang='lat' dir='ltr'><strong>laid</strong></span> <span class='ocrx_word' id='word_1_61' title='bbox 284 1160 353 1227; x_wconf 88' lang='lat' dir='ltr'><strong>iam</strong></span> <span class='ocrx_word' id='word_1_62' title='bbox 377 1160 445 1228; x_wconf 88' lang='lat' dir='ltr'><strong>sibi</strong></span> <span class='ocrx_word' id='word_1_63' title='bbox 468 1159 571 1246; x_wconf 87' lang='lat' dir='ltr'><strong>vult,</strong></span> <span class='ocrx_word' id='word_1_64' title='bbox 604 1160 694 1253; x_wconf 91' lang='lat' dir='ltr'><strong>quod</strong></span> <span class='ocrx_word' id='word_1_65' title='bbox 726 1162 910 1252; x_wconf 90' lang='lat' dir='ltr'><strong>supposita</strong></span> <span class='ocrx_word' id='word_1_66' title='bbox 939 1167 1078 1232; x_wconf 89' lang='lat' dir='ltr'><strong>tautum</strong></span> <span class='ocrx_word' id='word_1_67' title='bbox 1108 1163 1176 1232; x_wconf 89' lang='lat' dir='ltr'><strong>fide</strong></span> <span class='ocrx_word' id='word_1_68' title='bbox 1206 1183 1275 1231; x_wconf 93' lang='lat' dir='ltr'><strong>nou</strong></span> 
     </span>
     <span class='ocr_line' id='line_1_10' title="bbox 189 1267 1275 1358; baseline 0.004 -23"><span class='ocrx_word' id='word_1_69' title='bbox 189 1292 219 1335; x_wconf 92' lang='lat' dir='ltr'><strong>m</strong></span> <span class='ocrx_word' id='word_1_70' title='bbox 242 1267 336 1337; x_wconf 88' lang='lat' dir='ltr'><strong>citra</strong></span> <span class='ocrx_word' id='word_1_71' title='bbox 357 1267 609 1338; x_wconf 80' lang='lat' dir='ltr'><strong>revelationem</strong></span> <span class='ocrx_word' id='word_1_72' title='bbox 632 1277 780 1358; x_wconf 90' lang='lat' dir='ltr'><strong>possunt</strong></span> <span class='ocrx_word' id='word_1_73' title='bbox 798 1298 814 1334; x_wconf 83' lang='lat' dir='ltr'><strong>a</strong></span> <span class='ocrx_word' id='word_1_74' title='bbox 840 1270 967 1339; x_wconf 78' lang='lat' dir='ltr'><strong>adduci</strong></span> <span class='ocrx_word' id='word_1_75' title='bbox 985 1271 1138 1340; x_wconf 88' lang='lat' dir='ltr'><strong>rationes</strong></span> <span class='ocrx_word' id='word_1_76' title='bbox 1161 1292 1275 1339; x_wconf 88' lang='lat' dir='ltr'><strong>neces·</strong></span> 
     </span>
     <span class='ocr_line' id='line_1_11' title="bbox 188 1374 1272 1465; baseline 0.002 -22"><span class='ocrx_word' id='word_1_77' title='bbox 188 1396 263 1459; x_wconf 79' lang='lat' dir='ltr'><strong>ses,</strong></span> <span class='ocrx_word' id='word_1_78' title='bbox 294 1381 331 1444; x_wconf 88' lang='lat' dir='ltr'><strong>at</strong></span> <span class='ocrx_word' id='word_1_79' title='bbox 360 1381 476 1465; x_wconf 85' lang='lat' dir='ltr'><strong>potest</strong></span> <span class='ocrx_word' id='word_1_80' title='bbox 498 1374 634 1443; x_wconf 89' lang='lat' dir='ltr'><strong>ostendi</strong></span> <span class='ocrx_word' id='word_1_81' title='bbox 661 1397 818 1464; x_wconf 66' lang='lat' dir='ltr'><strong>“cogens</strong></span> <span class='ocrx_word' id='word_1_82' title='bbox 847 1376 997 1445; x_wconf 89' lang='lat' dir='ltr'><strong>rationis</strong></span> <span class='ocrx_word' id='word_1_83' title='bbox 1026 1375 1272 1446; x_wconf 71' lang='lat' dir='ltr'><strong>necessitasir</strong></span> 
     </span>
     <span class='ocr_line' id='line_1_12' title="bbox 188 1482 1275 1575; baseline 0.002 -25"><span class='ocrx_word' id='word_1_84' title='bbox 188 1485 269 1550; x_wconf 69' lang='lat' dir='ltr'><strong>taes</strong></span> <span class='ocrx_word' id='word_1_85' title='bbox 291 1485 500 1549; x_wconf 69' lang='lat' dir='ltr'><strong>necessariae</strong></span> <span class='ocrx_word' id='word_1_86' title='bbox 530 1490 677 1572; x_wconf 90' lang='lat' dir='ltr'><strong>possunt</strong></span> <span class='ocrx_word' id='word_1_87' title='bbox 712 1482 771 1552; x_wconf 89' lang='lat' dir='ltr'><strong>hic</strong></span> <span class='ocrx_word' id='word_1_88' title='bbox 802 1483 912 1574; x_wconf 88' lang='lat' dir='ltr'><strong>accipi</strong></span> <span class='ocrx_word' id='word_1_89' title='bbox 937 1484 1139 1575; x_wconf 82' lang='lat' dir='ltr'><strong>dupliciter,</strong></span> <span class='ocrx_word' id='word_1_90' title='bbox 1164 1485 1275 1575; x_wconf 91' lang='lat' dir='ltr'><strong>primo</strong></span> 
     </span>
     <span class='ocr_line' id='line_1_13' title="bbox 203 1589 1276 1682; baseline 0 -23"><span class='ocrx_word' id='word_1_91' title='bbox 203 1598 246 1660; x_wconf 90' lang='lat' dir='ltr'><strong>ut</strong></span> <span class='ocrx_word' id='word_1_92' title='bbox 267 1590 507 1659; x_wconf 86' lang='lat' dir='ltr'><strong>tantummodo</strong></span> <span class='ocrx_word' id='word_1_93' title='bbox 529 1591 659 1659; x_wconf 91' lang='lat' dir='ltr'><strong>notitia</strong></span> <span class='ocrx_word' id='word_1_94' title='bbox 682 1590 854 1660; x_wconf 88' lang='lat' dir='ltr'><strong>historica</strong></span> <span class='ocrx_word' id='word_1_95' title='bbox 885 1589 1076 1660; x_wconf 76' lang='lat' dir='ltr'><strong>Trinitatis</strong></span> <span class='ocrx_word' id='word_1_96' title='bbox 1105 1612 1276 1682; x_wconf 86' lang='lat' dir='ltr'><strong>suppona-</strong></span> 
     </span>
     <span class='ocr_line' id='line_1_14' title="bbox 201 1699 1275 1792; baseline 0 -24"><span class='ocrx_word' id='word_1_97' title='bbox 201 1707 358 1769; x_wconf 88' lang='lat' dir='ltr'><strong>ceterum</strong></span> <span class='ocrx_word' id='word_1_98' title='bbox 374 1722 456 1768; x_wconf 89' lang='lat' dir='ltr'><strong>vero</strong></span> <span class='ocrx_word' id='word_1_99' title='bbox 473 1699 577 1770; x_wconf 88' lang='lat' dir='ltr'><strong>unice</strong></span> <span class='ocrx_word' id='word_1_100' title='bbox 592 1723 634 1767; x_wconf 85' lang='lat' dir='ltr'><strong>ex</strong></span> <span class='ocrx_word' id='word_1_101' title='bbox 650 1699 838 1790; x_wconf 81' lang='lat' dir='ltr'><strong>principiis</strong></span> <span class='ocrx_word' id='word_1_102' title='bbox 855 1699 1099 1785; x_wconf 89' lang='lat' dir='ltr'><strong>rationalibus,</strong></span> <span class='ocrx_word' id='word_1_103' title='bbox 1118 1699 1203 1792; x_wconf 92' lang='lat' dir='ltr'><strong>quin</strong></span> <span class='ocrx_word' id='word_1_104' title='bbox 1219 1722 1275 1769; x_wconf 88' lang='lat' dir='ltr'><strong>ne·</strong></span> 
     </span>
     <span class='ocr_line' id='line_1_15' title="bbox 188 1807 1336 1899; baseline 0.002 -25"><span class='ocrx_word' id='word_1_105' title='bbox 188 1808 253 1876; x_wconf 80' lang='lat' dir='ltr'><strong>trio</strong></span> <span class='ocrx_word' id='word_1_106' title='bbox 270 1815 487 1898; x_wconf 87' lang='lat' dir='ltr'><strong>supponatur</strong></span> <span class='ocrx_word' id='word_1_107' title='bbox 504 1808 646 1899; x_wconf 80' lang='lat' dir='ltr'><strong>aliquod</strong></span> <span class='ocrx_word' id='word_1_108' title='bbox 661 1807 873 1898; x_wconf 91' lang='lat' dir='ltr'><strong>principium</strong></span> <span class='ocrx_word' id='word_1_109' title='bbox 885 1807 1191 1877; x_wconf 80' lang='lat' dir='ltr'><strong>demonstrationis</strong></span> <span class='ocrx_word' id='word_1_110' title='bbox 1202 1809 1278 1877; x_wconf 85' lang='lat' dir='ltr'><strong>sola</strong></span> <span class='ocrx_word' id='word_1_111' title='bbox 1333 1834 1336 1839; x_wconf 47' lang='lat'><em>&lt;</em></span> 
     </span>
     <span class='ocr_line' id='line_1_16' title="bbox 188 1914 1277 2000; baseline 0.002 -17"><span class='ocrx_word' id='word_1_112' title='bbox 188 1914 319 1984; x_wconf 90' lang='lat' dir='ltr'><strong>latione</strong></span> <span class='ocrx_word' id='word_1_113' title='bbox 342 1916 629 2000; x_wconf 88' lang='lat' dir='ltr'><strong>manifestatum,</strong></span> <span class='ocrx_word' id='word_1_114' title='bbox 655 1915 914 1985; x_wconf 85' lang='lat' dir='ltr'><strong>demonstretur</strong></span> <span class='ocrx_word' id='word_1_115' title='bbox 939 1914 1101 1985; x_wconf 78' lang='lat' dir='ltr'><strong>Trinitas</strong></span> <span class='ocrx_word' id='word_1_116' title='bbox 1132 1915 1277 1985; x_wconf 88' lang='lat' dir='ltr'><strong>distinc-</strong></span> 
     </span>
     <span class='ocr_line' id='line_1_17' title="bbox 188 2023 1279 2115; baseline 0 -22"><span class='ocrx_word' id='word_1_117' title='bbox 188 2048 221 2093; x_wconf 87' lang='lat' dir='ltr'><strong>m</strong></span> <span class='ocrx_word' id='word_1_118' title='bbox 248 2045 473 2114; x_wconf 88' lang='lat' dir='ltr'><strong>personarum</strong></span> <span class='ocrx_word' id='word_1_119' title='bbox 497 2045 540 2092; x_wconf 87' lang='lat' dir='ltr'><strong>ex</strong></span> <span class='ocrx_word' id='word_1_120' title='bbox 567 2024 795 2114; x_wconf 79' lang='lat' dir='ltr'><strong>praecognita</strong></span> <span class='ocrx_word' id='word_1_121' title='bbox 820 2023 993 2113; x_wconf 86' lang='lat' dir='ltr'><strong>imagine,</strong></span> <span class='ocrx_word' id='word_1_122' title='bbox 1013 2031 1099 2114; x_wconf 87' lang='lat' dir='ltr'><strong>pute</strong></span> <span class='ocrx_word' id='word_1_123' title='bbox 1129 2023 1279 2115; x_wconf 86' lang='lat' dir='ltr'><strong>spiritus</strong></span> 
     </span>
     <span class='ocr_line' id='line_1_18' title="bbox 188 2130 1278 2224; baseline 0.001 -24"><span class='ocrx_word' id='word_1_124' title='bbox 188 2131 214 2200; x_wconf 82' lang='lat' dir='ltr'><strong>ri</strong></span> <span class='ocrx_word' id='word_1_125' title='bbox 229 2132 375 2224; x_wconf 86' lang='lat' dir='ltr'><strong>eiusque</strong></span> <span class='ocrx_word' id='word_1_126' title='bbox 391 2132 567 2200; x_wconf 88' lang='lat' dir='ltr'><strong>actionum</strong></span> <span class='ocrx_word' id='word_1_127' title='bbox 579 2130 853 2216; x_wconf 88' lang='lat' dir='ltr'><strong>immanentium,</strong></span> <span class='ocrx_word' id='word_1_128' title='bbox 866 2131 1103 2201; x_wconf 89' lang='lat' dir='ltr'><strong>concludendo</strong></span> <span class='ocrx_word' id='word_1_129' title='bbox 1114 2132 1159 2200; x_wconf 90' lang='lat' dir='ltr'><strong>ad</strong></span> <span class='ocrx_word' id='word_1_130' title='bbox 1169 2132 1278 2201; x_wconf 86' lang='lat' dir='ltr'><strong>Deum</strong></span> 
     </span>
     <span class='ocr_line' id='line_1_19' title="bbox 188 2239 1278 2332; baseline 0.002 -25"><span class='ocrx_word' id='word_1_131' title='bbox 188 2242 269 2309; x_wconf 72' lang='lat' dir='ltr'><strong>{tum</strong></span> <span class='ocrx_word' id='word_1_132' title='bbox 292 2239 489 2309; x_wconf 88' lang='lat' dir='ltr'><strong>increatum</strong></span> <span class='ocrx_word' id='word_1_133' title='bbox 512 2246 619 2332; x_wconf 90' lang='lat' dir='ltr'><strong>atque</strong></span> <span class='ocrx_word' id='word_1_134' title='bbox 642 2240 686 2308; x_wconf 89' lang='lat' dir='ltr'><strong>ad</strong></span> <span class='ocrx_word' id='word_1_135' title='bbox 711 2239 937 2308; x_wconf 87' lang='lat' dir='ltr'><strong>immanentes</strong></span> <span class='ocrx_word' id='word_1_136' title='bbox 952 2240 1188 2330; x_wconf 87' lang='lat' dir='ltr'><strong>processiones</strong></span> <span class='ocrx_word' id='word_1_137' title='bbox 1203 2262 1278 2331; x_wconf 88' lang='lat' dir='ltr'><strong>par·</strong></span> 
     </span>
     <span class='ocr_line' id='line_1_20' title="bbox 188 2345 1277 2430; baseline -0.001 -16"><span class='ocrx_word' id='word_1_138' title='bbox 188 2368 267 2415; x_wconf 87' lang='lat' dir='ltr'><strong>rum</strong></span> <span class='ocrx_word' id='word_1_139' title='bbox 291 2347 505 2415; x_wconf 87' lang='lat' dir='ltr'><strong>divinarum.</strong></span> <span class='ocrx_word' id='word_1_140' title='bbox 520 2346 589 2415; x_wconf 89' lang='lat' dir='ltr'><strong>Hic</strong></span> <span class='ocrx_word' id='word_1_141' title='bbox 611 2368 709 2415; x_wconf 89' lang='lat' dir='ltr'><strong>error</strong></span> <span class='ocrx_word' id='word_1_142' title='bbox 732 2354 786 2415; x_wconf 88' lang='lat' dir='ltr'><strong>ost</strong></span> <span class='ocrx_word' id='word_1_143' title='bbox 809 2345 1142 2430; x_wconf 84' lang='lat' dir='ltr'><strong>Gdntherienorum,</strong></span> <span class='ocrx_word' id='word_1_144' title='bbox 1168 2345 1277 2414; x_wconf 83' lang='lat' dir='ltr'><strong>Froh·</strong></span> 
     </span>
     <span class='ocr_line' id='line_1_21' title="bbox 188 2453 1275 2546; baseline 0.002 -25"><span class='ocrx_word' id='word_1_145' title='bbox 188 2454 310 2523; x_wconf 89' lang='lat' dir='ltr'><strong>mmeri</strong></span> <span class='ocrx_word' id='word_1_146' title='bbox 334 2454 550 2546; x_wconf 87' lang='lat' dir='ltr'><strong>aliorumque</strong></span> <span class='ocrx_word' id='word_1_147' title='bbox 562 2454 657 2540; x_wconf 88' lang='lat' dir='ltr'>(S.P.</span> <span class='ocrx_word' id='word_1_148' title='bbox 674 2454 759 2522; x_wconf 88' lang='lat' dir='ltr'><strong>Pius</strong></span> <span class='ocrx_word' id='word_1_149' title='bbox 771 2454 836 2521; x_wconf 91' lang='lat' dir='ltr'><strong>IX.</strong></span> <span class='ocrx_word' id='word_1_150' title='bbox 846 2454 955 2545; x_wconf 84' lang='lat' dir='ltr'><strong>epad</strong></span> <span class='ocrx_word' id='word_1_151' title='bbox 963 2453 1130 2545; x_wconf 85' lang='lat' dir='ltr'><strong>Archiep.</strong></span> <span class='ocrx_word' id='word_1_152' title='bbox 1141 2453 1275 2524; x_wconf 84' lang='lat' dir='ltr'><strong>Monac.</strong></span> 
     </span>
     <span class='ocr_line' id='line_1_22' title="bbox 188 2561 1278 2649; baseline 0 -19"><span class='ocrx_word' id='word_1_153' title='bbox 188 2561 262 2631; x_wconf 87' lang='lat' dir='ltr'><strong>Dec.</strong></span> <span class='ocrx_word' id='word_1_154' title='bbox 277 2561 407 2649; x_wconf 77' lang='lat'>1862.);</span> <span class='ocrx_word' id='word_1_155' title='bbox 434 2569 472 2630; x_wconf 89' lang='lat' dir='ltr'><strong>at</strong></span> <span class='ocrx_word' id='word_1_156' title='bbox 496 2562 532 2630; x_wconf 89' lang='lat' dir='ltr'><strong>S.</strong></span> <span class='ocrx_word' id='word_1_157' title='bbox 552 2561 740 2631; x_wconf 86' lang='lat' dir='ltr'><strong>Anselmus</strong></span> <span class='ocrx_word' id='word_1_158' title='bbox 755 2569 791 2630; x_wconf 88' lang='lat' dir='ltr'><strong>et</strong></span> <span class='ocrx_word' id='word_1_159' title='bbox 807 2561 1007 2631; x_wconf 86' lang='lat' dir='ltr'><strong>Richardus</strong></span> <span class='ocrx_word' id='word_1_160' title='bbox 1024 2563 1116 2631; x_wconf 89' lang='lat' dir='ltr'><strong>hunc</strong></span> <span class='ocrx_word' id='word_1_161' title='bbox 1140 2584 1278 2632; x_wconf 88' lang='lat' dir='ltr'><strong>sensum</strong></span> 
     </span>
     <span class='ocr_line' id='line_1_23' title="bbox 196 2669 1280 2762; baseline 0.005 -26"><span class='ocrx_word' id='word_1_162' title='bbox 196 2669 312 2739; x_wconf 88' lang='lat' dir='ltr'><strong>minus</strong></span> <span class='ocrx_word' id='word_1_163' title='bbox 336 2669 465 2739; x_wconf 86' lang='lat' dir='ltr'><strong>diserte</strong></span> <span class='ocrx_word' id='word_1_164' title='bbox 488 2692 591 2762; x_wconf 87' lang='lat' dir='ltr'><strong>quam</strong></span> <span class='ocrx_word' id='word_1_165' title='bbox 615 2669 681 2738; x_wconf 88' lang='lat' dir='ltr'><strong>alii</strong></span> <span class='ocrx_word' id='word_1_166' title='bbox 704 2692 820 2738; x_wconf 91' lang='lat' dir='ltr'><strong>omnes</strong></span> <span class='ocrx_word' id='word_1_167' title='bbox 843 2670 969 2740; x_wconf 89' lang='lat' dir='ltr'><strong>Patres</strong></span> <span class='ocrx_word' id='word_1_168' title='bbox 986 2671 1229 2740; x_wconf 86' lang='lat' dir='ltr'><strong>antecedentes</strong></span> <span class='ocrx_word' id='word_1_169' title='bbox 1243 2678 1280 2741; x_wconf 88' lang='lat' dir='ltr'><strong>et</strong></span> 
     </span>
     <span class='ocr_line' id='line_1_24' title="bbox 188 2774 1279 2870; baseline 0.004 -27"><span class='ocrx_word' id='word_1_170' title='bbox 188 2774 260 2866; x_wconf 79' lang='lat' dir='ltr'><strong>logi</strong></span> <span class='ocrx_word' id='word_1_171' title='bbox 285 2778 534 2870; x_wconf 87' lang='lat' dir='ltr'><strong>subsequentes</strong></span> <span class='ocrx_word' id='word_1_172' title='bbox 553 2776 762 2846; x_wconf 85' lang='lat' dir='ltr'><strong>excludunt.</strong></span> <span class='ocrx_word' id='word_1_173' title='bbox 777 2777 1016 2846; x_wconf 85' lang='lat' dir='ltr'><strong>Disertissime</strong></span> <span class='ocrx_word' id='word_1_174' title='bbox 1038 2777 1129 2846; x_wconf 91' lang='lat' dir='ltr'><strong>enim</strong></span> <span class='ocrx_word' id='word_1_175' title='bbox 1152 2784 1279 2869; x_wconf 90' lang='lat' dir='ltr'><strong>postu-</strong></span> 
     </span>
     <span class='ocr_line' id='line_1_25' title="bbox 203 2884 1279 2976; baseline 0.004 -24"><span class='ocrx_word' id='word_1_176' title='bbox 203 2884 305 2954; x_wconf 91' lang='lat' dir='ltr'><strong>iidem</strong></span> <span class='ocrx_word' id='word_1_177' title='bbox 329 2884 613 2976; x_wconf 86' lang='lat' dir='ltr'><strong>praecedentem,</strong></span> <span class='ocrx_word' id='word_1_178' title='bbox 640 2891 682 2953; x_wconf 88' lang='lat' dir='ltr'><strong>ut</strong></span> <span class='ocrx_word' id='word_1_179' title='bbox 704 2885 749 2954; x_wconf 90' lang='lat' dir='ltr'><strong>ad</strong></span> <span class='ocrx_word' id='word_1_180' title='bbox 766 2886 917 2976; x_wconf 80' lang='lat' dir='ltr'><strong>aliquem</strong></span> <span class='ocrx_word' id='word_1_181' title='bbox 934 2885 1144 2952; x_wconf 79' lang='lat' dir='ltr'><strong>intellectum</strong></span> <span class='ocrx_word' id='word_1_182' title='bbox 1158 2907 1279 2976; x_wconf 88' lang='lat' dir='ltr'><strong>perve-</strong></span> 
     </span>
     <span class='ocr_line' id='line_1_26' title="bbox 188 2992 1280 3086; baseline 0.003 -25"><span class='ocrx_word' id='word_1_183' title='bbox 188 3014 226 3061; x_wconf 90' lang='lat' dir='ltr'><strong>ur</strong></span> <span class='ocrx_word' id='word_1_184' title='bbox 248 3017 386 3074; x_wconf 84' lang='lat' dir='ltr'><strong>earam,</strong></span> <span class='ocrx_word' id='word_1_185' title='bbox 412 3017 500 3085; x_wconf 82' lang='lat' dir='ltr'><strong>qaae</strong></span> <span class='ocrx_word' id='word_1_186' title='bbox 522 2992 688 3059; x_wconf 79' lang='lat' dir='ltr'><strong>eredimus</strong></span> <span class='ocrx_word' id='word_1_187' title='bbox 720 2992 783 3080; x_wconf 88' lang='lat'>(1).</span> <span class='ocrx_word' id='word_1_188' title='bbox 817 2992 988 3062; x_wconf 87' lang='lat' dir='ltr'><strong>Rationes</strong></span> <span class='ocrx_word' id='word_1_189' title='bbox 1018 2993 1140 3086; x_wconf 89' lang='lat' dir='ltr'><strong>itaque</strong></span> <span class='ocrx_word' id='word_1_190' title='bbox 1166 3015 1280 3064; x_wconf 78' lang='lat' dir='ltr'><strong>neces</strong></span> 
     </span>
     <span class='ocr_line' id='line_1_27' title="bbox 188 3100 1232 3194; baseline 0.001 -23"><span class='ocrx_word' id='word_1_191' title='bbox 188 3122 219 3171; x_wconf 78' lang='lat' dir='ltr'><strong>ss</strong></span> <span class='ocrx_word' id='word_1_192' title='bbox 239 3121 344 3194; x_wconf 87' lang='lat' dir='ltr'><strong>penes</strong></span> <span class='ocrx_word' id='word_1_193' title='bbox 367 3102 430 3170; x_wconf 90' lang='lat' dir='ltr'><strong>hos</strong></span> <span class='ocrx_word' id='word_1_194' title='bbox 454 3102 619 3171; x_wconf 86' lang='lat' dir='ltr'><strong>Doctores</strong></span> <span class='ocrx_word' id='word_1_195' title='bbox 641 3102 713 3170; x_wconf 89' lang='lat' dir='ltr'><strong>alio</strong></span> <span class='ocrx_word' id='word_1_196' title='bbox 736 3125 841 3170; x_wconf 90' lang='lat' dir='ltr'><strong>sensu</strong></span> <span class='ocrx_word' id='word_1_197' title='bbox 864 3100 1114 3191; x_wconf 86' lang='lat' dir='ltr'><strong>intelligendae</strong></span> <span class='ocrx_word' id='word_1_198' title='bbox 1138 3110 1232 3172; x_wconf 91' lang='lat' dir='ltr'><strong>sunt.</strong></span> 
     </span>
    </p>

    <p class='ocr_par' dir='ltr' id='par_1_4' title="bbox 188 3210 1280 3518">
     <span class='ocr_line' id='line_1_28' title="bbox 188 3210 1280 3302; baseline 0.003 -24"><span class='ocrx_word' id='word_1_199' title='bbox 188 3210 212 3278; x_wconf 88' lang='lat' dir='ltr'><strong>li</strong></span> <span class='ocrx_word' id='word_1_200' title='bbox 233 3210 401 3279; x_wconf 88' lang='lat' dir='ltr'><strong>videlicet</strong></span> <span class='ocrx_word' id='word_1_201' title='bbox 423 3210 631 3300; x_wconf 88' lang='lat' dir='ltr'><strong>supponitur</strong></span> <span class='ocrx_word' id='word_1_202' title='bbox 656 3216 835 3302; x_wconf 86' lang='lat' dir='ltr'><strong>tamquam</strong></span> <span class='ocrx_word' id='word_1_203' title='bbox 852 3210 1063 3301; x_wconf 87' lang='lat' dir='ltr'><strong>principium</strong></span> <span class='ocrx_word' id='word_1_204' title='bbox 1080 3211 1213 3280; x_wconf 86' lang='lat' dir='ltr'><strong>veritas</strong></span> <span class='ocrx_word' id='word_1_205' title='bbox 1229 3234 1280 3281; x_wconf 87' lang='lat' dir='ltr'><strong>re·</strong></span> 
     </span>
     <span class='ocr_line' id='line_1_29' title="bbox 188 3317 1277 3409; baseline 0.004 -24"><span class='ocrx_word' id='word_1_206' title='bbox 188 3324 234 3402; x_wconf 87' lang='lat' dir='ltr'><strong>ta,</strong></span> <span class='ocrx_word' id='word_1_207' title='bbox 258 3318 352 3409; x_wconf 87' lang='lat' dir='ltr'><strong>quud</strong></span> <span class='ocrx_word' id='word_1_208' title='bbox 375 3318 469 3387; x_wconf 89' lang='lat' dir='ltr'><strong>sicut</strong></span> <span class='ocrx_word' id='word_1_209' title='bbox 491 3340 586 3386; x_wconf 84' lang='lat' dir='ltr'><strong>mens</strong></span> <span class='ocrx_word' id='word_1_210' title='bbox 608 3324 730 3386; x_wconf 89' lang='lat' dir='ltr'><strong>nostra</strong></span> <span class='ocrx_word' id='word_1_211' title='bbox 746 3317 911 3407; x_wconf 88' lang='lat' dir='ltr'><strong>producit</strong></span> <span class='ocrx_word' id='word_1_212' title='bbox 926 3317 1117 3388; x_wconf 88' lang='lat' dir='ltr'><strong>immanens</strong></span> <span class='ocrx_word' id='word_1_213' title='bbox 1133 3320 1277 3389; x_wconf 87' lang='lat' dir='ltr'><strong>verbum</strong></span> 
     </span>
     <span class='ocr_line' id='line_1_30' title="bbox 188 3423 1279 3518; baseline 0.003 -26"><span class='ocrx_word' id='word_1_214' title='bbox 188 3423 343 3495; x_wconf 89' lang='lat' dir='ltr'><strong>llectualc</strong></span> <span class='ocrx_word' id='word_1_215' title='bbox 373 3433 410 3495; x_wconf 89' lang='lat' dir='ltr'><strong>et</strong></span> <span class='ocrx_word' id='word_1_216' title='bbox 432 3426 674 3496; x_wconf 88' lang='lat' dir='ltr'><strong>immanentem</strong></span> <span class='ocrx_word' id='word_1_217' title='bbox 697 3425 912 3510; x_wconf 89' lang='lat' dir='ltr'><strong>volitionem,</strong></span> <span class='ocrx_word' id='word_1_218' title='bbox 941 3425 995 3494; x_wconf 87' lang='lat' dir='ltr'><strong>ita</strong></span> <span class='ocrx_word' id='word_1_219' title='bbox 1018 3426 1056 3495; x_wconf 90' lang='lat' dir='ltr'><strong>in</strong></span> <span class='ocrx_word' id='word_1_220' title='bbox 1080 3426 1211 3518; x_wconf 87' lang='lat' dir='ltr'><strong>spiritu</strong></span> <span class='ocrx_word' id='word_1_221' title='bbox 1228 3427 1279 3495; x_wconf 91' lang='lat' dir='ltr'><strong>in·</strong></span> 
     </span>
    </p>
   </div>
   <div class='ocr_carea' id='block_1_2' title="bbox 188 3622 1283 4501">
    <p class='ocr_par' dir='ltr' id='par_1_5' title="bbox 188 3622 1283 4501">
     <span class='ocr_line' id='line_1_31' title="bbox 188 3622 1279 3695; baseline -0.004 -15"><span class='ocrx_word' id='word_1_222' title='bbox 188 3622 203 3695; x_wconf 92' lang='grc'><strong>.)</strong></span> <span class='ocrx_word' id='word_1_223' title='bbox 220 3626 337 3694; x_wconf 76' lang='lat' dir='ltr'><strong>«Supra</strong></span> <span class='ocrx_word' id='word_1_224' title='bbox 359 3627 498 3680; x_wconf 86' lang='lat' dir='ltr'><strong>rationem</strong></span> <span class='ocrx_word' id='word_1_225' title='bbox 517 3631 594 3694; x_wconf 87' lang='lat' dir='ltr'><strong>snut,</strong></span> <span class='ocrx_word' id='word_1_226' title='bbox 616 3625 659 3689; x_wconf 86' lang='lat' dir='ltr'><strong>ait</strong></span> <span class='ocrx_word' id='word_1_227' title='bbox 672 3624 844 3690; x_wconf 86' lang='lat' dir='ltr'><strong>Richardus,</strong></span> <span class='ocrx_word' id='word_1_228' title='bbox 860 3639 932 3692; x_wconf 85' lang='lat' dir='ltr'><strong>qnae</strong></span> <span class='ocrx_word' id='word_1_229' title='bbox 949 3639 1001 3692; x_wconf 90' lang='lat' dir='ltr'><strong>per</strong></span> <span class='ocrx_word' id='word_1_230' title='bbox 1020 3624 1224 3677; x_wconf 86' lang='lat' dir='ltr'><strong>revelationem</strong></span> <span class='ocrx_word' id='word_1_231' title='bbox 1235 3622 1279 3676; x_wconf 87' lang='lat' dir='ltr'><strong>dl·</strong></span> 
     </span>
     <span class='ocr_line' id='line_1_32' title="bbox 188 3713 1280 3784; baseline -0.005 -15"><span class='ocrx_word' id='word_1_232' title='bbox 188 3730 220 3783; x_wconf 82' lang='lat' dir='ltr'><strong>rs,</strong></span> <span class='ocrx_word' id='word_1_233' title='bbox 233 3718 281 3769; x_wconf 85' lang='lat' dir='ltr'><strong>vel</strong></span> <span class='ocrx_word' id='word_1_234' title='bbox 295 3718 358 3769; x_wconf 89' lang='lat' dir='ltr'><strong>sola</strong></span> <span class='ocrx_word' id='word_1_235' title='bbox 376 3718 547 3770; x_wconf 86' lang='lat' dir='ltr'><strong>auctoritate</strong></span> <span class='ocrx_word' id='word_1_236' title='bbox 567 3717 751 3784; x_wconf 88' lang='lat' dir='ltr'><strong>probamus...</strong></span> <span class='ocrx_word' id='word_1_237' title='bbox 766 3717 854 3768; x_wconf 89' lang='lat' dir='ltr'><strong>Deum</strong></span> <span class='ocrx_word' id='word_1_238' title='bbox 877 3715 908 3767; x_wconf 90' lang='lat' dir='ltr'><strong>in</strong></span> <span class='ocrx_word' id='word_1_239' title='bbox 926 3729 984 3767; x_wconf 91' lang='lat' dir='ltr'><strong>una</strong></span> <span class='ocrx_word' id='word_1_240' title='bbox 1002 3713 1169 3766; x_wconf 87' lang='lat' dir='ltr'><strong>substantia</strong></span> <span class='ocrx_word' id='word_1_241' title='bbox 1187 3727 1280 3779; x_wconf 86' lang='lat' dir='ltr'><strong>parso-</strong></span> 
     </span>
     <span class='ocr_line' id='line_1_33' title="bbox 188 3802 1278 3875; baseline -0.004 -17"><span class='ocrx_word' id='word_1_242' title='bbox 188 3820 215 3858; x_wconf 86' lang='lat' dir='ltr'><strong>ar</strong></span> <span class='ocrx_word' id='word_1_243' title='bbox 230 3808 347 3873; x_wconf 89' lang='lat' dir='ltr'><strong>trinum,</strong></span> <span class='ocrx_word' id='word_1_244' title='bbox 370 3811 399 3859; x_wconf 89' lang='lat' dir='ltr'><strong>et</strong></span> <span class='ocrx_word' id='word_1_245' title='bbox 417 3808 448 3859; x_wconf 89' lang='lat' dir='ltr'><strong>in</strong></span> <span class='ocrx_word' id='word_1_246' title='bbox 463 3808 557 3861; x_wconf 89' lang='lat' dir='ltr'><strong>tribus</strong></span> <span class='ocrx_word' id='word_1_247' title='bbox 575 3807 703 3875; x_wconf 86' lang='lat' dir='ltr'><strong>personis</strong></span> <span class='ocrx_word' id='word_1_248' title='bbox 720 3805 955 3859; x_wconf 84' lang='lat' dir='ltr'><strong>substantialiter</strong></span> <span class='ocrx_word' id='word_1_249' title='bbox 966 3818 1052 3856; x_wconf 88' lang='lat' dir='ltr'><strong>uuum</strong></span> <span class='ocrx_word' id='word_1_250' title='bbox 1066 3819 1116 3857; x_wconf 88' lang='lat' dir='ltr'><strong>nec</strong></span> <span class='ocrx_word' id='word_1_251' title='bbox 1127 3802 1205 3855; x_wconf 87' lang='lat' dir='ltr'><strong>nllus</strong></span> <span class='ocrx_word' id='word_1_252' title='bbox 1216 3816 1278 3856; x_wconf 86' lang='lat' dir='ltr'><strong>sen·</strong></span> 
     </span>
     <span class='ocr_line' id='line_1_34' title="bbox 188 3891 1280 3965; baseline -0.004 -18"><span class='ocrx_word' id='word_1_253' title='bbox 188 3911 322 3965; x_wconf 68' lang='lat' dir='ltr'><strong>corporeus</strong></span> <span class='ocrx_word' id='word_1_254' title='bbox 346 3896 445 3963; x_wconf 88' lang='lat' dir='ltr'><strong>docet,</strong></span> <span class='ocrx_word' id='word_1_255' title='bbox 470 3914 520 3949; x_wconf 81' lang='lat' dir='ltr'><strong>aec</strong></span> <span class='ocrx_word' id='word_1_256' title='bbox 542 3899 641 3964; x_wconf 76' lang='lat' dir='ltr'><strong>aliqua</strong></span> <span class='ocrx_word' id='word_1_257' title='bbox 663 3901 788 3950; x_wconf 74' lang='lat' dir='ltr'><strong>humana</strong></span> <span class='ocrx_word' id='word_1_258' title='bbox 809 3896 884 3948; x_wconf 76' lang='lat' dir='ltr'><strong>ratio</strong></span> <span class='ocrx_word' id='word_1_259' title='bbox 901 3897 986 3961; x_wconf 76' lang='lat' dir='ltr'><strong>pleros</strong></span> <span class='ocrx_word' id='word_1_260' title='bbox 996 3891 1280 3960; x_wconf 75' lang='lat' dir='ltr'><strong>persuadet5ssdlroc</strong></span> 
     </span>
     <span class='ocr_line' id='line_1_35' title="bbox 188 3980 1281 4054; baseline -0.003 -19"><span class='ocrx_word' id='word_1_261' title='bbox 188 3999 207 4036; x_wconf 79' lang='lat' dir='ltr'><strong>rc</strong></span> <span class='ocrx_word' id='word_1_262' title='bbox 226 3987 278 4040; x_wconf 88' lang='lat' dir='ltr'><strong>alii</strong></span> <span class='ocrx_word' id='word_1_263' title='bbox 299 4002 350 4054; x_wconf 90' lang='lat' dir='ltr'><strong>per</strong></span> <span class='ocrx_word' id='word_1_264' title='bbox 370 3986 574 4039; x_wconf 85' lang='lat' dir='ltr'><strong>revelationem</strong></span> <span class='ocrx_word' id='word_1_265' title='bbox 597 3985 730 4053; x_wconf 89' lang='lat' dir='ltr'><strong>discunt,</strong></span> <span class='ocrx_word' id='word_1_266' title='bbox 756 3985 809 4037; x_wconf 89' lang='lat' dir='ltr'><strong>alii</strong></span> <span class='ocrx_word' id='word_1_267' title='bbox 832 3990 925 4038; x_wconf 86' lang='lat' dir='ltr'><strong>autem</strong></span> <span class='ocrx_word' id='word_1_268' title='bbox 958 3984 1020 4036; x_wconf 91' lang='lat' dir='ltr'><strong>sola</strong></span> <span class='ocrx_word' id='word_1_269' title='bbox 1036 3980 1281 4036; x_wconf 87' lang='lat' dir='ltr'><strong>auctioritatecon</strong></span> 
     </span>
     <span class='ocr_line' id='line_1_36' title="bbox 188 4068 1283 4146; baseline -0.005 -20"><span class='ocrx_word' id='word_1_270' title='bbox 188 4078 267 4127; x_wconf 80' lang='lat' dir='ltr'><strong>tutet</strong></span> <span class='ocrx_word' id='word_1_271' title='bbox 279 4074 434 4128; x_wconf 86' lang='lat' dir='ltr'><strong>credunt...</strong></span> <span class='ocrx_word' id='word_1_272' title='bbox 447 4076 485 4127; x_wconf 84' lang='lat' dir='ltr'><strong>Et</strong></span> <span class='ocrx_word' id='word_1_273' title='bbox 498 4076 612 4127; x_wconf 91' lang='lat' dir='ltr'><strong>omnino</strong></span> <span class='ocrx_word' id='word_1_274' title='bbox 628 4074 660 4127; x_wconf 89' lang='lat' dir='ltr'><strong>in</strong></span> <span class='ocrx_word' id='word_1_275' title='bbox 681 4088 775 4127; x_wconf 85' lang='lat' dir='ltr'><strong>eorum</strong></span> <span class='ocrx_word' id='word_1_276' title='bbox 793 4073 885 4146; x_wconf 85' lang='lat' dir='ltr'><strong>(quac</strong></span> <span class='ocrx_word' id='word_1_277' title='bbox 906 4087 993 4139; x_wconf 88' lang='lat' dir='ltr'><strong>supra</strong></span> <span class='ocrx_word' id='word_1_278' title='bbox 1013 4076 1043 4125; x_wconf 90' lang='lat' dir='ltr'><strong>ct</strong></span> <span class='ocrx_word' id='word_1_279' title='bbox 1064 4076 1179 4137; x_wconf 87' lang='lat' dir='ltr'><strong>praeter</strong></span> <span class='ocrx_word' id='word_1_280' title='bbox 1198 4068 1283 4123; x_wconf 87' lang='lat' dir='ltr'><strong>ratio·</strong></span> 
     </span>
     <span class='ocr_line' id='line_1_37' title="bbox 192 4156 1279 4231; baseline -0.004 -17"><span class='ocrx_word' id='word_1_281' title='bbox 192 4169 271 4231; x_wconf 83' lang='lat' dir='ltr'><strong>suut,</strong></span> <span class='ocrx_word' id='word_1_282' title='bbox 291 4165 370 4216; x_wconf 88' lang='lat' dir='ltr'><strong>inter</strong></span> <span class='ocrx_word' id='word_1_283' title='bbox 390 4178 462 4229; x_wconf 85' lang='lat' dir='ltr'><strong>quae</strong></span> <span class='ocrx_word' id='word_1_284' title='bbox 484 4179 617 4230; x_wconf 83' lang='lat' dir='ltr'><strong>expresse</strong></span> <span class='ocrx_word' id='word_1_285' title='bbox 637 4167 801 4216; x_wconf 88' lang='lat' dir='ltr'><strong>recensetur</strong></span> <span class='ocrx_word' id='word_1_286' title='bbox 823 4162 871 4216; x_wconf 85' lang='lat' dir='ltr'><strong>SS.</strong></span> <span class='ocrx_word' id='word_1_287' title='bbox 886 4156 1029 4230; x_wconf 71' lang='lat' dir='ltr'><strong>Trinitas)</strong></span> <span class='ocrx_word' id='word_1_288' title='bbox 1043 4159 1279 4226; x_wconf 75' lang='lat' dir='ltr'><strong>investigatione,</strong></span> 
     </span>
     <span class='ocr_line' id='line_1_38' title="bbox 188 4247 1281 4320; baseline -0.004 -17"><span class='ocrx_word' id='word_1_289' title='bbox 188 4254 302 4320; x_wconf 76' lang='lat' dir='ltr'><strong>rasione,</strong></span> <span class='ocrx_word' id='word_1_290' title='bbox 321 4254 481 4307; x_wconf 86' lang='lat' dir='ltr'><strong>assertione</strong></span> <span class='ocrx_word' id='word_1_291' title='bbox 499 4254 578 4305; x_wconf 75' lang='lat' dir='ltr'><strong>aisis</strong></span> <span class='ocrx_word' id='word_1_292' title='bbox 592 4253 672 4320; x_wconf 80' lang='lat' dir='ltr'><strong>facit</strong></span> <span class='ocrx_word' id='word_1_293' title='bbox 692 4253 768 4304; x_wconf 79' lang='lat' dir='ltr'><strong>ratio</strong></span> <span class='ocrx_word' id='word_1_294' title='bbox 790 4255 934 4314; x_wconf 69' lang='lat' dir='ltr'><strong>hamana,</strong></span> <span class='ocrx_word' id='word_1_295' title='bbox 961 4251 1020 4303; x_wconf 78' lang='lat' dir='ltr'><strong>atsi</strong></span> <span class='ocrx_word' id='word_1_296' title='bbox 1035 4250 1130 4318; x_wconf 78' lang='lat' dir='ltr'><strong>faerit</strong></span> <span class='ocrx_word' id='word_1_297' title='bbox 1144 4248 1215 4316; x_wconf 72' lang='lat' dir='ltr'><strong>fidet</strong></span> <span class='ocrx_word' id='word_1_298' title='bbox 1234 4247 1281 4299; x_wconf 82' lang='lat' dir='ltr'><strong>ad·</strong></span> 
     </span>
     <span class='ocr_line' id='line_1_39' title="bbox 188 4336 1278 4408; baseline -0.003 -16"><span class='ocrx_word' id='word_1_299' title='bbox 188 4338 241 4395; x_wconf 78' lang='lat' dir='ltr'><strong>loss</strong></span> <span class='ocrx_word' id='word_1_300' title='bbox 257 4343 381 4396; x_wconf 77' lang='lat' dir='ltr'><strong>subnixa</strong></span> <span class='ocrx_word' id='word_1_301' title='bbox 393 4365 417 4397; x_wconf 77' lang='lat' dir='ltr'><strong>n.</strong></span> <span class='ocrx_word' id='word_1_302' title='bbox 429 4344 565 4399; x_wconf 84' lang='lat' dir='ltr'><strong>Richard.</strong></span> <span class='ocrx_word' id='word_1_303' title='bbox 578 4342 719 4398; x_wconf 78' lang='lat' dir='ltr'><strong>victorin.</strong></span> <span class='ocrx_word' id='word_1_304' title='bbox 738 4342 771 4395; x_wconf 90' lang='lat' dir='ltr'><strong>de</strong></span> <span class='ocrx_word' id='word_1_305' title='bbox 782 4336 934 4408; x_wconf 82' lang='lat' dir='ltr'><strong>contempl.</strong></span> <span class='ocrx_word' id='word_1_306' title='bbox 949 4342 970 4393; x_wconf 89' lang='lat'><strong>1.</strong></span> <span class='ocrx_word' id='word_1_307' title='bbox 981 4340 1032 4395; x_wconf 78' lang='lat' dir='ltr'><strong>iv.</strong></span> <span class='ocrx_word' id='word_1_308' title='bbox 1041 4354 1065 4392; x_wconf 91' lang='lat' dir='ltr'><strong>c.</strong></span> <span class='ocrx_word' id='word_1_309' title='bbox 1080 4340 1106 4392; x_wconf 78' lang='lat'><strong>2.</strong></span> <span class='ocrx_word' id='word_1_310' title='bbox 1116 4339 1145 4391; x_wconf 78' lang='grc'><strong>3.</strong></span> <span class='ocrx_word' id='word_1_311' title='bbox 1157 4342 1186 4392; x_wconf 90' lang='lat' dir='ltr'><strong>et</strong></span> <span class='ocrx_word' id='word_1_312' title='bbox 1195 4336 1278 4391; x_wconf 88' lang='lat' dir='ltr'><strong>alibi.</strong></span> 
     </span>
     <span class='ocr_line' id='line_1_40' title="bbox 188 4429 990 4501; baseline -0.005 -17"><span class='ocrx_word' id='word_1_313' title='bbox 188 4429 203 4484; x_wconf 89' lang='lat' dir='ltr'><strong>l.</strong></span> <span class='ocrx_word' id='word_1_314' title='bbox 215 4433 378 4500; x_wconf 74' lang='lat' dir='ltr'><strong>Denaingsr</strong></span> <span class='ocrx_word' id='word_1_315' title='bbox 397 4433 431 4488; x_wconf 85' lang='lat' dir='ltr'><strong>da</strong></span> <span class='ocrx_word' id='word_1_316' title='bbox 453 4434 560 4501; x_wconf 74' lang='lat' dir='ltr'><strong>cognit.</strong></span> <span class='ocrx_word' id='word_1_317' title='bbox 573 4434 701 4499; x_wconf 77' lang='lat' dir='ltr'><strong>religios.</strong></span> <span class='ocrx_word' id='word_1_318' title='bbox 711 4433 744 4487; x_wconf 71' lang='grc' dir='ltr'><strong>Τ.</strong></span> <span class='ocrx_word' id='word_1_319' title='bbox 756 4431 795 4485; x_wconf 93' lang='lat'><strong>11.</strong></span> <span class='ocrx_word' id='word_1_320' title='bbox 808 4448 837 4497; x_wconf 90' lang='lat' dir='ltr'><strong>p.</strong></span> <span class='ocrx_word' id='word_1_321' title='bbox 851 4431 912 4487; x_wconf 81' lang='lat'><strong>107.</strong></span> <span class='ocrx_word' id='word_1_322' title='bbox 926 4445 990 4498; x_wconf 84' lang='lat' dir='ltr'><strong>sqq.</strong></span> 
     </span>
    </p>
   </div>
   <div class='ocr_carea' id='block_1_3' title="bbox 0 0 1591 4950">
    <p class='ocr_par' dir='ltr' id='par_1_6' title="bbox 0 0 1591 4950">
     <span class='ocr_line' id='line_1_41' title="bbox 0 0 1591 4950; baseline 0 0"><span class='ocrx_word' id='word_1_323' title='bbox 0 0 1591 4950; x_wconf 95' lang='lat' dir='ltr'><strong> </strong></span> 
     </span>
    </p>
   </div>
  </div>
 </body>
</html>
