3180 4944
706 311 886 374 -552-
960 318 962 323 '

683 489 835 564 suello
863 488 916 562 lv,

433 638 482 692 DE
501 636 672 693 msslonu
690 633 902 691 nlvluenuu
919 628 1168 687 Personam

355 726 402 779 ΕΤ
420 725 658 781 smemueunl
676 726 726 781 DE
743 724 911 780 ulsffloun
930 720 1097 777 eruimus
1117 718 1245 775 senem

693 868 846 939 CAPUT
870 869 900 936 I.

494 1022 536 1062 nn
555 1019 909 1063 u1ssuonev1s1e1u1ar
928 1018 1105 1071 rnvrsmrur,

213 1111 253 1153 eu
266 1112 308 1153 nn
319 1110 572 1154 mnnmrsuuonu
583 1110 796 1154 consensuum
805 1109 987 1154 urvrnsnuu
997 1105 1219 1152 consmeusrs
1231 1107 1268 1147 nx
1278 1103 1354 1146 esses

563 1199 754 1244 caneremus
772 1168 1034 1243 sinemurensis.

666 1331 810 1391 THESIS
831 1331 929 1415 XLII.

253 1455 300 1516 De
321 1456 454 1515 notione
474 1457 638 1516 missionis
659 1458 696 1514 io
714 1472 855 1534 persono
874 1455 1003 1526 divina,
1020 1463 1050 1513 et
1072 1453 1112 1512 de
1133 1453 1327 1513 distinctione

415 1555 503 1613 z'oter
525 1556 709 1614 missionem
731 1555 890 1614 visibilem
912 1569 949 1612 ac
972 1553 1183 1611 invisibilem.

272 1727 284 1752 u
305 1704 405 1759 Missio
425 1706 584 1770 generatim
604 1706 730 1760 includit
749 1705 876 1760 ordinem
896 1704 1021 1772 aliquem
1046 1703 1130 1758 missi
1156 1707 1216 1756 tum
1235 1701 1268 1755 ad
1287 1715 1357 1770 perso-

214 1815 227 1842 n
241 1810 306 1847 uam
326 1811 344 1846 a
362 1808 418 1860 qna
438 1794 574 1860 mittitur,
598 1798 655 1847 tum
675 1793 711 1847 ad
728 1794 881 1847 terminum
901 1808 956 1860 quo
979 1793 1118 1860 mittitur;
1138 1790 1215 1844 unde
1237 1787 1359 1843 missicio

214 1882 373 1947 »personis
390 1881 500 1934 divinis
520 1898 576 1935 non
597 1883 710 1950 quidem
730 1881 929 1936 diversitatem
949 1887 1078 1948 naturae,
1095 1881 1144 1935 sed
1165 1884 1226 1933 tum
1241 1883 1361 1932 aetemm

213 1991 226 2019 s
242 1972 448 2038 processionem
468 1973 549 2025 missi
569 1990 586 2025 a
599 1973 732 2026 mittente
746 1976 805 2026 tum
820 1972 1003 2026 efficientiam
1016 1972 1048 2024 in
1062 1975 1190 2038 tempore
1203 1985 1235 2023 ac
1247 1979 1363 2037 personae

211 2080 224 2108 s
239 2060 498 2114 manifestationem
516 2061 650 2128 includit,
668 2078 736 2129 prae
754 2062 835 2115 euius
854 2061 1025 2114 oidelentiae
1038 2063 1067 2112 et
1080 2057 1323 2113 manifestationis
1334 2053 1365 2107 di·

214 2170 227 2197 n
243 2150 382 2205 versitate
403 2150 595 2216 distinguitur
614 2150 713 2205 missio
732 2151 862 2207 visibilis
880 2153 911 2203 et
928 2149 1127 2204 invisibilis-s

283 2330 313 2398 I.
342 2330 463 2399 Missio
487 2331 654 2421 (passive
680 2335 849 2422 accepta)
876 2330 1055 2420 significat
1078 2329 1186 2398 unius
1208 2329 1253 2397 ab
1274 2327 1369 2396 altero

213 2438 444 2528 egressionem
457 2439 646 2508 secundum
659 2439 813 2531 aliquam
825 2439 994 2507 rationem
1005 2436 1174 2528 principii
1187 2435 1370 2527 (physicam

211 2544 267 2615 vel
291 2544 468 2631 moralem)
492 2545 536 2613 ed
559 2545 712 2637 aliquem
734 2544 933 2615 terminum.
951 2543 1051 2613 Dicit
1073 2565 1159 2632 ergo
1175 2543 1219 2610 1·.
1239 2542 1371 2613 distino-

210 2652 340 2721 tionem
362 2652 491 2721 realem
514 2652 690 2721 mittentis
713 2657 749 2720 et
771 2651 880 2739 missi3
899 2652 942 2720 2⁴.
962 2651 1117 2743 aliquam
1133 2651 1191 2720 vel
1206 2649 1371 2741 propriam

211 2758 270 2827 vel
292 2758 516 2848 impropriam
541 2759 805 2849 dependentium
830 2759 928 2827 missi
950 2781 972 2825 a
1001 2758 1163 2826 mittente
1195 2757 1372 2826 seeundum

211 2866 456 2935 auctoritatem
470 2867 526 2935 vel
537 2865 721 2935 consilium
730 2866 786 2936 vel
799 2866 969 2955 originem
982 2865 1107 2953 (sim.
1116 2864 1149 2934 1.
1161 2890 1194 2956 q.
1204 2864 1263 2933 43.
1274 2887 1306 2932 a.
1317 2863 1371 2946 1.);

210 2973 253 3041 θ’.
273 2973 513 3043 habitudinem
537 2975 581 3043 ad
604 2975 802 3060 terminum3
822 2975 897 3044 sive
914 2975 982 3043 iste
1005 2973 1176 3042 terminus
1200 2973 1251 3041 sit
1273 2973 1372 3054 locus,

210 3085 251 3148 ut
274 3081 401 3150 missus
427 3081 477 3149 ibi
495 3081 554 3166 sit,
581 3082 642 3150 ubi
664 3089 768 3151 antea
793 3105 860 3149 non
885 3086 985 3165 erat,
1017 3081 1074 3150 vel
1099 3103 1189 3150 novo
1205 3082 1304 3150 modo
1319 3078 1370 3162 sit;

210 3186 286 3255 sive
307 3187 357 3254 sit
374 3187 505 3279 aliquis
526 3189 698 3273 effectus,
733 3195 773 3256 ut
800 3188 901 3257 illum
936 3193 1110 3278 operetur.
1134 3187 1233 3277 Ergo
1264 3185 1373 3254 missio

209 3293 403 3360 necessario
426 3293 538 3362 infert
561 3294 800 3363 habitudinem
817 3294 915 3363 missi
931 3295 975 3363 ad
991 3293 1165 3382 duplicem
1180 3293 1370 3373 terminum,

209 3398 253 3466 ad
277 3397 471 3469 mittentem
495 3426 516 3466 a
536 3426 615 3492 quo,
633 3410 669 3471 et
684 3402 727 3469 ad
744 3402 930 3471 terminum
954 3424 1015 3471 seu
1031 3403 1208 3486 effectum,
1228 3400 1372 3492 adqeem

211 3504 379 3575 mitt'tur.

275 3613 360 3681 Cum
384 3613 469 3683 haec
492 3615 669 3684 missionis
692 3617 788 3686 notio
812 3617 861 3686 sit
883 3616 1106 3701 essentialis,
1132 3616 1240 3686 etiam
1264 3616 1300 3685 in
1321 3614 1370 3683 di·

208 3720 302 3790 vinis
325 3720 445 3789 missio
469 3723 656 3791 secundum
679 3744 754 3791 eam
778 3723 1010 3813 intelligenda
1027 3728 1082 3792 est
1097 3723 1246 3792 seclusis
1262 3723 1371 3812 imper-

208 3827 430 3912 fectionibus,
450 3850 536 3918 quas
554 3850 635 3896 sane
658 3852 726 3896 non
749 3830 869 3898 missio
889 3853 950 3920 per
966 3854 1002 3899 se
1018 3829 1077 3898 sed
1094 3834 1261 3899 creatura
1275 3829 1369 3897 missa

206 3931 368 4001 includit.
394 3934 468 4001 Has
491 3935 769 4024 imperfectiones
792 3937 921 4005 Ariani
944 3938 1208 4006 transferebant
1235 3959 1257 4004 a
1286 3956 1367 4005 crea·

206 4040 299 4108 turis
322 4040 366 4108 ad
390 4041 585 4111 missionem
609 4067 670 4133 per
694 4067 730 4112 se
754 4051 956 4134 spectatam,
975 4046 1094 4137 sicque
1114 4044 1250 4114 Filium
1261 4046 1365 4123 Patre,

207 4146 379 4237 Spiritum
403 4149 570 4220 Sanctum
594 4152 699 4221 etiam
721 4152 815 4221 Filio
839 4152 1040 4223 inferiorem
1063 4175 1138 4222 esee
1162 4152 1363 4231 asserebant,

206 4257 288 4349 quia
311 4258 347 4326 in
372 4258 565 4349 Scripturis
589 4259 705 4328 Filius
728 4283 749 4327 a
771 4261 899 4345 Patre,
928 4260 1085 4352 Spiritus
1109 4260 1293 4332 Sanctusa
1309 4260 1362 4327 Pa-

204 4369 260 4434 tre
283 4371 319 4435 et
333 4366 427 4434 Filio
444 4366 577 4436 dicitur
593 4367 731 4436 missus.
757 4369 865 4436 Immo
882 4390 964 4438 vcro
980 4369 1064 4461 quia
1078 4368 1186 4440 Pater
1202 4377 1256 4440 est
1268 4375 1301 4439 et
1313 4364 1360 4434 Fi·
