3172 4950
55 414 188 485 noudum
197 440 215 477 s
232 412 286 482 lo.
304 411 404 498 XVI,
418 411 475 499 283
494 411 726 482 :celeritatem
741 411 865 496 habui,
884 412 1087 504 priusquam
1102 435 1199 481 mun·

55 523 102 595 ln
118 526 216 607 esset,
242 520 336 611 apud
359 525 425 589 ten
443 518 491 588 ib.
509 517 628 588 XVlI.
643 518 677 608 ὅς
695 523 913 610 eantequam
936 517 1114 587 Abraham
1140 521 1197 588 fie-

55 636 103 716 ret,
122 652 182 719 ego
204 653 313 697 sumn
332 629 380 696 ib.
398 626 500 697 VIII.
519 626 575 715 583
596 624 686 719 equi
708 626 889 696 deseendit
911 627 953 696 de
976 628 1069 696 ooelo
1084 625 1202 694 Filius

55 738 189 822 hominis,
201 737 264 828 qni
271 741 327 805 est
337 736 374 804 in
387 734 506 806 coelen
521 734 570 804 ih.
583 733 653 803 m.
669 733 712 802 13
724 740 792 804 eto.
806 734 921 803 Inoiso
931 734 1054 824 priori,
1070 758 1201 826 «quem

54 846 136 916 Peter
156 844 406 930 eanefifioavit,
421 871 437 906 n
455 866 522 912 non
546 848 664 934 potest
685 842 842 932 intelligi
858 842 929 911 nisi
954 843 1198 928 sanetifioatio,

56 952 148 1045 pelis
175 952 342 1022 convenit
369 951 442 1020 Deo
464 948 564 1019 Patri
586 948 624 1017 in
654 948 823 1019 relatione
847 949 892 1019 ad
914 950 1024 1018 Deum
1054 949 1199 1019 Filium.

56 1059 202 1142 Quoniam
225 1065 344 1128 antem
364 1057 482 1127 Filius
504 1081 566 1149 per
587 1063 801 1149 assumptam
824 1062 986 1126 naturam
1016 1058 1122 1127 etiam
1145 1081 1202 1128 ve-

11 1172 15 1187 '
55 1190 100 1237 rus
116 1167 214 1236 homo
238 1174 304 1253 est,
329 1172 446 1258 potest
467 1188 590 1236 sensus
612 1186 687 1234 esse
710 1164 852 1256 duplex:
877 1167 983 1236 Pater
1006 1167 1205 1237 sanctificat

56 1274 162 1344 lilium
184 1281 380 1367 speetatum
395 1273 583 1345 seeundum
599 1272 823 1343 divinitatem
841 1275 1034 1364 pererrando
1050 1290 1204 1342 sanetum

56 1383 340 1452 eommunioatione
361 1381 503 1451 divinae
524 1388 684 1469 naturae,
711 1380 909 1450 sanetifioet
929 1382 1061 1451 Filium
1085 1405 1204 1452 seeun-

56 1488 117 1558 dom
136 1489 391 1559 humanitatem
404 1490 522 1559 eadem
538 1489 762 1579 generatione
783 1512 949 1580 personae
973 1490 1126 1577 divinae,
1146 1490 1204 1559 oui

56 1596 253 1689 hypostatice
271 1598 373 1667 uuita
385 1597 489 1667 estin
506 1601 673 1686 tempore,
691 1602 727 1666 et
742 1596 807 1666 hao
827 1596 905 1688 ipsa
927 1597 1054 1667 unione
1075 1599 1204 1668 saneti·

56 1702 304 1774 oeahnmnna
314 1709 444 1773 natura
467 1703 556 1791 (vid.
572 1704 691 1773 Traot.
704 1704 745 1773 de
762 1703 971 1790 Incarnat.).
990 1704 1034 1773 2⁸.
1045 1704 1201 1792 Constat,

57 1809 129 1881 iuter
146 1811 317 1882 rationem
340 1811 524 1880 filiationis
547 1811 925 1883 enuntiaremus:
947 1814 1200 1885 antecedentia:

59 1917 105 1989 uri
121 1917 200 1991 illos
222 1919 316 1989 dixit
337 1918 445 2006 deos,
470 1919 515 1988 ed
538 1942 624 2011 quoa
656 1941 766 1988 sermo
789 1920 855 1988 Dei
878 1921 995 1990 faetus
1018 1927 1083 2008 eet,
1101 1949 1117 1985 r
1136 1945 1206 1991 non

22 2076 25 2081 -
57 2046 112 2095 eree
130 2026 418 2119 eomparationem
440 2027 608 2119 paritatis
631 2028 691 2097 sed
714 2028 953 2119 oppositionis.
980 2029 1047 2098 Est
1070 2030 1206 2100 scilieet

58 2132 203 2205 anano
231 2135 468 2205 aoousationis
490 2135 533 2204 de
562 2134 777 2225 blasphemia
807 2143 1012 2227 argumento
1035 2161 1057 2205 a
1079 2139 1205 2207 minori

59 2240 90 2308 ed
106 2243 225 2313 maius:
244 2242 479 2335 siSoriptura
502 2243 583 2313 deos
598 2243 697 2331 (lieet
713 2243 915 2334 improprie)
931 2244 1020 2315 dioit
1035 2245 1202 2332 homiues,

58 2348 89 2417 ad
105 2372 185 2443 quos
199 2374 312 2420 sermo
327 2352 394 2421 Dei
410 2352 526 2422 faetus
541 2358 606 2439 est,
625 2357 662 2421 et
675 2374 744 2419 non
760 2358 875 2442 potest
895 2354 1013 2423 refelli
1028 2360 1205 2447 tamquam

58 2454 283 2549 blasphemum,
302 2460 393 2551 qnod
410 2459 596 2551 Scriptura
619 2460 718 2548 dioit;
745 2462 912 2552 quomodo
928 2485 993 2547 me,
1012 2463 1073 2555 qui
1095 2464 1205 2531 Deum

57 2567 172 2657 proprio
194 2590 299 2637 sensu
323 2568 463 2637 Patrem
486 2592 599 2638 meum
621 2592 695 2638 esse
718 2569 964 2661 multiplieiter
987 2571 1202 2657 demonstro,

56 2675 206 2744 :enatis
237 2674 495 2765 blasphemiae,
521 2677 606 2768 quia
629 2676 729 2745 dixi:
757 2676 875 2746 Filius
898 2677 964 2746 Dei
987 2700 1063 2746 sum
1087 2682 1206 2765 (sensu
1282 2689 1288 2701 '

57 2779 155 2871 utiqne
175 2782 331 2871 proprio,
357 2805 457 2873 quem
480 2782 555 2872 ipse
578 2783 741 2855 Christus
764 2782 870 2874 paulo
885 2788 967 2853 ante
983 2784 1153 2870 edixerat,
1171 2791 1208 2852 et
1304 2854 1307 2861 ,

56 2909 135 2977 quern
155 2891 454 2980 exprobraverant
475 2891 625 2977 ludaei).
656 2891 861 2961 Sentiebant
875 2892 934 2960 illi
950 2893 1089 2984 optime,
1107 2895 1207 2964 Chri·
1326 2972 1331 2980 ,

55 2998 128 3063 stum
149 2996 241 3067 illud
265 2996 392 3087 ipsum,
417 2999 508 3090 qnod
532 2997 781 3089 blasphemiam
803 2999 874 3090 ipsi
898 3000 1071 3088 dixerant,
1090 3003 1208 3072 irstsua

55 3104 255 3194 responsione
279 3105 408 3175 iterum
432 3107 635 3192 affirmasse,
661 3113 697 3175 et
720 3108 822 3177 fidem
845 3108 882 3176 in
906 3108 970 3179 hoo
1001 3111 1209 3200 mysterium

56 3211 223 3300 postulare3
248 3213 341 3282 unde
356 3214 451 3283 siout
465 3221 545 3305 post
559 3214 717 3283 auditam
734 3215 941 3285 sententiam
961 3218 1114 3287 unitatis
1130 3243 1208 3289 eum

57 3312 142 3387 Patre
162 3319 259 3405 Deo,
285 3321 337 3389 ita
358 3343 451 3391 nuno
465 3329 553 3413 post
575 3322 666 3392 hano
689 3321 823 3392 Christi
855 3324 1111 3414 responsionem
1134 3328 1208 3397 vio·

56 3420 150 3497 lentas
160 3450 283 3498 manus
299 3428 333 3497 ei
349 3429 493 3500 iniicere
509 3437 692 3502 conantur:
705 3432 944 3524 «quaerebant
959 3456 1043 3524 ergo
1055 3457 1132 3505 eum
1148 3459 1209 3526 ap·

57 3532 258 3618 prehendere.
274 3564 291 3600 n
309 3536 365 3607 Ex
378 3543 454 3608 toto
470 3539 585 3629 igitur
601 3540 710 3610 duotu
726 3541 893 3610 sermonis
917 3547 1050 3611 eertum
1066 3549 1131 3629 eet,
1150 3545 1207 3613 do·

58 3640 113 3708 oeri
133 3663 153 3710 a
173 3643 315 3715 Christo
337 3646 456 3715 Patris
484 3669 526 3717 ao
557 3647 645 3716 Filii
675 3648 768 3718 siout
798 3648 1056 3719 distinctionem
1088 3674 1209 3722 seoun·

60 3743 122 3817 duro
142 3752 320 3822 formalem
342 3754 524 3841 rationem,
551 3777 620 3847 qna
642 3755 736 3825 alius
757 3757 864 3827 Pater
885 3763 941 3826 eet
964 3758 1056 3827 alins
1078 3759 1207 3846 Filius,

61 3849 99 3920 ib
117 3859 282 3929 unitatem
305 3860 493 3931 secundum
515 3864 701 3933 essentiam
717 3885 757 3934 ao
773 3869 949 3950 naturam,
969 3887 1038 3957 qna
1054 3868 1159 3938 Pater
1175 3873 1211 3937 et

61 3956 155 4034 lilius
174 3974 258 4037 snut
280 3991 372 4039 unus
393 3971 499 4039 Deus.
525 3972 600 4042 Hoo
619 3994 722 4041 sensu
744 3972 868 4041 Patres
891 3994 1007 4041 omnes
1029 3973 1066 4041 in
1092 3974 1209 4065 dispu-

62 4070 170 4143 tatione
192 4099 270 4145 oum
290 4077 535 4147 Ariouistum
558 4080 692 4169 singuli
714 4086 790 4150 tum
819 4079 957 4150 oolleeti
980 4082 1018 4149 in
1041 4081 1210 4153 Consiliis

63 4172 138 4249 istud
150 4181 283 4255 Christi
304 4186 542 4256 testimonium
558 4188 821 4273 intellexerunt,
834 4209 940 4280 eoque
956 4188 1057 4258 velut
1078 4191 1210 4280 praeei-

64 4288 310 4468 hlhhaehoeleos
332 4294 569 4366 confutatione
592 4317 725 4387 semper
739 4296 797 4367 usi
817 4301 901 4365 eunt
916 4296 1012 4383 (Vid.
1032 4296 1209 4366 Maldona-

140 4396 175 4468 in
224 4451 232 4469 .
268 4406 307 4490 .).
