3172 4950
669 359 708 376 -
719 327 792 389 Ι487
812 359 849 376 -

204 433 289 504 culam
309 459 331 502 o
353 432 412 504 vel
436 457 477 502 ea
499 432 709 525 additurque
732 432 902 502 terminus
925 430 983 504 vel
1005 432 1175 518 effectus,
1202 454 1263 503 seu
1277 434 1338 505 ubi

202 542 365 613 enuntiatio
387 542 523 611 directa
544 546 599 610 est
620 540 791 628 causalis,
816 538 907 609 illud
931 562 1065 632 quoque
1096 539 1187 631 quod
1210 539 1248 608 in
1269 540 1337 609 teli

201 649 409 719 enuntiatione
430 647 666 739 interponitur
687 648 725 716 in
749 648 888 740 obliquo
910 649 974 717 sub
989 646 1166 739 particula
1182 649 1245 737 δια,
1258 674 1336 741 per,

200 750 325 825 inomni
348 755 504 825 oratione
527 777 614 847 quae
637 754 834 824 hominibus
856 755 905 824 sit
927 755 1184 847 intelligibilis,
1204 785 1338 854 semper

199 866 226 928 et
240 863 424 934 necessario
447 863 552 932 habet
574 863 744 932 rationem
765 862 933 954 principii
955 864 1013 935 vel
1035 887 1159 937 musae
1175 869 1251 940 sive
1265 871 1337 941 for·

197 970 274 1041 nelis
294 971 368 1042 sive
390 970 590 1040 efficientis.
640 1032 644 1039 .
698 988 706 999 ·

243 1077 276 1146 si
299 1077 456 1147 subiecta
478 1099 566 1170 quae
592 1083 765 1167 reguntur
780 1075 966 1168 particulis
986 1104 1007 1147 a
1030 1086 1066 1150 et
1083 1106 1148 1172 per
1174 1106 1243 1152 non
1266 1085 1340 1155 sint

192 1177 375 1276 hypostases
396 1183 596 1270 distinctae,
614 1184 699 1255 haec
713 1185 884 1275 posterior
898 1184 1069 1256 indicabit
1084 1189 1262 1261 formalem
1281 1213 1338 1260 ra·

190 1289 297 1362 tionem
317 1314 441 1363 causae
456 1291 513 1362 vel
525 1290 612 1384 quae
633 1293 678 1362 ad
700 1292 870 1361 rationem
885 1293 1064 1363 formalem
1075 1296 1195 1366 reduci
1214 1301 1336 1391 'queatr

188 1415 248 1490 cg.
260 1400 363 1469 aDeo
374 1421 435 1490 per
448 1398 730 1490 omnipotentiam
742 1405 884 1469 creatur
894 1401 1055 1489 mundum
1067 1402 1111 1470 ab
1122 1402 1259 1474 homine
1274 1428 1337 1496 por

188 1499 385 1577 intellectum
400 1506 618 1597 intelligitur
638 1528 770 1592 verum,
785 1529 846 1599 per
859 1508 1073 1579 voluntatem
1088 1511 1264 1602 appetitur
1280 1513 1337 1581 bo·

188 1636 250 1685 num
261 1622 328 1686 eto.
347 1615 388 1685 Si
409 1615 617 1707 hypostases
640 1614 826 1685 distinctae
841 1616 914 1686 siut
936 1622 972 1687 et
986 1619 1157 1688 terminus
1173 1620 1221 1689 sit
1235 1622 1336 1691 effec-

188 1745 238 1809 us,
254 1722 431 1814 particula
443 1746 508 1812 per
523 1722 686 1812 designat
698 1744 835 1793 causam
851 1724 1064 1811 efficientem,
1075 1726 1135 1795 sed
1150 1727 1188 1795 iu
1205 1728 1337 1798 creatis

187 1830 427 1900 ubordiuatam
449 1849 573 1898 causae
595 1829 847 1921 principaliori:
865 1853 895 1900 e.
909 1856 945 1921 g.
964 1831 1008 1899 ab
1030 1840 1192 1922 operante
1207 1856 1268 1925 per
1283 1835 1336 1904 in·

188 1943 401 2008 trumentum
424 1937 574 2007 efficitur
597 1960 683 2027 opus
705 1945 771 2007 etc.
786 1938 828 2007 In
850 1937 1081 2009 translatione
1103 1941 1148 2010 ad
1163 1941 1274 2011 Deum
1290 1942 1337 2011 si·

188 2044 353 2133 ‚unificatio
375 2044 460 2113 haec
483 2044 703 2114 modificatur
724 2068 787 2135 pro
808 2050 939 2114 ustura
960 2045 1121 2134 subiecti,
1145 2046 1184 2117 in
1200 2047 1334 2118 divinis

188 2151 261 2220 nim
283 2150 440 2241 personis
463 2149 702 2221 subordinatio
724 2174 793 2219 nou
814 2157 1016 2242 potestesse
1032 2152 1103 2222 nisi
1121 2153 1271 2243 originis
1286 2177 1336 2223 se·

188 2258 320 2329 undum
343 2252 458 2342 ἀξιωμα
479 2256 646 2347 principii
666 2278 749 2347 prae
773 2258 976 2347 procedente
996 2280 1018 2325 a
1035 2257 1219 2349 principio.
1243 2259 1336 2331 Hinc

188 2391 209 2436 u
224 2366 391 2436 universo
405 2388 473 2435 usu
484 2365 649 2459 loquendi
660 2364 787 2435 biblico
802 2371 838 2435 et
852 2364 1089 2435 eeclesiastico
1104 2367 1218 2435 omnia
1233 2390 1337 2458 opera

188 2474 212 2544 d
233 2480 337 2544 extra
359 2474 526 2543 dicuntur
548 2494 623 2542 esse
646 2498 668 2539 c
692 2474 799 2540 Patre
816 2496 881 2564 per
901 2474 1035 2541 Filiam
1047 2499 1061 2556 ,·
1091 2474 1153 2543 ubi
1175 2474 1335 2566 quamvis

188 2603 237 2651 nna
260 2581 310 2650 sit
331 2585 517 2649 naturast
543 2603 656 2650 unum
674 2580 817 2671 proinde
835 2580 1046 2672 principium
1070 2605 1135 2672 qao
1160 2581 1329 2671 operatio·

188 2688 224 2757 is
245 2693 351 2779 atque
383 2708 454 2756 uua
486 2685 694 2756 indistincta
716 2688 894 2778 operatio,
928 2687 1105 2757 indicatur
1135 2694 1251 2757 tamen
1281 2687 1334 2757 di·

188 2794 313 2867 tinctio
335 2794 427 2864 iuter
446 2816 611 2886 personas
633 2795 696 2880 ita,
715 2802 757 2864 ut
773 2816 843 2864 una
864 2818 1006 2864 numero
1021 2801 1196 2865 naturast
1212 2794 1332 2866 virtus

188 2901 346 2994 peratrix
368 2906 405 2971 et
427 2902 582 2992 operatio
608 2922 630 2969 a
660 2903 764 2971 Patre
797 2901 1066 2973 communicetur
1097 2902 1203 2972 Filio.
1235 2902 1336 2972 Unde

188 3009 364 3081 anticulae
387 3034 408 3077 a
424 3016 462 3079 et
470 3034 535 3100 per
558 3033 661 3080 unam
684 3011 893 3102 eandemque
920 3010 1162 3080 causalitatem
1196 3008 1334 3099 signiti-

188 3126 261 3203 cut,
281 3117 341 3188 sed
355 3117 460 3187 simul
481 3117 731 3208 adsignificaut
746 3113 861 3204 ἀξιωμα
878 3117 1044 3208 principii
1065 3116 1104 3185 iu
1126 3137 1284 3208 persona,
1310 3140 1335 3184 c

190 3252 239 3295 aa
250 3224 384 3296 voluta
397 3227 493 3296 toute
503 3225 723 3316 primordiali
736 3232 790 3295 est
804 3226 972 3316 operatio,
983 3229 1019 3294 et
1028 3224 1198 3314 originem
1211 3223 1248 3292 iu
1259 3246 1336 3315 per·
1352 3223 1355 3230 ’

188 3357 266 3421 ons,
279 3357 344 3424 per
359 3359 462 3424 qaam
484 3333 550 3402 illa
572 3333 705 3404 dicitur
727 3333 865 3424 operari
887 3335 948 3421 (of.
964 3356 1071 3424 supra
1085 3358 1119 3425 p.
1133 3332 1211 3401 172.
1223 3331 1334 3418 212).

188 3439 340 3525 tuumvis
361 3439 475 3529 igitur
498 3442 640 3510 seorsim
657 3462 764 3531 aeque
780 3439 850 3508 dici
867 3439 979 3530 possit
995 3462 1026 3509 e.
1041 3465 1076 3530 g.
1092 3440 1205 3508 omnia
1218 3437 1335 3508 creari

191 3573 228 3617 er
251 3549 405 3631 Patrem,
422 3554 460 3617 et
476 3547 590 3616 omnia
613 3547 724 3617 creari
748 3572 770 3613 a
792 3549 888 3615 Filio
900 3573 914 3630 ;
936 3569 1005 3616 non
1034 3553 1150 3616 tamen
1179 3548 1254 3615 sine
1276 3547 1336 3613 ab·

188 3656 342 3727 arditate
365 3654 436 3724 dici
457 3660 572 3747 posset
587 3656 701 3724 omnia
717 3653 863 3724 crearis
879 3654 973 3722 Filio
985 3677 1050 3743 per
1067 3654 1219 3734 Patrem,
1238 3650 1332 3743 quia,

188 3771 212 3834 t
233 3762 325 3847 dixi,
352 3762 390 3831 iu
413 3762 478 3832 hac
495 3762 734 3833 coniunctione
750 3768 888 3854 praeter
904 3759 1146 3831 causalitatem
1162 3779 1251 3851 quae
1264 3777 1336 3826 uua

188 3877 224 3940 st
244 3870 366 3939 Patris
387 3874 424 3938 et
449 3869 564 3955 Filii,
591 3870 695 3938 simul
726 3869 949 3960 significatur
979 3866 1242 3938 communicatio
1272 3885 1335 3933 na·

188 3998 272 4047 urae
294 3984 331 4047 et
353 3977 501 4048 virtutis
525 3977 702 4067 operantis
725 3977 769 4045 ab
791 3998 861 4045 una
883 3975 1090 4067 personatu
1111 3974 1229 4044 aliam.
1243 3971 1334 4042 Mul·

188 4084 218 4152 is
240 4084 284 4152 de
298 4082 554 4172 significatione
569 4082 768 4153 huiusmodi
781 4082 1037 4173 particularum
1053 4080 1221 4150 adversus
1232 4079 1336 4147 Aric-

188 4213 232 4260 nos
255 4190 399 4261 disserit
421 4191 458 4261 S.
484 4190 641 4259 Basilius
663 4190 689 4258 1.
716 4190 757 4259 de
788 4189 927 4281 Spiritu
950 4189 1078 4259 Sancto
1109 4212 1138 4258 o.
1166 4187 1244 4272 2-8,
1272 4184 1334 4255 ubi

188 4303 263 4368 nter
286 4297 360 4368 alia
381 4298 446 4368 ait:
474 4300 595 4391 uquod
617 4300 723 4367 Pater
752 4320 813 4389 per
843 4297 977 4367 Filium
1006 4300 1126 4381 creat,
1158 4292 1196 4362 id
1225 4313 1336 4383 neque

188 4406 410 4499 mperfeotam
439 4405 580 4477 exhibet
609 4405 728 4477 Patris
761 4406 994 4496 operationem
1021 4425 1131 4494 neque
1162 4399 1336 4470 infirmam
