<?xml version="1.0" encoding="UTF-8"?>
<!DOCTYPE html PUBLIC "-//W3C//DTD XHTML 1.0 Transitional//EN"
    "http://www.w3.org/TR/xhtml1/DTD/xhtml1-transitional.dtd">
<html xmlns="http://www.w3.org/1999/xhtml" xml:lang="en" lang="en">
 <head>
  <title>
</title>
<meta http-equiv="Content-Type" content="text/html;charset=utf-8" />
  <meta name='ocr-system' content='tesseract 3.04.00' />
  <meta name='ocr-capabilities' content='ocr_page ocr_carea ocr_par ocr_line ocrx_word'/>
</head>
<body>
  <div class='ocr_page' id='page_1' title='image "./tractatusdedeot00frangoog/tractatusdedeot00frangoog_0446.png"; bbox 0 0 3172 4950; ppageno 0'>
   <div class='ocr_carea' id='block_1_1' title="bbox 9 114 1359 4090">
    <p class='ocr_par' dir='ltr' id='par_1_1' title="bbox 82 114 1240 635">
     <span class='ocr_line' id='line_1_1' title="bbox 565 114 744 177; baseline 0 -15"><span class='ocrx_word' id='word_1_1' title='bbox 565 148 602 162; x_wconf 89' lang='lat'>-</span> <span class='ocrx_word' id='word_1_2' title='bbox 625 114 686 177; x_wconf 76' lang='lat'>435</span> <span class='ocrx_word' id='word_1_3' title='bbox 706 149 744 162; x_wconf 95' lang='grc'>..</span> 
     </span>
     <span class='ocr_line' id='line_1_2' title="bbox 98 218 1240 311; baseline 0.002 -22"><span class='ocrx_word' id='word_1_4' title='bbox 98 221 201 291; x_wconf 66' lang='lat' dir='ltr'>emtis</span> <span class='ocrx_word' id='word_1_5' title='bbox 222 218 442 311; x_wconf 85' lang='lat' dir='ltr'>singularis,</span> <span class='ocrx_word' id='word_1_6' title='bbox 467 219 631 311; x_wconf 86' lang='lat' dir='ltr'>integra,</span> <span class='ocrx_word' id='word_1_7' title='bbox 657 227 735 290; x_wconf 80' lang='lat' dir='ltr'>tota</span> <span class='ocrx_word' id='word_1_8' title='bbox 757 220 794 289; x_wconf 93' lang='lat' dir='ltr'>in</span> <span class='ocrx_word' id='word_1_9' title='bbox 818 244 865 307; x_wconf 86' lang='lat' dir='ltr'>se,</span> <span class='ocrx_word' id='word_1_10' title='bbox 893 221 1053 290; x_wconf 89' lang='lat' dir='ltr'>ultimam</span> <span class='ocrx_word' id='word_1_11' title='bbox 1076 221 1167 293; x_wconf 90' lang='lat' dir='ltr'>beno</span> <span class='ocrx_word' id='word_1_12' title='bbox 1181 246 1240 291; x_wconf 88' lang='lat' dir='ltr'>no-</span> 
     </span>
     <span class='ocr_line' id='line_1_3' title="bbox 98 328 1240 419; baseline 0 -20"><span class='ocrx_word' id='word_1_13' title='bbox 98 334 150 399; x_wconf 82' lang='lat' dir='ltr'>un</span> <span class='ocrx_word' id='word_1_14' title='bbox 167 351 231 397; x_wconf 92' lang='lat' dir='ltr'>non</span> <span class='ocrx_word' id='word_1_15' title='bbox 253 329 328 398; x_wconf 87' lang='lat' dir='ltr'>solo</span> <span class='ocrx_word' id='word_1_16' title='bbox 350 328 481 399; x_wconf 88' lang='lat' dir='ltr'>lumine</span> <span class='ocrx_word' id='word_1_17' title='bbox 503 330 653 397; x_wconf 85' lang='lat' dir='ltr'>rationis</span> <span class='ocrx_word' id='word_1_18' title='bbox 685 329 745 398; x_wconf 85' lang='lat' dir='ltr'>sed</span> <span class='ocrx_word' id='word_1_19' title='bbox 775 329 996 419; x_wconf 77' lang='lat' dir='ltr'>praelucente</span> <span class='ocrx_word' id='word_1_20' title='bbox 1027 330 1240 401; x_wconf 78' lang='lat' dir='ltr'><strong>revelatione</strong></span> 
     </span>
     <span class='ocr_line' id='line_1_4' title="bbox 96 434 1240 526; baseline 0 -21"><span class='ocrx_word' id='word_1_21' title='bbox 96 434 294 526; x_wconf 81' lang='lat' dir='ltr'>denysterio</span> <span class='ocrx_word' id='word_1_22' title='bbox 315 434 379 503; x_wconf 87' lang='lat' dir='ltr'>SS.</span> <span class='ocrx_word' id='word_1_23' title='bbox 392 434 581 505; x_wconf 78' lang='lat' dir='ltr'><strong>Trinitatis</strong></span> <span class='ocrx_word' id='word_1_24' title='bbox 597 443 632 504; x_wconf 87' lang='lat' dir='ltr'>et</span> <span class='ocrx_word' id='word_1_25' title='bbox 647 435 906 504; x_wconf 87' lang='lat' dir='ltr'>Incarnationis</span> <span class='ocrx_word' id='word_1_26' title='bbox 923 435 1080 526; x_wconf 82' lang='lat' dir='ltr'>intelligi</span> <span class='ocrx_word' id='word_1_27' title='bbox 1095 436 1240 506; x_wconf 89' lang='lat' dir='ltr'>distino-</span> 
     </span>
     <span class='ocr_line' id='line_1_5' title="bbox 82 542 707 635; baseline 0 -24"><span class='ocrx_word' id='word_1_28' title='bbox 82 548 147 631; x_wconf 39' lang='lat' dir='ltr'>,tsn</span> <span class='ocrx_word' id='word_1_29' title='bbox 165 550 199 612; x_wconf 88' lang='lat' dir='ltr'>ot</span> <span class='ocrx_word' id='word_1_30' title='bbox 220 542 452 633; x_wconf 78' lang='lat' dir='ltr'>separabilem</span> <span class='ocrx_word' id='word_1_31' title='bbox 474 565 496 611; x_wconf 88' lang='lat' dir='ltr'>a</span> <span class='ocrx_word' id='word_1_32' title='bbox 519 544 707 635; x_wconf 84' lang='lat' dir='ltr'>prioribus.</span> 
     </span>
    </p>

    <p class='ocr_par' dir='ltr' id='par_1_2' title="bbox 96 652 1244 1282">
     <span class='ocr_line' id='line_1_6' title="bbox 143 652 1242 747; baseline 0.002 -24"><span class='ocrx_word' id='word_1_33' title='bbox 143 655 366 739; x_wconf 81' lang='lat' dir='ltr'>Quamobrem</span> <span class='ocrx_word' id='word_1_34' title='bbox 381 654 418 722; x_wconf 93' lang='lat' dir='ltr'>in</span> <span class='ocrx_word' id='word_1_35' title='bbox 435 652 637 723; x_wconf 86' lang='lat' dir='ltr'>definitione</span> <span class='ocrx_word' id='word_1_36' title='bbox 653 652 889 742; x_wconf 80' lang='lat' dir='ltr'>generationis</span> <span class='ocrx_word' id='word_1_37' title='bbox 906 654 1001 721; x_wconf 90' lang='lat' dir='ltr'>tradi</span> <span class='ocrx_word' id='word_1_38' title='bbox 1017 655 1132 739; x_wconf 89' lang='lat' dir='ltr'>solita,</span> <span class='ocrx_word' id='word_1_39' title='bbox 1152 655 1242 747; x_wconf 92' lang='lat' dir='ltr'>qnod</span> 
     </span>
     <span class='ocr_line' id='line_1_7' title="bbox 96 759 1242 853; baseline 0 -22"><span class='ocrx_word' id='word_1_40' title='bbox 96 768 134 831; x_wconf 86' lang='lat' dir='ltr'>est</span> <span class='ocrx_word' id='word_1_41' title='bbox 152 761 360 853; x_wconf 76' lang='lat' dir='ltr'>«productio</span> <span class='ocrx_word' id='word_1_42' title='bbox 383 761 584 839; x_wconf 85' lang='lat' dir='ltr'>viventisa</span> <span class='ocrx_word' id='word_1_43' title='bbox 607 759 749 829; x_wconf 90' lang='lat' dir='ltr'>vivente</span> <span class='ocrx_word' id='word_1_44' title='bbox 781 782 824 828; x_wconf 89' lang='lat' dir='ltr'>ex</span> <span class='ocrx_word' id='word_1_45' title='bbox 854 760 1027 850; x_wconf 90' lang='lat' dir='ltr'>principio</span> <span class='ocrx_word' id='word_1_46' title='bbox 1058 762 1242 833; x_wconf 90' lang='lat' dir='ltr'>coniuncto</span> 
     </span>
     <span class='ocr_line' id='line_1_8' title="bbox 99 868 1244 959; baseline 0.005 -26"><span class='ocrx_word' id='word_1_47' title='bbox 99 871 125 935; x_wconf 81' lang='lat' dir='ltr'>ie</span> <span class='ocrx_word' id='word_1_48' title='bbox 139 868 396 937; x_wconf 76' lang='lat' dir='ltr'>similitudinem</span> <span class='ocrx_word' id='word_1_49' title='bbox 411 884 587 936; x_wconf 76' lang='lat' dir='ltr'>autarcen</span> <span class='ocrx_word' id='word_1_50' title='bbox 602 870 663 955; x_wconf 86' lang='lat' dir='ltr'>(cf.</span> <span class='ocrx_word' id='word_1_51' title='bbox 683 869 720 936; x_wconf 90' lang='lat' dir='ltr'>S.</span> <span class='ocrx_word' id='word_1_52' title='bbox 733 868 799 936; x_wconf 76' lang='lat' dir='ltr'>Th.</span> <span class='ocrx_word' id='word_1_53' title='bbox 812 869 844 936; x_wconf 91' lang='grc'>1.</span> <span class='ocrx_word' id='word_1_54' title='bbox 862 895 895 959; x_wconf 92' lang='lat' dir='ltr'>q.</span> <span class='ocrx_word' id='word_1_55' title='bbox 914 870 969 937; x_wconf 83' lang='lat'>27.</span> <span class='ocrx_word' id='word_1_56' title='bbox 986 893 1018 937; x_wconf 87' lang='lat' dir='ltr'>a.</span> <span class='ocrx_word' id='word_1_57' title='bbox 1033 869 1096 955; x_wconf 79' lang='grc'>2.),</span> <span class='ocrx_word' id='word_1_58' title='bbox 1117 870 1244 939; x_wconf 71' lang='lat' dir='ltr'>ultima</span> 
     </span>
     <span class='ocr_line' id='line_1_9' title="bbox 98 974 1242 1065; baseline -0.002 -19"><span class='ocrx_word' id='word_1_59' title='bbox 98 975 246 1065; x_wconf 76' lang='lat' dir='ltr'>portionla</span> <span class='ocrx_word' id='word_1_60' title='bbox 268 974 370 1045; x_wconf 88' lang='lat' dir='ltr'>debet</span> <span class='ocrx_word' id='word_1_61' title='bbox 385 976 497 1065; x_wconf 89' lang='lat' dir='ltr'>accipi</span> <span class='ocrx_word' id='word_1_62' title='bbox 513 976 551 1043; x_wconf 93' lang='lat' dir='ltr'>in</span> <span class='ocrx_word' id='word_1_63' title='bbox 567 999 670 1045; x_wconf 87' lang='lat' dir='ltr'>sensu</span> <span class='ocrx_word' id='word_1_64' title='bbox 687 976 827 1045; x_wconf 84' lang='lat' dir='ltr'>formali</span> <span class='ocrx_word' id='word_1_65' title='bbox 845 980 900 1062; x_wconf 89' lang='lat' dir='ltr'>(ut</span> <span class='ocrx_word' id='word_1_66' title='bbox 914 976 1030 1064; x_wconf 90' lang='lat' dir='ltr'>aiunt)</span> <span class='ocrx_word' id='word_1_67' title='bbox 1046 1001 1115 1046; x_wconf 90' lang='lat' dir='ltr'>non</span> <span class='ocrx_word' id='word_1_68' title='bbox 1132 978 1242 1046; x_wconf 89' lang='lat' dir='ltr'>solum</span> 
     </span>
     <span class='ocr_line' id='line_1_10' title="bbox 98 1083 1242 1173; baseline 0.001 -21"><span class='ocrx_word' id='word_1_69' title='bbox 98 1083 372 1170; x_wconf 67' lang='lat' dir='ltr'>msumateriali5</span> <span class='ocrx_word' id='word_1_70' title='bbox 388 1083 423 1151; x_wconf 92' lang='lat' dir='ltr'>h.</span> <span class='ocrx_word' id='word_1_71' title='bbox 439 1107 469 1153; x_wconf 89' lang='lat' dir='ltr'>e.</span> <span class='ocrx_word' id='word_1_72' title='bbox 487 1089 623 1173; x_wconf 87' lang='lat' dir='ltr'>oportet</span> <span class='ocrx_word' id='word_1_73' title='bbox 645 1107 713 1151; x_wconf 90' lang='lat' dir='ltr'>non</span> <span class='ocrx_word' id='word_1_74' title='bbox 738 1085 849 1153; x_wconf 88' lang='lat' dir='ltr'>solum</span> <span class='ocrx_word' id='word_1_75' title='bbox 871 1108 946 1154; x_wconf 89' lang='lat' dir='ltr'>esse</span> <span class='ocrx_word' id='word_1_76' title='bbox 976 1085 1242 1155; x_wconf 85' lang='lat' dir='ltr'>similitudinem</span> 
     </span>
     <span class='ocr_line' id='line_1_11' title="bbox 99 1189 845 1282; baseline 0.003 -23"><span class='ocrx_word' id='word_1_77' title='bbox 99 1189 212 1261; x_wconf 85' lang='lat' dir='ltr'>rlinnde</span> <span class='ocrx_word' id='word_1_78' title='bbox 235 1189 296 1260; x_wconf 90' lang='lat' dir='ltr'>sed</span> <span class='ocrx_word' id='word_1_79' title='bbox 318 1214 360 1260; x_wconf 84' lang='lat' dir='ltr'>ex</span> <span class='ocrx_word' id='word_1_80' title='bbox 384 1190 460 1281; x_wconf 93' lang='lat' dir='ltr'>ipso</span> <span class='ocrx_word' id='word_1_81' title='bbox 483 1192 581 1261; x_wconf 91' lang='lat' dir='ltr'>modo</span> <span class='ocrx_word' id='word_1_82' title='bbox 605 1193 845 1282; x_wconf 89' lang='lat' dir='ltr'>processionis.</span> 
     </span>
    </p>

    <p class='ocr_par' dir='ltr' id='par_1_3' title="bbox 101 1294 1359 1500">
     <span class='ocr_line' id='line_1_12' title="bbox 145 1294 1242 1391; baseline 0 -22"><span class='ocrx_word' id='word_1_83' title='bbox 145 1294 211 1369; x_wconf 88' lang='lat' dir='ltr'>Iam</span> <span class='ocrx_word' id='word_1_84' title='bbox 234 1298 318 1371; x_wconf 85' lang='lat' dir='ltr'>vero</span> <span class='ocrx_word' id='word_1_85' title='bbox 342 1298 487 1371; x_wconf 88' lang='lat' dir='ltr'>evidens</span> <span class='ocrx_word' id='word_1_86' title='bbox 509 1310 563 1372; x_wconf 90' lang='lat' dir='ltr'>est</span> <span class='ocrx_word' id='word_1_87' title='bbox 588 1302 672 1370; x_wconf 92' lang='lat' dir='ltr'>haec</span> <span class='ocrx_word' id='word_1_88' title='bbox 700 1301 902 1371; x_wconf 89' lang='lat' dir='ltr'>differentia</span> <span class='ocrx_word' id='word_1_89' title='bbox 934 1300 1026 1368; x_wconf 89' lang='lat' dir='ltr'>inter</span> <span class='ocrx_word' id='word_1_90' title='bbox 1050 1302 1242 1391; x_wconf 88' lang='lat' dir='ltr'>expressio-</span> 
     </span>
     <span class='ocr_line' id='line_1_13' title="bbox 101 1388 1359 1500; baseline 0.001 -23"><span class='ocrx_word' id='word_1_91' title='bbox 101 1430 154 1477; x_wconf 88' lang='lat' dir='ltr'>nem</span> <span class='ocrx_word' id='word_1_92' title='bbox 174 1409 270 1480; x_wconf 88' lang='lat' dir='ltr'>verbi</span> <span class='ocrx_word' id='word_1_93' title='bbox 293 1432 355 1499; x_wconf 89' lang='lat' dir='ltr'>per</span> <span class='ocrx_word' id='word_1_94' title='bbox 378 1410 649 1480; x_wconf 88' lang='lat' dir='ltr'>intellectionem</span> <span class='ocrx_word' id='word_1_95' title='bbox 674 1417 708 1478; x_wconf 88' lang='lat' dir='ltr'>et</span> <span class='ocrx_word' id='word_1_96' title='bbox 732 1411 825 1480; x_wconf 91' lang='lat' dir='ltr'>inter</span> <span class='ocrx_word' id='word_1_97' title='bbox 848 1410 1098 1500; x_wconf 84' lang='lat' dir='ltr'>processionem</span> <span class='ocrx_word' id='word_1_98' title='bbox 1115 1410 1243 1478; x_wconf 88' lang='lat' dir='ltr'>amoris</span> <span class='ocrx_word' id='word_1_99' title='bbox 1350 1388 1359 1405; x_wconf 56' lang='lat'>⁵</span> 
     </span>
    </p>

    <p class='ocr_par' dir='ltr' id='par_1_4' title="bbox 11 1516 1309 1716">
     <span class='ocr_line' id='line_1_14' title="bbox 11 1516 1242 1607; baseline -0.002 -20"><span class='ocrx_word' id='word_1_100' title='bbox 11 1556 16 1563; x_wconf 93' lang='lat'>·</span> <span class='ocrx_word' id='word_1_101' title='bbox 102 1538 144 1605; x_wconf 81' lang='lat' dir='ltr'>per</span> <span class='ocrx_word' id='word_1_102' title='bbox 161 1519 370 1589; x_wconf 85' lang='lat' dir='ltr'>volitionem.</span> <span class='ocrx_word' id='word_1_103' title='bbox 388 1518 595 1588; x_wconf 78' lang='lat' dir='ltr'>Intellectus</span> <span class='ocrx_word' id='word_1_104' title='bbox 620 1541 661 1587; x_wconf 85' lang='lat' dir='ltr'>ex</span> <span class='ocrx_word' id='word_1_105' title='bbox 684 1518 762 1607; x_wconf 89' lang='lat' dir='ltr'>ipsa</span> <span class='ocrx_word' id='word_1_106' title='bbox 784 1526 914 1588; x_wconf 85' lang='lat' dir='ltr'>natura</span> <span class='ocrx_word' id='word_1_107' title='bbox 938 1518 994 1586; x_wconf 86' lang='lat' dir='ltr'>sui</span> <span class='ocrx_word' id='word_1_108' title='bbox 1017 1522 1117 1586; x_wconf 89' lang='lat' dir='ltr'>actus</span> <span class='ocrx_word' id='word_1_109' title='bbox 1140 1516 1242 1585; x_wconf 91' lang='lat' dir='ltr'>intel·</span> 
     </span>
     <span class='ocr_line' id='line_1_15' title="bbox 102 1621 1309 1716; baseline -0.001 -23"><span class='ocrx_word' id='word_1_110' title='bbox 102 1621 212 1713; x_wconf 81' lang='lat' dir='ltr'>ligando</span> <span class='ocrx_word' id='word_1_111' title='bbox 234 1624 399 1716; x_wconf 81' lang='lat' dir='ltr'>producit</span> <span class='ocrx_word' id='word_1_112' title='bbox 420 1646 617 1714; x_wconf 84' lang='lat' dir='ltr'>expressam</span> <span class='ocrx_word' id='word_1_113' title='bbox 641 1624 909 1694; x_wconf 90' lang='lat' dir='ltr'>similitudinem</span> <span class='ocrx_word' id='word_1_114' title='bbox 941 1626 994 1694; x_wconf 91' lang='lat' dir='ltr'>rei</span> <span class='ocrx_word' id='word_1_115' title='bbox 1018 1622 1241 1711; x_wconf 72' lang='lat' dir='ltr'>intellectae,</span> <span class='ocrx_word' id='word_1_116' title='bbox 1304 1694 1309 1701; x_wconf 78' lang='grc'><strong>,</strong></span> 
     </span>
    </p>

    <p class='ocr_par' dir='ltr' id='par_1_5' title="bbox 42 1728 1242 1819">
     <span class='ocr_line' id='line_1_16' title="bbox 42 1728 1242 1819; baseline 0.003 -24"><span class='ocrx_word' id='word_1_117' title='bbox 42 1728 50 1811; x_wconf 77' lang='lat' dir='ltr'><em>J</em></span> <span class='ocrx_word' id='word_1_118' title='bbox 103 1732 238 1803; x_wconf 82' lang='lat' dir='ltr'>voluntas</span> <span class='ocrx_word' id='word_1_119' title='bbox 261 1731 409 1819; x_wconf 86' lang='lat' dir='ltr'>volendo</span> <span class='ocrx_word' id='word_1_120' title='bbox 432 1756 474 1802; x_wconf 85' lang='lat' dir='ltr'>ex</span> <span class='ocrx_word' id='word_1_121' title='bbox 502 1738 632 1801; x_wconf 89' lang='lat' dir='ltr'>natura</span> <span class='ocrx_word' id='word_1_122' title='bbox 662 1732 718 1800; x_wconf 89' lang='lat' dir='ltr'>sui</span> <span class='ocrx_word' id='word_1_123' title='bbox 747 1738 848 1801; x_wconf 88' lang='lat' dir='ltr'>ectus</span> <span class='ocrx_word' id='word_1_124' title='bbox 877 1756 945 1801; x_wconf 91' lang='lat' dir='ltr'>nou</span> <span class='ocrx_word' id='word_1_125' title='bbox 976 1732 1242 1802; x_wconf 90' lang='lat' dir='ltr'>similitudinem</span> 
     </span>
    </p>

    <p class='ocr_par' dir='ltr' id='par_1_6' title="bbox 46 1838 1246 1932">
     <span class='ocr_line' id='line_1_17' title="bbox 46 1838 1246 1932; baseline 0.002 -25"><span class='ocrx_word' id='word_1_126' title='bbox 46 1884 49 1891; x_wconf 93' lang='lat'>-</span> <span class='ocrx_word' id='word_1_127' title='bbox 102 1838 140 1908; x_wconf 86' lang='lat' dir='ltr'>rei</span> <span class='ocrx_word' id='word_1_128' title='bbox 155 1849 283 1912; x_wconf 83' lang='lat' dir='ltr'>amatae</span> <span class='ocrx_word' id='word_1_129' title='bbox 305 1840 479 1932; x_wconf 83' lang='lat' dir='ltr'>producit,</span> <span class='ocrx_word' id='word_1_130' title='bbox 506 1841 564 1910; x_wconf 91' lang='lat' dir='ltr'>sed</span> <span class='ocrx_word' id='word_1_131' title='bbox 589 1841 849 1910; x_wconf 89' lang='lat' dir='ltr'>inclinationem</span> <span class='ocrx_word' id='word_1_132' title='bbox 873 1841 916 1910; x_wconf 91' lang='lat' dir='ltr'>ad</span> <span class='ocrx_word' id='word_1_133' title='bbox 941 1865 1013 1910; x_wconf 88' lang='lat' dir='ltr'>rem</span> <span class='ocrx_word' id='word_1_134' title='bbox 1036 1847 1186 1909; x_wconf 90' lang='lat' dir='ltr'>amatam</span> <span class='ocrx_word' id='word_1_135' title='bbox 1210 1846 1246 1909; x_wconf 89' lang='lat' dir='ltr'>et</span> 
     </span>
    </p>

    <p class='ocr_par' dir='ltr' id='par_1_7' title="bbox 10 1947 1245 2146">
     <span class='ocr_line' id='line_1_18' title="bbox 10 1947 1244 2039; baseline 0.003 -26"><span class='ocrx_word' id='word_1_136' title='bbox 10 1950 19 1991; x_wconf 77' lang='lat'>³·</span> <span class='ocrx_word' id='word_1_137' title='bbox 45 1984 49 1989; x_wconf 96' lang='lat'>-</span> <span class='ocrx_word' id='word_1_138' title='bbox 102 1950 357 2039; x_wconf 84' lang='lat' dir='ltr'>complacentiam</span> <span class='ocrx_word' id='word_1_139' title='bbox 380 1949 418 2017; x_wconf 92' lang='lat' dir='ltr'>in</span> <span class='ocrx_word' id='word_1_140' title='bbox 441 1947 516 2016; x_wconf 90' lang='lat' dir='ltr'>illa.</span> <span class='ocrx_word' id='word_1_141' title='bbox 536 1948 660 2039; x_wconf 89' lang='lat' dir='ltr'>Itaque</span> <span class='ocrx_word' id='word_1_142' title='bbox 684 1948 795 2038; x_wconf 88' lang='lat' dir='ltr'>prima</span> <span class='ocrx_word' id='word_1_143' title='bbox 819 1970 967 2039; x_wconf 91' lang='lat' dir='ltr'>persone</span> <span class='ocrx_word' id='word_1_144' title='bbox 996 1949 1119 2018; x_wconf 87' lang='lat' dir='ltr'>divina</span> <span class='ocrx_word' id='word_1_145' title='bbox 1142 1948 1244 2017; x_wconf 92' lang='lat' dir='ltr'>intel-</span> 
     </span>
     <span class='ocr_line' id='line_1_19' title="bbox 49 2048 1245 2146; baseline -0.003 -19"><span class='ocrx_word' id='word_1_146' title='bbox 49 2115 54 2127; x_wconf 92' lang='lat'><em>.</em></span> <span class='ocrx_word' id='word_1_147' title='bbox 101 2048 212 2143; x_wconf 67' lang='lat' dir='ltr'>ligando</span> <span class='ocrx_word' id='word_1_148' title='bbox 235 2079 272 2127; x_wconf 89' lang='lat' dir='ltr'>se</span> <span class='ocrx_word' id='word_1_149' title='bbox 287 2055 429 2124; x_wconf 73' lang='lat' dir='ltr'>infinita</span> <span class='ocrx_word' id='word_1_150' title='bbox 451 2055 689 2125; x_wconf 88' lang='lat' dir='ltr'>intellectione</span> <span class='ocrx_word' id='word_1_151' title='bbox 714 2056 942 2124; x_wconf 85' lang='lat' dir='ltr'>substantiali</span> <span class='ocrx_word' id='word_1_152' title='bbox 965 2079 1006 2125; x_wconf 88' lang='lat' dir='ltr'>ex</span> <span class='ocrx_word' id='word_1_153' title='bbox 1025 2057 1101 2146; x_wconf 92' lang='lat' dir='ltr'>ipsa</span> <span class='ocrx_word' id='word_1_154' title='bbox 1117 2061 1245 2125; x_wconf 87' lang='lat' dir='ltr'>natura</span> 
     </span>
    </p>

    <p class='ocr_par' dir='ltr' id='par_1_8' title="bbox 10 2160 1246 2575">
     <span class='ocr_line' id='line_1_20' title="bbox 14 2160 1241 2255; baseline -0.002 -22"><span class='ocrx_word' id='word_1_155' title='bbox 14 2194 17 2199; x_wconf 94' lang='lat'>·</span> <span class='ocrx_word' id='word_1_156' title='bbox 101 2160 164 2233; x_wconf 70' lang='lat' dir='ltr'>ultr</span> <span class='ocrx_word' id='word_1_157' title='bbox 181 2172 282 2235; x_wconf 89' lang='lat' dir='ltr'>actus</span> <span class='ocrx_word' id='word_1_158' title='bbox 305 2162 471 2255; x_wconf 87' lang='lat' dir='ltr'>exprimit</span> <span class='ocrx_word' id='word_1_159' title='bbox 493 2163 760 2232; x_wconf 81' lang='lat' dir='ltr'>substantialem</span> <span class='ocrx_word' id='word_1_160' title='bbox 783 2164 1010 2254; x_wconf 86' lang='lat' dir='ltr'>adaequatam</span> <span class='ocrx_word' id='word_1_161' title='bbox 1035 2163 1092 2230; x_wconf 90' lang='lat' dir='ltr'>sui</span> <span class='ocrx_word' id='word_1_162' title='bbox 1118 2163 1241 2251; x_wconf 88' lang='lat' dir='ltr'>imagi·</span> 
     </span>
     <span class='ocr_line' id='line_1_21' title="bbox 10 2270 1245 2361; baseline -0.001 -22"><span class='ocrx_word' id='word_1_163' title='bbox 10 2298 13 2305; x_wconf 96' lang='lat'>·</span> <span class='ocrx_word' id='word_1_164' title='bbox 98 2284 176 2361; x_wconf 74' lang='lat' dir='ltr'>beu3</span> <span class='ocrx_word' id='word_1_165' title='bbox 202 2279 238 2345; x_wconf 89' lang='lat' dir='ltr'>et</span> <span class='ocrx_word' id='word_1_166' title='bbox 259 2273 336 2343; x_wconf 88' lang='lat' dir='ltr'>ideo</span> <span class='ocrx_word' id='word_1_167' title='bbox 360 2273 444 2342; x_wconf 88' lang='lat' dir='ltr'>haec</span> <span class='ocrx_word' id='word_1_168' title='bbox 467 2278 522 2340; x_wconf 90' lang='lat' dir='ltr'>est</span> <span class='ocrx_word' id='word_1_169' title='bbox 544 2271 725 2340; x_wconf 88' lang='lat' dir='ltr'>verissime</span> <span class='ocrx_word' id='word_1_170' title='bbox 748 2276 784 2339; x_wconf 87' lang='lat' dir='ltr'>et</span> <span class='ocrx_word' id='word_1_171' title='bbox 806 2270 947 2360; x_wconf 89' lang='lat' dir='ltr'>proprie</span> <span class='ocrx_word' id='word_1_172' title='bbox 974 2273 1175 2360; x_wconf 59' lang='lat' dir='ltr'>permotio,</span> <span class='ocrx_word' id='word_1_173' title='bbox 1208 2276 1245 2340; x_wconf 94' lang='lat' dir='ltr'>et</span> 
     </span>
     <span class='ocr_line' id='line_1_22' title="bbox 97 2376 1243 2473; baseline -0.003 -24"><span class='ocrx_word' id='word_1_174' title='bbox 97 2378 216 2459; x_wconf 69' lang='lat' dir='ltr'>nonde</span> <span class='ocrx_word' id='word_1_175' title='bbox 238 2380 378 2473; x_wconf 91' lang='lat' dir='ltr'>proprie</span> <span class='ocrx_word' id='word_1_176' title='bbox 401 2385 455 2449; x_wconf 85' lang='lat' dir='ltr'>est</span> <span class='ocrx_word' id='word_1_177' title='bbox 477 2380 582 2448; x_wconf 91' lang='lat' dir='ltr'>Peter</span> <span class='ocrx_word' id='word_1_178' title='bbox 604 2401 645 2447; x_wconf 93' lang='lat' dir='ltr'>ac</span> <span class='ocrx_word' id='word_1_179' title='bbox 661 2377 790 2446; x_wconf 87' lang='lat' dir='ltr'>Filius.</span> <span class='ocrx_word' id='word_1_180' title='bbox 807 2378 874 2447; x_wconf 84' lang='lat' dir='ltr'>Sed</span> <span class='ocrx_word' id='word_1_181' title='bbox 890 2378 995 2445; x_wconf 87' lang='lat' dir='ltr'>Pater</span> <span class='ocrx_word' id='word_1_182' title='bbox 1011 2383 1048 2445; x_wconf 90' lang='lat' dir='ltr'>et</span> <span class='ocrx_word' id='word_1_183' title='bbox 1062 2376 1178 2444; x_wconf 83' lang='lat' dir='ltr'>Filius</span> <span class='ocrx_word' id='word_1_184' title='bbox 1194 2376 1243 2467; x_wconf 81' lang='lat' dir='ltr'>di-</span> 
     </span>
     <span class='ocr_line' id='line_1_23' title="bbox 96 2472 1246 2575; baseline -0.003 -19"><span class='ocrx_word' id='word_1_185' title='bbox 96 2472 213 2575; x_wconf 71' lang='lat' dir='ltr'>ligando</span> <span class='ocrx_word' id='word_1_186' title='bbox 244 2511 280 2557; x_wconf 89' lang='lat' dir='ltr'>se</span> <span class='ocrx_word' id='word_1_187' title='bbox 315 2486 499 2556; x_wconf 90' lang='lat' dir='ltr'>dilectione</span> <span class='ocrx_word' id='word_1_188' title='bbox 530 2486 758 2556; x_wconf 84' lang='lat' dir='ltr'>substantiali</span> <span class='ocrx_word' id='word_1_189' title='bbox 785 2486 985 2575; x_wconf 87' lang='lat' dir='ltr'>producunt</span> <span class='ocrx_word' id='word_1_190' title='bbox 1016 2484 1246 2553; x_wconf 87' lang='lat' dir='ltr'>intrinsecum</span> 
     </span>
    </p>

    <p class='ocr_par' dir='ltr' id='par_1_9' title="bbox 9 2587 1292 4090">
     <span class='ocr_line' id='line_1_24' title="bbox 38 2587 1245 2686; baseline -0.003 -21"><span class='ocrx_word' id='word_1_191' title='bbox 38 2638 43 2645; x_wconf 93' lang='lat'><em>-</em></span> <span class='ocrx_word' id='word_1_192' title='bbox 95 2587 260 2667; x_wconf 59' lang='lat' dir='ltr'>aninum</span> <span class='ocrx_word' id='word_1_193' title='bbox 283 2619 433 2665; x_wconf 88' lang='lat' dir='ltr'>amorem</span> <span class='ocrx_word' id='word_1_194' title='bbox 457 2595 749 2680; x_wconf 87' lang='lat' dir='ltr'>substantialem,</span> <span class='ocrx_word' id='word_1_195' title='bbox 776 2594 998 2686; x_wconf 91' lang='lat' dir='ltr'>quiquidem</span> <span class='ocrx_word' id='word_1_196' title='bbox 1023 2601 1065 2662; x_wconf 87' lang='lat' dir='ltr'>ut</span> <span class='ocrx_word' id='word_1_197' title='bbox 1085 2595 1245 2661; x_wconf 89' lang='lat' dir='ltr'>substan·</span> 
     </span>
     <span class='ocr_line' id='line_1_25' title="bbox 91 2694 1246 2774; baseline -0.003 -1"><span class='ocrx_word' id='word_1_198' title='bbox 91 2694 175 2774; x_wconf 63' lang='lat' dir='ltr'>italis</span> <span class='ocrx_word' id='word_1_199' title='bbox 189 2710 225 2774; x_wconf 93' lang='lat' dir='ltr'>et</span> <span class='ocrx_word' id='word_1_200' title='bbox 247 2704 326 2774; x_wconf 91' lang='lat' dir='ltr'>ideo</span> <span class='ocrx_word' id='word_1_201' title='bbox 349 2703 589 2774; x_wconf 87' lang='lat' dir='ltr'>identificatns</span> <span class='ocrx_word' id='word_1_202' title='bbox 613 2728 689 2773; x_wconf 91' lang='lat' dir='ltr'>cum</span> <span class='ocrx_word' id='word_1_203' title='bbox 720 2703 872 2773; x_wconf 87' lang='lat' dir='ltr'>essentie</span> <span class='ocrx_word' id='word_1_204' title='bbox 903 2701 1026 2771; x_wconf 89' lang='lat' dir='ltr'>divina</span> <span class='ocrx_word' id='word_1_205' title='bbox 1056 2708 1109 2770; x_wconf 87' lang='lat' dir='ltr'>est</span> <span class='ocrx_word' id='word_1_206' title='bbox 1142 2724 1246 2769; x_wconf 86' lang='lat' dir='ltr'>verus</span> 
     </span>
     <span class='ocr_line' id='line_1_26' title="bbox 88 2796 1247 2898; baseline -0.006 -13.504"><span class='ocrx_word' id='word_1_207' title='bbox 88 2796 192 2898; x_wconf 77' lang='lat' dir='ltr'>Dens,</span> <span class='ocrx_word' id='word_1_208' title='bbox 219 2835 326 2881; x_wconf 87' lang='lat' dir='ltr'>unum</span> <span class='ocrx_word' id='word_1_209' title='bbox 350 2836 427 2881; x_wconf 91' lang='lat' dir='ltr'>oum</span> <span class='ocrx_word' id='word_1_210' title='bbox 450 2813 557 2881; x_wconf 89' lang='lat' dir='ltr'>Patre</span> <span class='ocrx_word' id='word_1_211' title='bbox 586 2817 621 2880; x_wconf 89' lang='lat' dir='ltr'>et</span> <span class='ocrx_word' id='word_1_212' title='bbox 646 2810 763 2897; x_wconf 85' lang='lat' dir='ltr'>Filio;</span> <span class='ocrx_word' id='word_1_213' title='bbox 789 2817 828 2878; x_wconf 93' lang='lat' dir='ltr'>at</span> <span class='ocrx_word' id='word_1_214' title='bbox 858 2809 1001 2879; x_wconf 90' lang='lat' dir='ltr'>dileetio</span> <span class='ocrx_word' id='word_1_215' title='bbox 1024 2810 1062 2877; x_wconf 90' lang='lat' dir='ltr'>iu</span> <span class='ocrx_word' id='word_1_216' title='bbox 1084 2808 1189 2877; x_wconf 89' lang='lat' dir='ltr'>Patre</span> <span class='ocrx_word' id='word_1_217' title='bbox 1211 2813 1247 2877; x_wconf 90' lang='lat' dir='ltr'>et</span> 
     </span>
     <span class='ocr_line' id='line_1_27' title="bbox 84 2908 1246 2993; baseline -0.007 -1.539"><span class='ocrx_word' id='word_1_218' title='bbox 84 2908 168 2992; x_wconf 74' lang='lat' dir='ltr'>lilio</span> <span class='ocrx_word' id='word_1_219' title='bbox 190 2946 234 2993; x_wconf 90' lang='lat' dir='ltr'>ex</span> <span class='ocrx_word' id='word_1_220' title='bbox 258 2944 322 2991; x_wconf 89' lang='lat' dir='ltr'>sna</span> <span class='ocrx_word' id='word_1_221' title='bbox 345 2920 485 2990; x_wconf 83' lang='lat' dir='ltr'>formali</span> <span class='ocrx_word' id='word_1_222' title='bbox 509 2920 646 2989; x_wconf 86' lang='lat' dir='ltr'>ratione</span> <span class='ocrx_word' id='word_1_223' title='bbox 670 2917 870 2987; x_wconf 90' lang='lat' dir='ltr'>dilectionis</span> <span class='ocrx_word' id='word_1_224' title='bbox 893 2940 960 2985; x_wconf 90' lang='lat' dir='ltr'>non</span> <span class='ocrx_word' id='word_1_225' title='bbox 984 2917 1100 2985; x_wconf 89' lang='lat' dir='ltr'>tendit</span> <span class='ocrx_word' id='word_1_226' title='bbox 1122 2916 1166 2984; x_wconf 93' lang='lat' dir='ltr'>ad</span> <span class='ocrx_word' id='word_1_227' title='bbox 1189 2939 1246 2984; x_wconf 86' lang='lat' dir='ltr'>ex-</span> 
     </span>
     <span class='ocr_line' id='line_1_28' title="bbox 10 3024 1282 3118; baseline -0.009 -16"><span class='ocrx_word' id='word_1_228' title='bbox 10 3026 23 3105; x_wconf 73' lang='grc'>’,</span> <span class='ocrx_word' id='word_1_229' title='bbox 80 3031 289 3111; x_wconf 72' lang='lat' dir='ltr'>primendam</span> <span class='ocrx_word' id='word_1_230' title='bbox 314 3027 525 3118; x_wconf 87' lang='lat' dir='ltr'>imaginem,</span> <span class='ocrx_word' id='word_1_231' title='bbox 551 3049 612 3095; x_wconf 89' lang='lat' dir='ltr'>neo</span> <span class='ocrx_word' id='word_1_232' title='bbox 636 3048 732 3094; x_wconf 91' lang='lat' dir='ltr'>amor</span> <span class='ocrx_word' id='word_1_233' title='bbox 756 3030 824 3112; x_wconf 89' lang='lat' dir='ltr'>(ut</span> <span class='ocrx_word' id='word_1_234' title='bbox 846 3026 1024 3111; x_wconf 83' lang='lat' dir='ltr'>diximus)</span> <span class='ocrx_word' id='word_1_235' title='bbox 1040 3047 1083 3093; x_wconf 85' lang='lat' dir='ltr'>ex</span> <span class='ocrx_word' id='word_1_236' title='bbox 1107 3024 1247 3093; x_wconf 84' lang='lat' dir='ltr'>formali</span> <span class='ocrx_word' id='word_1_237' title='bbox 1279 3062 1282 3067; x_wconf 93' lang='lat'>·</span> 
     </span>
     <span class='ocr_line' id='line_1_29' title="bbox 10 3130 1248 3228; baseline -0.007 -20"><span class='ocrx_word' id='word_1_238' title='bbox 10 3140 13 3147; x_wconf 83' lang='lat'>&#39;</span> <span class='ocrx_word' id='word_1_239' title='bbox 77 3150 138 3209; x_wconf 68' lang='lat' dir='ltr'>tna</span> <span class='ocrx_word' id='word_1_240' title='bbox 160 3138 320 3221; x_wconf 85' lang='lat' dir='ltr'>ratione,</span> <span class='ocrx_word' id='word_1_241' title='bbox 347 3142 520 3228; x_wconf 86' lang='lat' dir='ltr'>qnatenus</span> <span class='ocrx_word' id='word_1_242' title='bbox 543 3156 638 3202; x_wconf 89' lang='lat' dir='ltr'>amor</span> <span class='ocrx_word' id='word_1_243' title='bbox 662 3141 740 3219; x_wconf 87' lang='lat' dir='ltr'>est,</span> <span class='ocrx_word' id='word_1_244' title='bbox 767 3140 882 3222; x_wconf 90' lang='lat' dir='ltr'>potest</span> <span class='ocrx_word' id='word_1_245' title='bbox 896 3132 1054 3221; x_wconf 83' lang='lat' dir='ltr'>intelligi</span> <span class='ocrx_word' id='word_1_246' title='bbox 1067 3132 1181 3222; x_wconf 84' lang='lat' dir='ltr'>imago</span> <span class='ocrx_word' id='word_1_247' title='bbox 1196 3130 1248 3200; x_wconf 91' lang='lat' dir='ltr'>rei</span> 
     </span>
     <span class='ocr_line' id='line_1_30' title="bbox 9 3243 1245 3338; baseline -0.008 -19"><span class='ocrx_word' id='word_1_248' title='bbox 9 3300 13 3309; x_wconf 83' lang='lat'>·</span> <span class='ocrx_word' id='word_1_249' title='bbox 72 3254 229 3333; x_wconf 70' lang='lat' dir='ltr'>tmata03</span> <span class='ocrx_word' id='word_1_250' title='bbox 256 3244 416 3338; x_wconf 86' lang='lat' dir='ltr'>quamvis</span> <span class='ocrx_word' id='word_1_251' title='bbox 439 3266 536 3312; x_wconf 92' lang='lat' dir='ltr'>emor</span> <span class='ocrx_word' id='word_1_252' title='bbox 560 3243 597 3311; x_wconf 93' lang='lat' dir='ltr'>in</span> <span class='ocrx_word' id='word_1_253' title='bbox 621 3244 692 3311; x_wconf 87' lang='lat' dir='ltr'>Deo</span> <span class='ocrx_word' id='word_1_254' title='bbox 715 3243 931 3332; x_wconf 87' lang='lat' dir='ltr'>procedens,</span> <span class='ocrx_word' id='word_1_255' title='bbox 965 3248 1137 3333; x_wconf 88' lang='lat' dir='ltr'>quatenus</span> <span class='ocrx_word' id='word_1_256' title='bbox 1168 3244 1245 3310; x_wconf 89' lang='lat' dir='ltr'>sub·</span> 
     </span>
     <span class='ocr_line' id='line_1_31' title="bbox 72 3344 1249 3434; baseline -0.009 -10"><span class='ocrx_word' id='word_1_257' title='bbox 72 3352 210 3425; x_wconf 66' lang='lat' dir='ltr'>mutia</span> <span class='ocrx_word' id='word_1_258' title='bbox 231 3356 285 3419; x_wconf 91' lang='lat' dir='ltr'>est</span> <span class='ocrx_word' id='word_1_259' title='bbox 307 3347 453 3434; x_wconf 90' lang='lat' dir='ltr'>divina,</span> <span class='ocrx_word' id='word_1_260' title='bbox 479 3347 529 3416; x_wconf 89' lang='lat' dir='ltr'>sit</span> <span class='ocrx_word' id='word_1_261' title='bbox 553 3369 660 3416; x_wconf 89' lang='lat' dir='ltr'>unum</span> <span class='ocrx_word' id='word_1_262' title='bbox 685 3370 762 3415; x_wconf 92' lang='lat' dir='ltr'>oum</span> <span class='ocrx_word' id='word_1_263' title='bbox 786 3348 891 3415; x_wconf 88' lang='lat' dir='ltr'>Patre</span> <span class='ocrx_word' id='word_1_264' title='bbox 916 3352 952 3413; x_wconf 88' lang='lat' dir='ltr'>et</span> <span class='ocrx_word' id='word_1_265' title='bbox 974 3344 1079 3413; x_wconf 83' lang='lat' dir='ltr'>Filio.</span> <span class='ocrx_word' id='word_1_266' title='bbox 1109 3344 1249 3413; x_wconf 72' lang='lat' dir='ltr'>astant</span> 
     </span>
     <span class='ocr_line' id='line_1_32' title="bbox 70 3451 1247 3554; baseline -0.014 -21"><span class='ocrx_word' id='word_1_267' title='bbox 70 3458 233 3554; x_wconf 77' lang='lat' dir='ltr'>Spiritus</span> <span class='ocrx_word' id='word_1_268' title='bbox 256 3457 407 3525; x_wconf 87' lang='lat' dir='ltr'>Sanctus</span> <span class='ocrx_word' id='word_1_269' title='bbox 430 3456 590 3547; x_wconf 78' lang='lat' dir='ltr'>quamvis</span> <span class='ocrx_word' id='word_1_270' title='bbox 607 3477 671 3522; x_wconf 89' lang='lat' dir='ltr'>sua</span> <span class='ocrx_word' id='word_1_271' title='bbox 687 3455 903 3544; x_wconf 88' lang='lat' dir='ltr'>processione</span> <span class='ocrx_word' id='word_1_272' title='bbox 919 3451 1069 3541; x_wconf 89' lang='lat' dir='ltr'>accipiat</span> <span class='ocrx_word' id='word_1_273' title='bbox 1084 3458 1247 3520; x_wconf 87' lang='lat' dir='ltr'>naturam</span> 
     </span>
     <span class='ocr_line' id='line_1_33' title="bbox 67 3557 1292 3653; baseline -0.011 -14"><span class='ocrx_word' id='word_1_274' title='bbox 67 3564 194 3641; x_wconf 85' lang='lat' dir='ltr'>Patris</span> <span class='ocrx_word' id='word_1_275' title='bbox 217 3564 312 3653; x_wconf 83' lang='lat' dir='ltr'>sicut</span> <span class='ocrx_word' id='word_1_276' title='bbox 334 3569 370 3633; x_wconf 91' lang='lat' dir='ltr'>et</span> <span class='ocrx_word' id='word_1_277' title='bbox 392 3563 527 3645; x_wconf 86' lang='lat' dir='ltr'>Filius,</span> <span class='ocrx_word' id='word_1_278' title='bbox 553 3584 621 3630; x_wconf 91' lang='lat' dir='ltr'>nou</span> <span class='ocrx_word' id='word_1_279' title='bbox 644 3569 759 3629; x_wconf 86' lang='lat' dir='ltr'>temen</span> <span class='ocrx_word' id='word_1_280' title='bbox 784 3561 916 3629; x_wconf 90' lang='lat' dir='ltr'>dicitur</span> <span class='ocrx_word' id='word_1_281' title='bbox 939 3565 1063 3644; x_wconf 89' lang='lat' dir='ltr'>natus;</span> <span class='ocrx_word' id='word_1_282' title='bbox 1089 3557 1142 3625; x_wconf 88' lang='lat' dir='ltr'>ite</span> <span class='ocrx_word' id='word_1_283' title='bbox 1163 3557 1249 3629; x_wconf 89' lang='lat' dir='ltr'>licet</span> <span class='ocrx_word' id='word_1_284' title='bbox 1288 3574 1292 3581; x_wconf 84' lang='lat'>·</span> 
     </span>
     <span class='ocr_line' id='line_1_34' title="bbox 66 3669 1250 3769; baseline -0.013 -17"><span class='ocrx_word' id='word_1_285' title='bbox 66 3677 229 3769; x_wconf 73' lang='lat' dir='ltr'>accipiat</span> <span class='ocrx_word' id='word_1_286' title='bbox 251 3673 398 3765; x_wconf 89' lang='lat' dir='ltr'>speciem</span> <span class='ocrx_word' id='word_1_287' title='bbox 422 3671 571 3742; x_wconf 90' lang='lat' dir='ltr'>similem</span> <span class='ocrx_word' id='word_1_288' title='bbox 593 3670 712 3740; x_wconf 89' lang='lat' dir='ltr'>Patris</span> <span class='ocrx_word' id='word_1_289' title='bbox 728 3671 827 3757; x_wconf 91' lang='lat' dir='ltr'>(licet</span> <span class='ocrx_word' id='word_1_290' title='bbox 850 3670 898 3738; x_wconf 92' lang='lat' dir='ltr'>sit</span> <span class='ocrx_word' id='word_1_291' title='bbox 921 3669 1026 3737; x_wconf 91' lang='lat' dir='ltr'>unius</span> <span class='ocrx_word' id='word_1_292' title='bbox 1048 3675 1197 3738; x_wconf 86' lang='lat' dir='ltr'>naturae</span> <span class='ocrx_word' id='word_1_293' title='bbox 1212 3674 1250 3738; x_wconf 89' lang='lat' dir='ltr'>et</span> 
     </span>
     <span class='ocr_line' id='line_1_35' title="bbox 67 3776 1249 3885; baseline -0.012 -26"><span class='ocrx_word' id='word_1_294' title='bbox 67 3785 302 3885; x_wconf 83' lang='lat' dir='ltr'>perfectionis</span> <span class='ocrx_word' id='word_1_295' title='bbox 325 3806 403 3854; x_wconf 91' lang='lat' dir='ltr'>cum</span> <span class='ocrx_word' id='word_1_296' title='bbox 425 3782 568 3867; x_wconf 90' lang='lat' dir='ltr'>Patre),</span> <span class='ocrx_word' id='word_1_297' title='bbox 594 3803 663 3848; x_wconf 91' lang='lat' dir='ltr'>non</span> <span class='ocrx_word' id='word_1_298' title='bbox 694 3780 827 3849; x_wconf 88' lang='lat' dir='ltr'>dicitur</span> <span class='ocrx_word' id='word_1_299' title='bbox 857 3778 997 3866; x_wconf 89' lang='lat' dir='ltr'>imago:</span> <span class='ocrx_word' id='word_1_300' title='bbox 1021 3777 1110 3867; x_wconf 91' lang='lat' dir='ltr'>&#39;quia</span> <span class='ocrx_word' id='word_1_301' title='bbox 1132 3776 1249 3846; x_wconf 84' lang='lat' dir='ltr'>Filius</span> 
     </span>
     <span class='ocr_line' id='line_1_36' title="bbox 67 3884 1247 3991; baseline -0.013 -23"><span class='ocrx_word' id='word_1_302' title='bbox 67 3892 235 3991; x_wconf 83' lang='lat' dir='ltr'>procedit</span> <span class='ocrx_word' id='word_1_303' title='bbox 257 3897 299 3961; x_wconf 88' lang='lat' dir='ltr'>ut</span> <span class='ocrx_word' id='word_1_304' title='bbox 320 3890 500 3973; x_wconf 83' lang='lat' dir='ltr'>Verbum,</span> <span class='ocrx_word' id='word_1_305' title='bbox 528 3888 569 3957; x_wconf 95' lang='lat' dir='ltr'>de</span> <span class='ocrx_word' id='word_1_306' title='bbox 593 3886 694 3956; x_wconf 91' lang='lat' dir='ltr'>cuius</span> <span class='ocrx_word' id='word_1_307' title='bbox 716 3886 853 3954; x_wconf 91' lang='lat' dir='ltr'>ratione</span> <span class='ocrx_word' id='word_1_308' title='bbox 876 3890 930 3953; x_wconf 91' lang='lat' dir='ltr'>est</span> <span class='ocrx_word' id='word_1_309' title='bbox 953 3884 1150 3954; x_wconf 91' lang='lat' dir='ltr'>similitudo</span> <span class='ocrx_word' id='word_1_310' title='bbox 1173 3906 1247 3973; x_wconf 89' lang='lat' dir='ltr'>spe·</span> 
     </span>
     <span class='ocr_line' id='line_1_37' title="bbox 69 3991 1246 4090; baseline -0.016 -13"><span class='ocrx_word' id='word_1_311' title='bbox 69 4004 141 4077; x_wconf 85' lang='lat' dir='ltr'>aiei</span> <span class='ocrx_word' id='word_1_312' title='bbox 163 4000 210 4070; x_wconf 85' lang='lat' dir='ltr'>ad</span> <span class='ocrx_word' id='word_1_313' title='bbox 234 3998 271 4068; x_wconf 92' lang='lat' dir='ltr'>id</span> <span class='ocrx_word' id='word_1_314' title='bbox 295 4019 316 4065; x_wconf 89' lang='lat' dir='ltr'>a</span> <span class='ocrx_word' id='word_1_315' title='bbox 339 4020 408 4090; x_wconf 91' lang='lat' dir='ltr'>quo</span> <span class='ocrx_word' id='word_1_316' title='bbox 430 3995 610 4087; x_wconf 89' lang='lat' dir='ltr'>procedit,</span> <span class='ocrx_word' id='word_1_317' title='bbox 636 4018 704 4062; x_wconf 90' lang='lat' dir='ltr'>non</span> <span class='ocrx_word' id='word_1_318' title='bbox 729 4000 844 4063; x_wconf 87' lang='lat' dir='ltr'>autem</span> <span class='ocrx_word' id='word_1_319' title='bbox 868 3995 909 4062; x_wconf 90' lang='lat' dir='ltr'>de</span> <span class='ocrx_word' id='word_1_320' title='bbox 932 3992 1068 4061; x_wconf 90' lang='lat' dir='ltr'>ratione</span> <span class='ocrx_word' id='word_1_321' title='bbox 1092 3991 1246 4075; x_wconf 71' lang='lat' dir='ltr'>amoris,</span> 
     </span>
    </p>
   </div>
   <div class='ocr_carea' id='block_1_2' title="bbox 70 4096 1250 4315">
    <p class='ocr_par' dir='ltr' id='par_1_10' title="bbox 70 4096 1250 4315">
     <span class='ocr_line' id='line_1_38' title="bbox 70 4096 1250 4207; baseline -0.015 -24"><span class='ocrx_word' id='word_1_322' title='bbox 70 4107 239 4207; x_wconf 86' lang='lat' dir='ltr'>quemvis</span> <span class='ocrx_word' id='word_1_323' title='bbox 261 4106 299 4176; x_wconf 92' lang='lat' dir='ltr'>id</span> <span class='ocrx_word' id='word_1_324' title='bbox 321 4104 507 4175; x_wconf 88' lang='lat' dir='ltr'>conveniat</span> <span class='ocrx_word' id='word_1_325' title='bbox 529 4102 639 4171; x_wconf 87' lang='lat' dir='ltr'>emori</span> <span class='ocrx_word' id='word_1_326' title='bbox 663 4102 724 4193; x_wconf 90' lang='lat' dir='ltr'>qui</span> <span class='ocrx_word' id='word_1_327' title='bbox 756 4106 810 4170; x_wconf 91' lang='lat' dir='ltr'>est</span> <span class='ocrx_word' id='word_1_328' title='bbox 832 4099 988 4190; x_wconf 86' lang='lat' dir='ltr'>Spiritus</span> <span class='ocrx_word' id='word_1_329' title='bbox 1015 4099 1178 4180; x_wconf 87' lang='lat' dir='ltr'>Sanetus,</span> <span class='ocrx_word' id='word_1_330' title='bbox 1212 4096 1250 4165; x_wconf 85' lang='lat' dir='ltr'>iu</span> 
     </span>
     <span class='ocr_line' id='line_1_39' title="bbox 72 4206 1248 4315; baseline -0.014 -25"><span class='ocrx_word' id='word_1_331' title='bbox 72 4224 247 4315; x_wconf 85' lang='lat' dir='ltr'>qnantum</span> <span class='ocrx_word' id='word_1_332' title='bbox 268 4222 322 4286; x_wconf 91' lang='lat' dir='ltr'>est</span> <span class='ocrx_word' id='word_1_333' title='bbox 344 4236 440 4284; x_wconf 91' lang='lat' dir='ltr'>amor</span> <span class='ocrx_word' id='word_1_334' title='bbox 457 4211 624 4279; x_wconf 70' lang='lat' dir='ltr'>divinoe»</span> <span class='ocrx_word' id='word_1_335' title='bbox 644 4211 680 4280; x_wconf 87' lang='lat' dir='ltr'>S.</span> <span class='ocrx_word' id='word_1_336' title='bbox 698 4208 765 4279; x_wconf 81' lang='lat' dir='ltr'>Th.</span> <span class='ocrx_word' id='word_1_337' title='bbox 783 4208 815 4277; x_wconf 90' lang='lat'>1.</span> <span class='ocrx_word' id='word_1_338' title='bbox 832 4234 865 4300; x_wconf 91' lang='lat' dir='ltr'>q.</span> <span class='ocrx_word' id='word_1_339' title='bbox 886 4207 941 4277; x_wconf 81' lang='lat'>35.</span> <span class='ocrx_word' id='word_1_340' title='bbox 957 4229 989 4277; x_wconf 88' lang='lat' dir='ltr'>a.</span> <span class='ocrx_word' id='word_1_341' title='bbox 1009 4208 1041 4277; x_wconf 80' lang='lat'>2.</span> <span class='ocrx_word' id='word_1_342' title='bbox 1057 4206 1248 4296; x_wconf 84' lang='lat' dir='ltr'>Propterea</span> 
     </span>
    </p>
   </div>
   <div class='ocr_carea' id='block_1_3' title="bbox 0 0 1601 4950">
    <p class='ocr_par' dir='ltr' id='par_1_11' title="bbox 0 0 1601 4950">
     <span class='ocr_line' id='line_1_40' title="bbox 0 0 1601 4950; baseline 0 0"><span class='ocrx_word' id='word_1_343' title='bbox 0 0 1601 4950; x_wconf 95' lang='lat' dir='ltr'> </span> 
     </span>
    </p>
   </div>
  </div>
 </body>
</html>
