3172 4950
693 327 731 380 .;.
752 333 813 395 563
833 364 872 380 .-

196 440 293 509 Filii
313 442 468 530 qratiam
492 454 524 507 et
547 439 703 531 Spiritus
726 439 1070 507 communicationem.
1096 436 1151 514 Ex
1174 436 1233 505 his
1256 435 1370 525 igitur

198 567 270 616 una
286 546 478 617 Trinitatis
499 549 693 618 efficientia
707 539 865 641 (inepyna)
883 545 1094 616 ostenditur.
1108 545 1187 616 Non
1210 544 1302 614 enim
1313 566 1370 615 ve-

197 652 255 722 lut
278 675 300 721 ε
322 654 476 746 singulis
498 655 656 746 personis
680 656 886 726 diversans
917 652 1035 723 divisa
1065 653 1194 723 donata
1222 652 1370 742 Aposto-

197 761 257 832 lus
295 763 499 853 significat,
531 764 592 832 sed
622 765 713 856 quod
748 765 839 833 dona
876 763 914 832 in
945 751 1121 831 Trinitate
1152 761 1302 845 dantur,
1336 765 1373 829 et

199 869 317 939 omnia
345 871 390 940 ab
419 892 488 939 nno
518 872 591 940 Deo
620 877 745 943 sunt...
775 871 936 940 Profecto
975 893 1054 939 oum
1091 869 1261 938 Dominus
1294 867 1369 937 ait:

198 980 369 1046 veniemus
391 1003 452 1068 epo
476 993 508 1046 et
532 979 663 1062 Pater,
688 979 792 1045 simui
807 979 902 1045 omit
917 979 1073 1068 Spiritus
1088 998 1156 1042 mom
1179 975 1252 1042 olio
1275 972 1371 1040 modo

198 1109 304 1177 qnam
326 1101 366 1152 ut
388 1087 506 1155 Filius
529 1089 567 1152 in
589 1087 688 1154 mobis
712 1087 933 1154 habitaturus
967 1078 1169 1178 (συνερχεται
1193 1105 1227 1148 τε
1257 1102 1374 1167 πνευμα

197 1188 252 1269 ὀνκ
279 1188 381 1264 ἄλλως
412 1189 433 1261 ἡ
459 1192 497 1266 ὡς
524 1192 539 1257 ὃ
562 1192 622 1267 titos
652 1189 682 1259 ἐν
706 1192 780 1280 ἧμιν
804 1188 990 1280 iaanenu)...
1024 1193 1111 1263 Cum
1141 1212 1225 1263 vero
1254 1189 1373 1259 Filius
1422 1198 1427 1207 '

198 1301 237 1368 in
261 1301 361 1369 nobis
383 1306 461 1387 θεῖ,
486 1303 591 1371 Pater
614 1324 748 1393 quoque
771 1301 877 1370 simul
891 1307 976 1393 uest,
1008 1300 1144 1370 dicente
1166 1298 1284 1367 Filio:
1309 1320 1374 1387 ego

199 1407 239 1476 in
250 1408 358 1477 Patre
373 1413 409 1477 et
423 1409 529 1478 Pater
546 1410 583 1478 in
598 1431 652 1477 me
666 1436 682 1472 n
696 1408 872 1477 Athenas.
883 1404 1061 1498 ad'Serap.
1076 1429 1130 1496 ep.
1148 1405 1178 1475 Ι.
1193 1428 1228 1473 n.
1242 1404 1298 1473 30.
1314 1402 1371 1471 31.

198 1514 318 1584 Habes
338 1513 397 1584 bio
424 1515 632 1606 descriptam
649 1520 686 1585 et
700 1536 925 1605 personarum
942 1513 1234 1581 inhabitationem
1250 1515 1287 1580 θῖ
1297 1533 1372 1600 per·

199 1644 363 1691 sonarum
387 1622 661 1692 inhabitantium
685 1623 835 1714 aliquem
860 1622 1014 1691 ordinem
1038 1620 1206 1712 (proxime
1229 1618 1321 1687 enim
1336 1617 1375 1686 in

199 1728 302 1797 nobis
313 1727 446 1801 dicitur
460 1752 534 1799 esse
549 1730 775 1822 participatio
791 1729 949 1821 Spiritus
964 1728 1116 1814 Sancti),
1136 1728 1177 1797 de
1190 1750 1257 1820 qno
1269 1724 1375 1816 paulo

199 1839 283 1926 post
300 1834 482 1921 dicemus,
508 1842 544 1905 et
566 1836 731 1905 distinete
764 1834 917 1925 gratiam
947 1857 988 1905 ao
1018 1835 1109 1903 dona
1136 1840 1178 1903 ut
1207 1822 1373 1903 effectum

200 1944 310 2012 unius
333 1945 522 2013 communis
545 1943 749 2013 efficientiae
772 1942 882 2013 trium
905 1964 1143 2033 personarum.

268 2051 397 2120 Adhuc
414 2051 546 2121 clarius
561 2052 805 2122 connexionem
823 2050 1057 2120 inhabitantis
1074 2048 1232 2141 Spiritus
1244 2054 1280 2119 et
1295 2069 1374 2138 gra·

198 2161 274 2229 tiae
297 2159 436 2229 infnsae
457 2159 626 2228 describit
648 2159 685 2228 S.
700 2157 870 2229 Basilius.
899 2187 916 2223 a
934 2156 1062 2228 Virtus
1089 2163 1126 2226 et
1147 2147 1276 2226 natura
1299 2155 1376 2246 Spi-

199 2267 320 2352 ritus,
346 2266 462 2358 qnalis
485 2267 556 2352 sit,
582 2267 803 2336 manifestior
825 2274 861 2336 et
884 2264 1061 2357 patentior
1084 2265 1157 2350 fiet,
1168 2265 1199 2333 si
1223 2263 1376 2333 conside-

199 2373 425 2458 noverimus,
451 2374 618 2465 quomodo
641 2372 820 2443 contineat
841 2379 878 2443 et
892 2395 957 2443 sna
974 2372 1156 2443 voluntate
1172 2376 1258 2462 agat
1279 2391 1376 2439 sanc·

199 2487 258 2550 tos
280 2485 448 2550 ettotam
471 2481 678 2551 rationalem
702 2488 878 2551 naturam.
900 2480 1040 2550 Etenim
1062 2478 1130 2549 toti
1154 2476 1377 2550 multitudini

201 2588 406 2660 coelestium
418 2588 602 2659 Virtutum
618 2595 654 2659 θῖ
666 2588 889 2659 multitudini
907 2590 1078 2659 iustorum
1096 2585 1191 2654 dedit
1207 2609 1241 2652 se
1252 2588 1375 2675 ipsum,

201 2704 239 2767 et
264 2697 375 2766 omnis
397 2697 602 2788 hypostasis
624 2696 797 2766 iustorum
820 2703 895 2766 turn
918 2718 1123 2785 magnorum
1153 2700 1230 2763 tum
1253 2713 1376 2784 parvo·

203 2829 284 2875 rum
307 2811 382 2874 tum
406 2805 609 2894 angelorum
632 2810 709 2874 tum
731 2805 1022 2894 archangelorum
1038 2802 1260 2872 sanctificata
1274 2805 1371 2868 est...

202 2914 254 2983 Et
276 2935 338 3003 per
364 2913 457 2982 hunc
485 2912 634 3004 quilibet
656 2919 855 2983 sanctorum
878 2912 963 2981 deus
979 2918 1044 2998 est,
1059 2911 1190 2980 dictum
1208 2915 1262 2978 est
1284 2908 1375 2978 enim

202 3021 250 3088 ad
273 3042 330 3088 eos
352 3040 374 3087 a
397 3019 481 3087 Deo:
499 3041 564 3108 ego
587 3019 674 3105 dixi,
690 3019 742 3088 dii
757 3020 888 3088 estis...
906 3019 1054 3097 Necesse
1077 3024 1133 3087 est
1154 3022 1271 3085 antem
1294 3038 1371 3085 enm

204 3127 268 3219 qni
289 3126 358 3194 diis
383 3133 566 3196 causaest
591 3134 633 3196 nt
667 3126 719 3196 dii
745 3128 836 3212 sint,
858 3125 1032 3218 Spiritum
1054 3148 1129 3195 esse
1153 3124 1313 3195 divinum
1340 3128 1379 3192 et

203 3256 248 3302 ex
269 3234 353 3303 Deo.
372 3232 423 3301 Ut
441 3233 535 3303 enim
564 3234 655 3324 qnod
678 3232 913 3305 cremantibus
937 3237 1121 3302 causaest
1143 3238 1185 3301 ut
1208 3230 1282 3300 sint
1308 3253 1379 3300 cre-

205 3341 352 3426 mantia,
369 3341 407 3409 id
429 3362 585 3411 cremans
608 3364 682 3411 esse
705 3363 842 3411 necesse
866 3346 932 3427 est,
950 3347 986 3410 et
1009 3340 1101 3433 qnod
1124 3339 1258 3410 sanctis
1274 3361 1381 3409 cansa

203 3453 321 3518 estut
343 3447 415 3515 sint
441 3447 578 3532 sancti,
604 3446 642 3516 id
668 3447 864 3516 necessario
896 3454 1057 3517 sanctum
1088 3451 1165 3534 est;
1187 3446 1240 3514 ita
1254 3451 1291 3515 et
1302 3469 1381 3515 enm
1461 3515 1465 3525 ,

205 3555 269 3648 qni
297 3554 366 3622 diis
389 3560 571 3640 causaest
594 3559 636 3622 nt
659 3552 710 3621 dii
734 3554 827 3640 sint,
851 3555 962 3624 Deum
986 3576 1060 3622 esse
1075 3575 1213 3622 necesse
1236 3557 1291 3621 θεῖ
1314 3553 1377 3640 (1).

206 3664 268 3735 Sic
291 3684 414 3753 nempe
442 3667 581 3733 tantum
610 3663 737 3731 bonum
767 3668 804 3732 et
825 3661 949 3730 divino
967 3663 1134 3751 possessio
1156 3673 1204 3726 est
1228 3661 1382 3749 Spiritus

209 3769 310 3862 (θειου
331 3794 480 3858 >impuros
501 3767 582 3844 ὄντος
601 3793 653 3836 του
678 3767 902 3858 πνευματος)...
935 3769 986 3839 Εῖ
1008 3790 1112 3861 quam
1145 3767 1255 3837 vitam
1286 3767 1380 3850 indit

206 3880 367 3972 Spiritus
379 3880 418 3948 in
430 3879 581 3949 alterius
593 3879 815 3971 hypostasin,
827 3900 867 3947 ea
879 3878 923 3945 ab
935 3862 1011 3968 ipsc
1023 3898 1092 3945 non
1105 3881 1303 3967 separatur.
1318 3860 1383 3945 Sed

206 3991 298 4055 sicut
314 3989 410 4077 iqmis
427 3987 521 4053 color
548 3986 641 4053 alites
665 4000 713 4054 est
736 3988 800 4077 qui
823 3987 894 4074 ipsi
917 3986 1019 4067 inest,
1038 3983 1130 4050 alius
1153 4006 1251 4074 quem
1270 4006 1382 4074 aquae

262 4173 305 4251 (1)
326 4175 429 4231 (tonsor
448 4191 520 4244 quae
538 4177 623 4244 paulo
648 4181 714 4231 ante
732 4177 886 4232 citavimus
908 4190 943 4229 ex
961 4175 990 4230 S.
1003 4175 1074 4230 ἨΜ
1092 4196 1105 4225 s
1120 4191 1234 4230 necesse
1250 4175 1384 4244 estquod

207 4269 289 4324 solus
302 4268 378 4320 Deus
391 4266 511 4342 deificet,
524 4267 754 4322 communicando
767 4267 941 4321 consortium
952 4265 1069 4321 divinae
1079 4270 1200 4322 noturus
1218 4281 1270 4334 per
1289 4280 1384 4333 quom·
1471 4305 1473 4309 -

206 4359 274 4411 dom
293 4355 498 4410 similitudinis
518 4359 788 4425 perticipationem,
809 4357 885 4410 sicut
914 4356 1092 4424 impossibile
1114 4361 1160 4411 θεῖ
1178 4356 1253 4425 qnod
1271 4355 1385 4424 aliquid

208 4448 307 4514 igniat
326 4448 384 4504 nisi
406 4448 485 4502 solus
505 4448 609 4515 ignis„
633 4450 659 4504 1.
673 4451 698 4504 2.
711 4466 739 4517 q.
752 4449 814 4502 112.
824 4463 850 4502 o.
866 4449 891 4502 1.
1256 4457 1261 4464 ·
1309 4460 1311 4465 ⁴

1233 4551 1248 4588 ε
