3172 4950
858 348 896 363 -
918 316 980 379 532
1000 349 1039 364 -

367 423 482 493 omnia
510 422 617 490 habet
647 420 880 512 sempiterne,
910 429 1031 514 utpote
1054 424 1121 493 Dei
1146 422 1308 514 Spiritus
1341 426 1377 490 et
1400 444 1439 487 ee
1462 420 1512 487 lieo

367 530 534 619 effolpens
561 525 733 620 (πεφηνος),
759 528 971 621 principium
998 530 1114 621 ipsum
1135 531 1268 599 hebens
1294 530 1388 599 siout
1412 528 1513 597 ionhn

368 638 423 707 sui
440 646 476 707 et
491 638 534 704 ab
548 662 582 704 eo
595 642 784 707 scaturiens
799 633 1006 729 (saputem...
1019 662 1061 704 eu
1073 640 1143 705 Deo
1158 640 1351 705 scaturiens
1365 629 1513 724 (surdo),

370 747 407 813 in
430 768 465 813 se
490 745 685 813 subsistens
708 751 763 814 est
791 773 807 807 n
834 745 871 813 S.
902 745 1013 814 Basil.
1044 750 1136 813 cont.
1153 744 1304 813 Ennom.
1330 743 1356 811 l.
1382 743 1426 813 V.
1446 739 1514 808 ul.

368 880 400 944 p.
420 852 499 919 322.
525 851 695 940 Exempla
718 852 823 942 plura
845 852 922 942 lege
938 851 1032 943 apud
1047 852 1169 921 Petar.
1187 850 1272 921 VII.
1291 873 1323 920 c.
1338 850 1394 919 18.
1407 872 1442 917 n.
1453 849 1480 915 7.
1490 847 1515 913 8.

370 958 457 1026 Tum
484 959 516 1042 h)
540 982 608 1026 non
631 959 743 1026 solum
766 958 889 1027 dicunt
904 959 972 1026 PP.
993 957 1164 1048 Spiritum
1181 955 1350 1026 Sanctum
1371 954 1519 1043 effulpere,

368 1090 535 1156 apparere
557 1072 624 1136 eto.
653 1089 696 1135 ex
718 1066 812 1134 Filio
837 1087 898 1135 seu
920 1088 982 1155 per
1004 1065 1150 1151 Filium,
1176 1065 1238 1134 sad
1260 1065 1298 1134 iu
1323 1063 1523 1132 contextibns

367 1173 427 1242 ubi
450 1173 629 1242 evidenter
644 1179 758 1262 agunt
780 1173 822 1240 de
845 1170 1077 1241 relationibus
1099 1172 1316 1257 intrinsecis,
1342 1170 1463 1239 dieunt
1480 1168 1523 1255 ef·

362 1282 519 1370 sulpere,
544 1303 711 1370 apparere
733 1286 800 1348 cto.
819 1304 860 1346 eoo
885 1281 992 1348 Patre
1015 1294 1048 1346 et
1071 1281 1167 1348 Filio
1190 1278 1249 1350 vel
1272 1279 1452 1359 ambobus,
1476 1276 1525 1342 ubi

368 1409 449 1456 sene
473 1387 566 1455 sient
589 1387 737 1472 effulsio,
757 1390 981 1476 promonoeio
1004 1392 1073 1455 eto.
1094 1407 1136 1455 ex
1152 1387 1258 1454 Patre
1281 1407 1353 1453 nou
1376 1390 1432 1454 cst
1446 1381 1529 1451 aliud

367 1517 470 1586 qnam
492 1501 634 1562 aeterna
652 1497 821 1582 processio
846 1493 1003 1585 Spiritus
1026 1493 1160 1578 Sancti,
1186 1492 1240 1562 ita
1261 1492 1373 1562 etiam
1396 1492 1439 1561 de
1452 1489 1530 1561 uuo

368 1625 436 1669 non
459 1601 565 1669 aliter
588 1601 743 1690 intelligi
767 1606 892 1691 potest.
914 1601 972 1670 Sic
995 1625 1025 1671 e.
1045 1627 1081 1691 g.
1099 1600 1260 1690 Cyrillus
1283 1600 1413 1690 probat
1437 1597 1532 1689 spiri-

368 1716 443 1778 tum
468 1709 634 1777 Sanctum
658 1730 732 1776 esse
754 1708 895 1777 divinae
918 1709 1101 1793 esseutiae,
1122 1708 1206 1799 quia
1224 1705 1416 1797 «procedit
1435 1726 1533 1797 specto

371 1839 412 1882 ee
436 1816 543 1883 Patre
566 1830 597 1883 et
620 1815 716 1883 Filio
753 1842 769 1876 n
796 1820 918 1904 (supra
940 1839 974 1904 p.
990 1815 1099 1901 480);
1123 1813 1349 1882 Athanasius
1376 1811 1534 1904 Spiritum

371 1921 537 1990 Sanctum
561 1922 648 1990 dicit
671 1921 777 1990 unius
798 1921 887 1989 Filii
911 1943 1014 1989 unam
1044 1921 1322 1990 sanctificantem
1354 1926 1392 1990 et
1420 1918 1534 1988 illuni·

369 2034 510 2096 nantem
534 2030 726 2123 virtutem,
759 2051 881 2121 oquae
897 2052 940 2097 ex
958 2030 1063 2097 Patre
1086 2029 1270 2118 procedere
1298 2017 1532 2118 (ieuopsvsohu)

371 2135 525 2223 docetur,
552 2140 638 2229 quio
661 2162 682 2204 a
708 2137 826 2217 Verbo,
852 2134 942 2227 quod
957 2159 999 2201 ec
1023 2137 1131 2204 Patre
1153 2158 1221 2202 esse
1244 2138 1284 2200 in
1307 2135 1462 2222 confesso
1482 2146 1534 2211 eet,

372 2246 477 2311 elucet
503 2239 717 2330 (inlapsum
752 2251 881 2335 (supra
903 2269 937 2335 p.
955 2244 1053 2329 498.)
1077 2250 1144 2313 eto.
1171 2245 1203 2327 o)
1234 2242 1275 2311 Si
1298 2242 1399 2312 hisce
1432 2240 1536 2312 verbis

367 2355 656 2444 promoaotionis,
682 2352 875 2440 effulee'onie
897 2360 963 2421 etc.
981 2350 1191 2441 exprimitur
1206 2350 1335 2419 relatio
1359 2349 1538 2419 inuium

370 2470 536 2553 personae
567 2460 722 2549 Spiritus
753 2460 898 2545 Sancti,
923 2461 1117 2529 necessario
1150 2459 1242 2528 idem
1272 2457 1478 2547 significant
1504 2477 1538 2523 ao

367 2569 550 2657 processio.
575 2566 688 2658 Atqui
718 2567 786 2634 PP.
816 2567 886 2656 ipsi
909 2564 1189 2657 frequentissime
1212 2570 1249 2633 et
1271 2562 1539 2633 luculentissime

372 2674 563 2758 declarant,
589 2697 625 2743 se
649 2674 849 2762 intelligere
868 2677 1165 2761 promonotionem
1187 2672 1442 2757 intrinsecam,
1466 2669 1538 2738 dun

372 2783 474 2849 aiunt
497 2780 667 2869 Spiritum
691 2803 733 2848 ex
753 2780 849 2847 uilio
873 2787 909 2847 et
924 2800 985 2869 per
1001 2779 1135 2846 Filium
1157 2778 1343 2868 effulgere,
1371 2798 1540 2869 promana-

374 2913 435 2973 re,
474 2888 614 2979 prodire
638 2881 797 2967 ὁυσιωδως,
826 2908 906 2951 κατα
929 2908 1034 2978 quoru,
1064 2892 1132 2955 eto.
1164 2885 1207 2954 de
1223 2885 1369 2976 quibus
1400 2884 1540 2954 diximus

372 3022 406 3087 p.
426 2997 505 3065 460.
532 2996 604 3063 Imo
628 2996 739 3084 ipsam
763 3018 834 3063 rem
851 2994 957 3063 huius
974 2995 1185 3063 intrinsecae
1201 2992 1477 3083 promanationis
1491 2991 1538 3059 de

372 3103 519 3186 finiunt,
547 3103 637 3194 quod
664 3101 892 3170 «essentialis
927 3100 1065 3169 bonitas
1095 3107 1132 3169 et
1162 3099 1354 3169 secundum
1389 3106 1536 3168 natnmm

373 3212 545 3277 sanctitas
568 3216 604 3277 et
626 3209 757 3296 regalis
781 3209 938 3297 dignitas
970 3231 1012 3276 ex
1035 3209 1143 3277 Petne
1165 3231 1227 3299 per
1257 3208 1481 3297 unigenitum
1506 3205 1535 3271 in

374 3316 546 3406 Spiritum
580 3323 762 3405 promanat
787 3344 803 3378 n
832 3309 951 3407 (otono)
971 3315 1083 3383 Basil.
1110 3336 1216 3405 supra
1238 3339 1274 3405 p.
1295 3316 1378 3383 448.

440 3424 496 3491 Ad
520 3425 586 3491 4'”¹'.
612 3422 827 3492 Absurditas
863 3424 988 3492 harum
1013 3424 1163 3492 omnium
1187 3423 1426 3492 detorsionum
1447 3419 1534 3489 intel·

373 3530 504 3619 ligitur
525 3552 568 3598 ex
591 3530 696 3597 dietis
720 3529 758 3596 iu
780 3528 873 3596 thesi
896 3529 1065 3599 XXXVI.

440 3635 497 3704 Ad
521 3637 574 3702 5⁰⁸¹·
597 3635 852 3725 responsionem
869 3637 986 3703 habes.
1001 3660 1037 3725 p.
1051 3635 1129 3702 440.
1145 3657 1220 3726 sqq.
1234 3636 1330 3725 Lege
1346 3636 1453 3704 etiam
1465 3635 1533 3702 Bes·

375 3744 546 3812 cerionem
569 3742 595 3810 l.
614 3743 656 3810 ds
673 3742 799 3832 Spirit.
825 3742 946 3812 Sanct.
964 3768 998 3832 p.
1013 3743 1092 3827 241,
1107 3743 1167 3811 ubi
1187 3742 1408 3812 demonstrat
1432 3739 1533 3811 Photii

374 3856 600 3919 commentum
618 3872 685 3917 nou
701 3849 812 3918 solum
836 3872 911 3919 esse
935 3851 1151 3919 eontrarium
1166 3849 1355 3919 manifesto
1372 3846 1532 3920 eonuxui

374 3956 542 4024 orationis
576 3955 710 4025 Christi
737 3957 878 4024 Domini
909 3964 945 4026 et
975 3958 1260 4047 interpretationi
1294 3958 1462 4043 Patrnm,
1484 3953 1531 4024 scd

373 4063 479 4130 etiam
502 4063 619 4132 verbis
643 4064 730 4153 ipsis
756 4093 773 4127 u
796 4065 837 4133 de
862 4087 935 4132 meo
962 4065 1142 4156 accipiet»
1172 4064 1205 4129 ἐν.
1233 4085 1287 4128 του
1317 4059 1391 4151 ipro
1422 4061 1531 4150 lepus

374 4171 486 4239 solum
511 4171 737 4260 grammatice
761 4173 942 4261 spectatis.

441 4279 499 4348 Ad
526 4280 590 4348 6¹¹².
607 4279 649 4346 In
673 4301 711 4347 eo
736 4280 827 4371 quod
853 4280 985 4351 dicitur
1006 4280 1047 4350 de
1068 4280 1239 4350 communi
1266 4285 1304 4350 et
1325 4280 1476 4372 proprio,
1488 4299 1529 4344 as·

375 4386 528 4454 sumitur
550 4393 727 4478 tamquam
759 4409 958 4457 eoncessum
988 4396 1024 4457 et
1051 4388 1150 4458 velut
1174 4387 1389 4480 principium
1412 4387 1530 4456 demon·
