3172 4950
662 344 700 358 -
724 310 785 373 335
805 343 843 358 ..

188 417 397 491 arsenarum
419 416 457 485 in
480 439 551 487 una
574 417 835 508 simplicissima
858 420 894 485 et
916 420 985 485 hou
1012 413 1277 505 multiplicabili
1292 437 1343 484 es·

188 527 283 597 cutia
304 527 546 596 subvertatur.
565 528 700 616 Dogma
722 526 813 594 enim
837 524 874 592 in
898 525 963 592 hoc
994 523 1070 614 ipso
1101 523 1252 613 positum
1275 529 1341 607 est,

188 634 260 728 ‚uod
281 634 379 701 Daus
402 633 589 701 secundum
613 632 784 701 rationem
807 634 895 699 Esse
921 631 1074 699 absoluti
1089 637 1127 699 et
1142 630 1252 698 omnis
1268 653 1344 720 per·

188 743 334 813 bctioms
355 742 547 827 absolutae,
567 763 669 832 quam
687 764 750 809 nos
772 741 898 809 mentis
922 738 1197 808 consideratione
1218 738 1344 806 distin·

188 871 277 939 gnere
299 871 495 939 possumus,
520 855 574 917 est
597 871 703 915 unum
728 847 1025 936 simplicissimum
1041 847 1128 914 Esse
1150 845 1341 932 inlinitum,

188 957 358 1027 scandum
381 957 551 1026 rationem
576 979 658 1026 vero
682 955 911 1024 relativorum
934 955 979 1023 ad
1001 953 1150 1022 invicem
1170 976 1232 1044 per
1254 954 1343 1022 rela-

188 1064 283 1135 icues
306 1062 457 1154 originis
479 1086 541 1132 seu
563 1062 793 1153 processionis
817 1062 922 1130 unius
946 1063 989 1129 ab
1007 1061 1118 1129 altero
1145 1060 1236 1129 idem
1252 1060 1342 1129 illud

188 1194 276 1241 unum
298 1172 389 1239 Eme
410 1175 465 1239 est
486 1172 604 1254 Pater,
630 1168 756 1255 Filius,
784 1169 942 1259 Spiritus
966 1170 1140 1253 Sanctus,
1168 1169 1228 1260 qui
1250 1168 1344 1237 inter

188 1302 212 1351 u
224 1286 305 1351 sunt
320 1280 465 1349 realiter
481 1279 654 1348 distincti.
672 1279 766 1347 Hinc
782 1278 951 1347 haeretici
966 1283 1039 1345 tam
1050 1277 1119 1362 illi,
1136 1276 1247 1368 quiin
1267 1277 1342 1344 uni·

188 1394 244 1459 ute
256 1389 430 1459 essentiae
446 1409 551 1455 uuam
566 1388 806 1457 tantummodo
822 1385 1055 1455 admittebant
1067 1406 1246 1475 personam
1263 1406 1344 1453 vere

188 1494 323 1567 livinum
348 1501 405 1583 (ut
417 1496 572 1580 Ariani),
599 1517 701 1586 quam
724 1494 908 1563 tritheitae
926 1495 986 1585 qui
1004 1494 1040 1561 in
1055 1492 1170 1562 tribus
1186 1490 1343 1581 persopis

188 1626 243 1673 uss
263 1604 478 1673 inducebant
500 1603 670 1671 essentias
687 1603 827 1671 divinas
843 1607 898 1689 (ut
913 1600 1116 1669 nominatim
1132 1601 1251 1667 Abbas
1267 1600 1342 1667 Ioa-

188 1710 287 1797 ahim),
312 1709 358 1778 ad
383 1709 576 1779 doctrinam
603 1708 812 1779 catholicam
832 1709 1103 1799 impugnandam
1120 1709 1344 1776 assumebant

188 1818 388 1909 negationem
412 1817 570 1885 diversae
594 1817 744 1884 rationis
766 1825 802 1884 et
825 1816 1086 1885 affirmationem
1108 1821 1343 1906 exaggeratas
1419 1810 1423 1817 ’

188 1924 370 1995 identitatis
393 1925 485 1993 inter
508 1924 692 1994 essentiam
724 1926 918 1994 absolutam
941 1931 977 1993 et
999 1924 1231 2015 proprietates
1254 1923 1343 1994 rela-

188 2032 283 2119 b'vas3
309 2039 416 2124 atque
438 2032 515 2101 ideo
540 2031 604 2099 SS.
618 2032 741 2100 Patres
752 2032 913 2100 vicissim
930 2053 997 2100 non
1016 2031 1193 2099 minimam
1209 2036 1343 2121 partem

188 2138 381 2211 mansionis
406 2139 598 2208 catholicae
622 2139 840 2209 collocabant
856 2141 895 2207 in
910 2138 1179 2208 demonstranda
1202 2139 1343 2208 diversa

188 2248 306 2318 ratione
328 2248 469 2317 formali
496 2233 668 2317 essentias
699 2249 879 2317 absolutae
903 2255 939 2316 et
961 2268 1127 2336 personae
1150 2248 1342 2337 propriata·

188 2354 284 2449 b'squa
299 2357 483 2440 relativae,
503 2364 543 2424 ut
559 2357 660 2424 iuxta
676 2357 924 2426 revelationem
943 2356 1208 2425 disertissimam
1224 2355 1343 2425 unitas

188 2464 324 2532 ctrealis
338 2463 567 2533 communitas
585 2466 772 2533 secundum
785 2465 963 2534 formalem
976 2465 1144 2533 rationem
1158 2465 1340 2548 essentiae,

188 2571 278 2649 usulis
300 2572 483 2641 distinctio
507 2578 542 2640 et
565 2571 938 2641 incommunicabilitas
958 2572 1146 2640 secundum
1164 2571 1343 2639 formalem

188 2677 341 2749 rationem
363 2679 593 2747 relativorum
618 2704 679 2748 seu
702 2701 928 2768 personarum
952 2685 1049 2747 sarta
1072 2684 1163 2746 esset
1178 2700 1218 2747 ac
1234 2684 1340 2747 tecta.

190 2782 331 2857 Prolixae
353 2788 609 2877 disputationes
631 2787 673 2856 de
697 2787 921 2856 distinctione
938 2786 1141 2855 secundum
1172 2785 1343 2875 duplicem

192 2894 340 2964 ntionam
365 2897 595 2964 assentisset
618 2895 870 2985 proprietatum
892 2894 1122 2963 relativarum
1146 2900 1229 2962 sunt
1251 2895 1343 2983 apud

196 2994 397 3071 &basilium
419 3009 455 3072 et
478 3003 687 3095 (tragurium
703 3003 904 3092 Nyssenum
929 3003 1077 3070 fratrem
1094 3002 1130 3068 in
1146 3000 1249 3068 libris
1265 3022 1343 3067 con·

197 3110 239 3175 bu
255 3110 586 3199 Ennomium,·apud
610 3112 757 3201 Gregor.
777 3111 946 3179 Nazianz.
967 3132 1016 3175 or.
1036 3108 1090 3176 29.
1110 3108 1157 3175 al.
1176 3107 1232 3192 35,
1251 3108 1344 3197 apud

197 3208 407 3307 Epiphaniam
431 3217 564 3285 haeres.
584 3217 639 3301 76,
665 3216 838 3305 Gyrillum
856 3216 891 3284 in
908 3216 1085 3299 thesauro,
1103 3215 1344 3306 Augustinum

202 3325 376 3407 masmim
397 3323 422 3391 l.
440 3325 484 3393 V.
501 3325 542 3393 de
557 3324 655 3392 Trin.
667 3323 835 3415 aliosque,
851 3323 911 3391 ubi
931 3322 1141 3412 respondent
1156 3328 1344 3412 perpetuae

201 3424 383 3511 brimorm
408 3431 639 3515 cavillationi,
659 3453 762 3522 quam
780 3461 795 3496 a
811 3431 1064 3500 haereticorum
1080 3452 1194 3499 arcem
1212 3453 1252 3499 ac
1271 3454 1344 3499 mu·

202 3550 281 3605 runa
304 3539 461 3631 appellat
476 3539 622 3628 Gregor.
641 3540 809 3608 Nazianz.
827 3544 892 3625 (or.
908 3540 963 3606 31.
980 3563 1015 3606 n.
1030 3539 1100 3625 23),
1119 3538 1344 3626 Augustinus

202 3638 286 3723 (irin.
300 3648 345 3717 V.
361 3671 392 3718 c.
407 3647 442 3733 3)
463 3646 758 3715 «callidissimum
783 3646 1099 3715 machinamentum
1114 3673 1145 3727 n,
1164 3645 1254 3735 quod
1279 3644 1344 3711 sci·

199 3740 260 3821 bu
278 3757 471 3843 inpartitum
493 3760 528 3820 et
550 3757 703 3843 penitam
727 3753 868 3821 diversa
890 3762 974 3822 sunt
990 3760 1095 3845 atque
1113 3752 1188 3821 ideo
1204 3752 1345 3820 diversa

197 3855 231 3927 sit
247 3860 360 3932 Patris
392 3884 437 3931 ac
459 3861 546 3930 Filii
569 3861 732 3929 essentia.
753 3860 812 3929 Sic
845 3862 889 3929 ad
926 3861 1151 3929 abiectionem
1174 3860 1344 3927 Arianam

194 3986 252 4039 tun
272 3970 355 4039 aliis
379 3969 573 4058 Gregorius
587 3970 675 4038 Nan.
695 3970 880 4059 respondet
904 3992 955 4037 or.
975 3970 1030 4037 29.
1052 3993 1086 4037 n.
1104 3969 1167 4035 16:
1187 3992 1277 4037 nnec
1294 3991 1344 4037 as·

189 4075 302 4147 untias
325 4098 450 4144 nomen
480 4080 534 4144 est
554 4076 679 4160 Pater,
707 4098 725 4142 o
749 4074 821 4142 viri
844 4074 1061 4160 acutissimi,
1087 4098 1151 4145 nec
1181 4075 1342 4159 actionis,
1438 4074 1444 4083 '

188 4182 235 4253 ud
252 4182 458 4253 relationem
481 4204 556 4259 eam
586 4182 737 4267 indicat,
765 4204 866 4275 quam
889 4184 994 4253 habet
1015 4185 1122 4252 Pater
1145 4183 1190 4252 ad
1212 4183 1345 4251 Filium

188 4290 232 4361 rel
250 4290 370 4361 Filius
391 4290 438 4358 ad
459 4291 610 4360 Patrem.
629 4291 679 4359 Ut
701 4290 791 4359 enim
808 4292 902 4381 apud
917 4313 979 4359 nos
995 4292 1046 4378 (in
1067 4291 1243 4375 humanis)
1260 4289 1345 4358 haec

188 4398 311 4469 uomina
325 4420 527 4489 germanam
543 4398 833 4467 necessitudinem
852 4393 1025 4485 (royvnmou
1036 4422 1087 4461 και
1102 4393 1215 4481 terreor)
1236 4395 1345 4485 sigui-
