3172 4950
685 383 724 400 ..
743 351 803 414 523
824 385 862 399 ..

198 457 355 529 ciliorum
364 461 401 526 et
411 457 559 527 Petrum
570 458 753 546 procedere
764 482 806 527 ex
819 460 935 547 Patre;
950 459 1078 530 atinde
1091 462 1180 554 quod
1188 464 1293 534 Pater
1304 472 1360 537 est

196 566 407 657 principium
431 565 587 655 Spiritus
604 565 738 651 Sancti,
752 590 822 635 non
844 567 956 657 magis
973 568 1206 661 consequitur,
1229 572 1361 642 Filium

195 696 262 743 non
284 695 360 742 esse
383 668 490 741 unum
506 696 584 741 cum
595 675 702 742 Patre
713 672 925 763 principium
941 674 1098 765 Spiritus
1111 675 1244 765 Sancti,
1257 704 1360 772 quem

195 803 236 850 ex
252 803 293 850 eo
310 780 401 872 quod
411 779 552 849 Patrem
568 780 741 850 credimus
752 781 874 866 Deum,
886 781 1058 852 credimus
1070 791 1258 854 creatorem
1274 788 1362 858 coeli

194 894 229 957 et
249 894 379 972 terrae,
401 887 573 956 credimus
595 887 733 966 mittere
756 887 928 978 Spiritum
946 889 1112 959 Sanctum
1134 897 1216 978 etc,
1245 916 1361 964 conse·

196 1019 305 1088 quens
321 996 381 1081 sit,
391 996 524 1065 Filium
539 1019 608 1064 non
624 1018 698 1066 esse
714 1019 820 1067 unum
843 1020 921 1066 oum
936 998 1040 1067 Patre
1055 999 1165 1068 Deum
1181 1005 1217 1069 et
1231 1007 1362 1070 creato·

194 1127 266 1173 rem
284 1105 442 1173 universi
453 1111 490 1174 et
500 1104 710 1195 principium
722 1103 898 1173 missionis
911 1104 1067 1194 Spiritus
1079 1106 1212 1193 Sancti,
1224 1114 1265 1176 ut
1278 1130 1363 1179 sene

194 1209 411 1280 schismatici
434 1211 504 1302 ipsi
527 1211 602 1280 sine
625 1210 761 1279 haeresi
775 1210 912 1279 Ariana
928 1233 1055 1300 negare
1072 1234 1140 1281 uon
1155 1222 1311 1303 possunt.

263 1317 389 1387 Totam
411 1319 483 1388 vim
507 1318 813 1388 demonstrationis
828 1317 1039 1386 Graecorum
1062 1317 1101 1387 in
1116 1318 1271 1389 Concilio
1282 1319 1362 1390 Flo·

194 1426 358 1512 rentino,
384 1423 445 1496 ubi
467 1433 547 1495 ante
570 1427 729 1495 unionem
745 1425 904 1495 omnibus
927 1426 1084 1496 collectis
1106 1427 1244 1497 viribus
1259 1452 1362 1499 suum

194 1535 290 1605 illud
318 1534 442 1623 dogma
467 1535 614 1624 probare
641 1534 878 1620 conabantur,
914 1534 959 1602 ad
986 1533 1050 1603 hoc
1084 1535 1223 1604 tandem
1254 1559 1360 1606 unum

194 1648 441 1732 argumentum
463 1648 663 1711 revocatum
685 1664 759 1711 esse
789 1664 852 1711 nec
882 1640 980 1710 aliud
1010 1641 1122 1711 ullum
1153 1644 1359 1735 suppetere,

192 1753 349 1820 testatur
378 1748 576 1817 Bessarion.
617 1748 922 1818 eObtendebamus
945 1749 1058 1839 igitur
1088 1757 1357 1840 argumentum,

193 1855 325 1948 inquit,
341 1854 547 1946 incipientes
563 1856 606 1923 ab
617 1856 705 1946 ipsis
720 1854 901 1946 Apostolis
915 1861 951 1924 et
974 1858 1130 1927 omuibus
1145 1857 1255 1928 sacris
1267 1858 1353 1927 Con·
1439 1882 1441 1888 ·

195 1962 314 2046 ciliis,
335 1961 523 2053 horumque
545 1968 582 2031 et
596 1962 746 2030 omnium
773 1961 997 2038 orientalium
1019 1963 1226 2034 Sanctorum
1252 1963 1361 2033 dictis

195 2070 254 2139 usi
277 2090 423 2155 sumus,
449 2068 574 2160 quibus
597 2068 804 2154 ostenditur,
821 2092 889 2138 non
911 2071 1049 2161 quidem
1071 2068 1244 2161 Spiritum
1266 2070 1359 2139 eFi·

194 2178 247 2247 lio
271 2200 340 2246 non
363 2177 557 2268 procedere,
583 2176 781 2247 huiusmodi
810 2176 901 2245 enim
932 2177 1063 2246 dictum
1092 2177 1230 2247 nullum
1259 2176 1362 2245 habe·
1480 2269 1483 2275 ¹

198 2307 302 2370 mus,
327 2289 371 2353 ut
392 2284 464 2373 ipse
487 2283 604 2368 nosti,
629 2282 700 2352 nisi
721 2283 862 2351 unicum
884 2281 975 2351 iilud
997 2283 1202 2353 Damasceni
1218 2283 1279 2351 ubi
1295 2281 1362 2351 aitt'

199 2391 373 2483 Spiritum
395 2390 481 2459 Filii
504 2391 679 2477 dicimus,
704 2412 747 2460 ex
768 2389 862 2458 Filio
884 2395 1000 2458 autem
1022 2412 1091 2458 non
1107 2390 1266 2477 dicimus3
1280 2388 1363 2457 aliis

197 2521 282 2571 vero
306 2499 463 2567 omnibus
486 2497 591 2566 dictis
613 2496 678 2566 hoc
693 2502 831 2566 tentum
847 2496 1054 2581 ostenditur,
1069 2495 1241 2587 Spiritum
1256 2495 1362 2565 Sano-

194 2612 271 2675 tum
287 2628 331 2674 ex
346 2606 452 2675 Patre
473 2604 667 2694 procedere,
682 2627 751 2673 non
773 2609 888 2673 autem
911 2628 953 2673 ex
975 2602 1068 2672 Filio
1082 2626 1150 2671 non
1166 2602 1359 2694 procedere.

195 2711 264 2780 His
283 2712 407 2802 itaque
428 2709 577 2801 prolatis
607 2711 815 2800 putabamus
841 2710 1115 2795 demonstrasse,
1141 2708 1270 2778 falsum
1286 2729 1363 2777 essa

194 2841 238 2888 ex
260 2817 358 2888 Filio
381 2817 553 2907 Spiritum
576 2815 743 2887 Sanctum
766 2818 960 2908 procedere.
979 2815 1100 2886 Latini
1122 2837 1204 2886 vero
1220 2814 1362 2884 adhaec

196 2925 313 2996 omnia
335 2947 442 2994 unum
465 2929 501 2993 et
524 2947 699 2993 commune
721 2925 892 2994 dederunt
906 2946 1127 3015 responsum:
1152 2923 1267 2992 omnio
1289 2943 1362 2991 esse

196 3053 293 3118 vera,
320 3054 422 3123 seque
438 3030 528 3100 idem
546 3031 687 3100 sentire.
706 3031 862 3123 Namque
878 3032 1026 3100 credunt
1040 3031 1145 3099 etiam
1161 3029 1242 3121 ipsi,
1257 3029 1362 3099 Sauc-

195 3146 272 3210 tum
296 3139 467 3229 Spiritum
500 3161 541 3206 ex
569 3140 673 3207 Patre
696 3138 901 3229 procedere;
927 3139 991 3207 hoc
1013 3137 1188 3208 enimvero
1217 3137 1364 3204 nonest

197 3244 414 3318 contrarium
437 3268 554 3314 eorum
577 3245 745 3335 dogmati.
774 3246 848 3314 Hoc
871 3244 962 3313 enim
994 3245 1085 3338 quod
1108 3251 1163 3314 est
1192 3266 1234 3312 ex
1257 3243 1364 3313 Patre

196 3355 401 3446 procedere,
425 3375 536 3444 neque
551 3352 858 3422 contradictorium
874 3374 984 3443 neque
1001 3351 1214 3422 contrarium
1236 3356 1291 3420 est
1316 3348 1361 3434 ei,

196 3458 289 3553 quod
311 3464 366 3527 est
387 3459 569 3549 procedere
600 3481 642 3526 ex
672 3457 778 3527 Filio.
806 3458 845 3527 Si
876 3458 968 3526 enim
998 3457 1122 3526 horum
1151 3457 1364 3526 alterutrum

195 3572 311 3651 esset,
336 3571 421 3635 tuuc
444 3588 512 3633 uno
534 3565 703 3633 affirmato
726 3565 876 3648 alterum
899 3563 979 3634 tolli
995 3586 1133 3634 necesse
1155 3569 1257 3650 esset3
1271 3583 1364 3631 nuno

195 3695 281 3743 vero
303 3671 395 3740 nihil
419 3672 559 3756 obstat,
586 3671 768 3763 quominus
792 3678 829 3740 et
850 3671 1033 3761 procedere
1056 3693 1099 3738 ex
1113 3669 1220 3738 Patre
1241 3689 1364 3738 verum

195 3779 264 3864 sit,
291 3783 328 3846 et
348 3800 471 3845 verum
493 3777 677 3867 procedere
692 3799 736 3844 ex
751 3776 857 3844 Filio.
872 3775 994 3844 Veluti
1017 3776 1048 3844 si
1071 3775 1238 3858 dicamus,
1253 3771 1365 3863 Spiri-

195 3891 273 3954 tum
296 3882 461 3953 Sanctum
484 3884 579 3952 mitti
595 3906 616 3951 a
631 3885 749 3968 Patre,
767 3883 860 3952 alius
875 3904 958 3953 vero
975 3880 1146 3974 quispiam
1161 3880 1268 3965 dicat,
1286 3878 1366 3969 Spi-

194 3990 307 4060 ritum
329 3989 425 4058 mitti
447 4011 469 4056 a
490 3990 596 4058 Patre
620 3996 656 4058 et
677 3989 793 4075 Filio,
819 3997 856 4059 et
877 3995 1068 4079 utrumque
1084 4009 1205 4056 verum
1221 3990 1287 4071 est,
1301 4008 1364 4056 neo
1479 3984 1481 3988 ’

194 4120 304 4168 uuum
327 4097 436 4166 alteri·
456 4103 643 4187 repugnat.
662 4096 702 4166 Si
724 4096 837 4186 igitur
861 4096 983 4166 Sancti
1007 4095 1173 4180 dicerent,
1184 4093 1364 4185 ¹Spiritum

194 4228 238 4274 ex
261 4204 368 4273 Patre
391 4203 464 4273 solo
486 4203 670 4294 procedere
694 4202 750 4273 vel
773 4226 815 4272 ex
837 4204 931 4273 Filio
954 4225 1021 4272 non
1037 4202 1231 4293 procedere,
1248 4204 1366 4291 posset

194 4334 271 4381 esse
293 4309 413 4402 aliqua
435 4309 528 4378 ratio
552 4309 713 4394 dicendi,
738 4332 800 4378 nos
824 4310 1050 4398 (Catholicos)
1074 4308 1203 4377 falsum
1218 4305 1360 4392 sentire;

195 4440 278 4490 cum
302 4439 386 4489 vero
408 4424 572 4488 neutrum
594 4418 718 4488 horum
733 4417 829 4489 ullus
843 4439 996 4511 uuquam
1008 4415 1150 4503 dixerit,
1167 4414 1258 4485 illud
1274 4413 1364 4506 quod
