3172 4950
571 330 609 346 ..
630 298 671 360 53
691 332 730 347 ..

57 396 275 485 elusionem,
301 422 404 493 quarn
426 400 582 495 plerique
606 405 801 474 adversarii
824 427 866 474 ex
898 415 1104 494 argumento
1128 382 1231 497 nega·

58 504 136 573 tivo
157 506 265 576 nimis
287 508 484 599 generalem
508 512 752 581 constituunt:
773 513 895 581 Patres
914 514 1133 603 disputantes
1142 494 1235 585 'cum

62 612 208 683 Arianis
229 614 323 686 hunc
346 616 460 687 locum
476 620 806 709 opportunissimum
822 643 889 689 non
906 621 1073 706 citarunt,
1094 644 1177 710 ergo
1192 622 1235 690 il-

66 719 137 790 lum
159 745 227 791 non
250 725 449 796 habuerunt
472 727 599 796 insuia
623 727 811 819 codicibus.
828 729 900 798 Hoc
924 729 1022 797 modo
1039 730 1143 807 facile
1159 736 1236 799 erat

68 812 223 899 Sebolzio
246 839 326 922 post
348 833 491 903 criticos
513 835 770 904 Rationalistas
795 837 904 905 citare
928 837 1051 906 seriem
1076 839 1232 923 Petrum,

73 935 164 1007 velut
184 962 300 1009 omnes
322 948 439 1011 essent
462 948 569 1011 testes
592 942 783 1012 indubitati
799 943 1090 1034 interpolationis.
1107 946 1234 1029 Quam·

73 1042 129 1114 diu
149 1044 364 1137 impugnatio
387 1047 640 1119 haereticorum
664 1050 884 1140 dirigebatur
914 1052 1085 1120 adversus
1119 1076 1233 1143 perso·

76 1173 147 1221 nam
166 1154 268 1241 Filii,
294 1156 370 1225 sive
394 1157 656 1229 distinctionem
679 1181 700 1226 a
723 1160 827 1227 Patre
851 1159 925 1228 sive
956 1160 1032 1228 eius
1065 1160 1232 1230 diviuita-

77 1265 138 1329 ten
156 1263 331 1352 negando,
357 1263 442 1334 licet
464 1288 579 1334 omnes
602 1265 658 1332 illi
682 1265 849 1335 haeretici
874 1288 915 1335 ex
941 1265 1016 1334 suis
1047 1266 1232 1357 principiis

80 1367 169 1437 ειίιιιι
196 1370 290 1441 circa
311 1393 493 1462 personam
517 1370 672 1465 Spiritus
704 1372 825 1442 Sancti
857 1395 991 1442 errasse
1024 1376 1230 1444 convincan-

80 1478 140 1567 tum
162 1478 317 1549 videmus
346 1488 464 1552 tamen
490 1483 594 1553 etiam
621 1483 767 1552 Patrum
793 1482 1025 1552 defensionem
1057 1483 1233 1572 prioribus

82 1588 210 1657 satculis
231 1611 268 1658 se
291 1591 468 1660 continere
491 1591 676 1659 maximam
700 1598 833 1681 partem
863 1591 962 1660 intra
989 1591 1119 1659 limites
1150 1592 1231 1680 dog·
1344 1642 1347 1647 .

81 1696 188 1783 nafis,
212 1699 303 1791 quod
327 1698 458 1769 directe
482 1699 712 1790 impetebatur
735 1701 798 1787 (1).
826 1700 956 1768 Iubae
980 1708 1096 1770 autem
1113 1700 1232 1791 dispu-

82 1805 192 1887 tatione
214 1806 256 1876 de
279 1824 427 1898 persona
449 1807 536 1876 Filii
559 1830 628 1876 non
652 1814 729 1877 erat
751 1808 947 1877 necessaria
963 1809 1086 1878 citatio
1104 1831 1146 1877 ex
1163 1811 1230 1899 epi·

83 1910 156 1980 stola
174 1912 326 1998 Ioannis,
341 1938 419 1984 eum
442 1914 723 1985 luculentissima
738 1923 876 2006 praesto
892 1923 1007 1985 essent
1029 1916 1230 1984 testimonia

82 2039 116 2086 er
134 2018 346 2112 Evangelio,
373 2023 498 2115 quibus
522 2024 703 2094 distinctio
727 2032 762 2094 et
794 2023 1143 2094 consubstantialitas
1168 2025 1230 2091 Pa-

82 2126 136 2196 tris
153 2134 186 2198 et
204 2129 292 2199 Filii
316 2131 535 2200 enuntiatur.
561 2132 639 2201 Non
662 2140 777 2213 tamen
808 2133 885 2201 ideo
915 2154 1110 2221 negamus,
1132 2154 1230 2222 posse

83 2256 117 2301 ex
134 2237 331 2329 quibusdam
352 2238 499 2307 Petrum
524 2239 744 2308 contestibus
760 2240 908 2323 ostendi,
928 2262 984 2308 eos
1000 2240 1057 2308 vel
1072 2246 1230 2308 nostrum

83 2364 188 2413 mnne
202 2347 257 2413 7·-
280 2345 319 2414 in
341 2347 416 2415 suis
440 2345 540 2416 codd·
559 2369 627 2414 non
653 2346 827 2432 habuisse,
850 2346 908 2416 vel
924 2346 1171 2416 uon'habuisse
1190 2355 1230 2417 ut

82 2456 193 2523 eertum
213 2461 316 2524 extra
339 2455 623 2543 controversiam
646 2454 737 2525 illud
752 2455 863 2525 solum
880 2455 1040 2542 dicimus,
1059 2463 1100 2524 ut
1123 2478 1227 2546 argu·

13 2636 17 2641 ,
81 2566 209 2631 neutum
231 2562 438 2654 negativum
462 2561 534 2633 vim
558 2564 711 2655 aliquam
736 2565 884 2649 habeat,
910 2573 978 2632 uon
1002 2563 1157 2633 sufficere
1170 2586 1227 2653 ge·

79 2668 207 2739 ueralem
229 2664 468 2757 assertionem,
487 2693 556 2762 qua
578 2670 703 2741 Critici
726 2671 831 2764 nimis
862 2672 1021 2761 expedite
1045 2673 1227 2767 decernere

80 2774 180 2865 solent,
190 2779 314 2849 Patres
337 2786 472 2849 textum
495 2804 563 2850 uon
587 2780 801 2870 cognovisse,
822 2781 904 2873 quia
919 2803 957 2850 eo
974 2804 1042 2849 non
1055 2784 1225 2863 utuntur,

79 2884 125 2954 ubi
142 2889 235 2959 nobis
259 2888 383 2959 citatio
407 2895 599 2980 opportuna
623 2890 748 2957 futura
771 2889 882 2958 fuisse
906 2888 1060 2957 videtur.

129 2994 164 3065 Si
177 2998 314 3068 saeculo
326 2996 370 3066 V.
386 2997 621 3069 testimouium
639 3020 705 3066 usu
721 2997 831 3066 totius
843 2996 1022 3065 Ecclesiae
1038 2995 1227 3065 Africanae

78 3110 227 3195 receptum
249 3112 354 3190 erat,
380 3128 448 3173 non
473 3110 528 3173 est
550 3104 688 3188 mirum,
715 3104 805 3196 quod
828 3103 1003 3194 Vigilium
1027 3103 1225 3193 Tapseusen

78 3212 179 3280 elnon
201 3211 263 3281 diu
285 3219 365 3304 post
387 3210 614 3301 Fulgentium
638 3217 674 3280 et
697 3217 874 3281 auctorem
897 3210 981 3279 libri
998 3217 1121 3280 contra
1143 3211 1223 3279 Pin-

77 3318 132 3384 tan
151 3318 306 3391 videmus
329 3318 373 3388 ad
397 3317 488 3388 illud
516 3318 710 3409 appellasse
741 3319 778 3387 iu
812 3320 886 3388 suis
919 3318 1224 3409 disputationibus

123 3604 325 3681 (l)S.Basllius
337 3608 371 3663 de
382 3608 548 3662 definitione
559 3608 693 3662 Nicaena:
703 3628 716 3655 ι
726 3606 772 3660 hie
782 3610 875 3660 cetera
886 3603 1009 3674 quidem,
1021 3605 1128 3673 inquit,
1140 3608 1223 3675 plene

77 3696 219 3753 eteorum
229 3699 349 3753 definita
360 3703 430 3753 sunt
439 3698 545 3767 partim
560 3698 595 3751 ad
608 3698 784 3752 emendanda
797 3713 867 3765 quae
882 3699 962 3750 laesa
975 3697 1100 3763 luerent,
1116 3698 1221 3765 partim

78 3782 104 3835 *ἆ
118 3791 300 3853 praecavenda
319 3806 391 3858 quae
411 3791 576 3845 suboritura
588 3789 847 3857 praevidebantur;
864 3787 996 3840 doctrina
1009 3792 1101 3839 autem
1116 3786 1149 3839 de
1163 3786 1223 3854 Spi-

78 3870 222 3934 tonsurato
232 3883 418 3935 transeunter
427 3877 469 3953 (ir
481 3874 646 3951 rapatpopp)
655 3878 750 3945 posita
760 3880 812 3943 est,
826 3891 877 3929 nee
890 3877 979 3928 ullam
990 3875 1222 3943 disquisitionem

80 3961 126 4016 vlu
140 3970 286 4037 requirere,
308 3986 340 4023 eo
359 3969 434 4037 quod
447 3968 570 4023 nondum
585 3972 652 4021 tuuc
666 3966 733 4021 haec
752 3970 828 4020 mota
843 3969 920 4019 esset
933 3965 1073 4033 quaestio,
1095 3965 1145 4018 sed
1158 3966 1221 4018 sine

78 4047 169 4111 insidiis
186 4057 431 4133 (ιὶιιπιβουλευτοι,
452 4059 526 4128 quod
546 4059 685 4114 haeretiei
703 4058 811 4112 directe
832 4058 862 4109 in
882 4056 1039 4109 doctrinam
1058 4055 1091 4107 de
1111 4055 1220 4122 Spiritu

78 4136 155 4199 &neu
170 4148 291 4203 noudum
302 4153 449 4205 struerent
461 4146 597 4221 insidias)
615 4150 707 4204 insita
720 4152 795 4202 esset
807 4146 982 4201 credentium
998 4145 1101 4198 animis
1123 4144 1156 4197 de
1168 4146 1220 4197 illo

78 4236 219 4291 aruntis„
234 4240 325 4294 Basil.
338 4256 382 4306 ep.
396 4239 457 4293 125.
470 4241 508 4293 al.
521 4240 565 4292 78.
577 4254 606 4293 n.
620 4237 647 4291 a.
659 4260 671 4286 a
684 4239 724 4291 De
737 4237 848 4304 Spiritu
866 4236 970 4290 Sancto
981 4251 998 4288 a
1008 4234 1144 4287 Patribus
1164 4248 1218 4285 non

77 4320 140 4385 olene
155 4324 296 4401 (ἑλλιπως)
317 4328 509 4397 dictumest,
537 4328 610 4398 quod
630 4332 698 4383 tunc
718 4326 841 4384 nondum
864 4331 941 4382 mota
962 4330 1038 4381 esset
1062 4324 1217 4391 quaestio·

76 4410 167 4483 dressor.
179 4423 246 4479 llas.
257 4437 302 4491 ep.
314 4422 367 4476 202
380 4420 431 4496 (al.
444 4426 517 4476 orat.
529 4416 576 4491 tr)
591 4437 619 4474 ιι.
636 4422 661 4472 1.
