3172 4950
628 346 667 363 -
687 314 747 377 431
768 346 806 361 -

172 432 253 497 atum
263 424 308 511 ad
319 423 604 517 propagationem
616 444 678 493 sen
689 419 1032 493 communicationem
1044 427 1204 507 naturae,
1216 419 1307 514 quod

172 538 246 605 asra
275 552 460 625 mamus
489 530 702 624 principium
728 529 981 615 fecunditatis,
1006 537 1220 631 propagetur
1246 552 1308 599 seu

172 641 403 711 mmnnicetur
430 646 559 709 natura
581 638 805 729 producentis
828 637 865 705 in
884 637 1104 731 productum.
1130 638 1308 708 Posterior

172 768 218 819 aaa
238 747 330 816 ratio
353 747 452 817 deest
474 770 504 817 e.
523 771 560 837 g.
578 746 616 813 in
639 743 864 837 productione
887 745 1006 815 Herae
1028 767 1072 814 cx
1095 750 1191 814 costa
1214 746 1307 814 Ada-

172 856 205 941 i,
227 855 288 925 nbi
310 878 379 925 non
405 854 520 925 Adam
550 853 741 923 intrinseco
770 853 943 945 principio
971 852 1222 939 fecunditatis,
1248 854 1307 924 esd

172 962 209 1033 la
228 961 386 1055 operatio
408 962 562 1032 creatrix
584 961 650 1030 Dei
672 967 751 1031 erat
782 981 888 1031 caum
914 961 1127 1052 producens,
1158 968 1308 1055 utraque

172 1070 285 1142 arditio
299 1070 419 1141 deficit
440 1070 477 1138 in
499 1070 727 1160 productione
750 1069 957 1160 capillorum
980 1075 1024 1167 et¹
1039 1069 1201 1155 aliorum,
1219 1093 1308 1162 qnae

172 1177 249 1249 cin
271 1178 466 1268 exemplum
488 1176 623 1247 adferri
646 1175 770 1245 solent.

200 1287 358 1379 Utraque
380 1286 465 1356 haec
487 1285 581 1355 ratio
604 1284 698 1354 inest
720 1284 842 1377 utique
866 1285 958 1354 omni
988 1283 1209 1375 generationi
1230 1309 1307 1376 pro·

172 1396 212 1467 ris
231 1395 347 1467 dictae
369 1394 476 1464 etiam
506 1392 544 1461 in
568 1391 718 1480 creatis,
743 1398 798 1461 est
819 1391 911 1461 enim
934 1392 1136 1462 essentialis
1150 1400 1187 1463 st
1200 1393 1306 1463 alter·

172 1510 219 1575 tra
238 1503 421 1574 deficiente
455 1502 526 1570 iam
555 1524 624 1571 non
647 1501 830 1592 generatio
863 1501 1018 1570 sed-alia
1048 1502 1190 1573 diversa
1217 1509 1310 1574 esset

172 1609 328 1682 reductio.
340 1610 409 1680 Sed
431 1610 470 1679 in
492 1612 621 1679 creatis
648 1615 796 1703 utraque
824 1616 878 1680 est
905 1610 1110 1701 imperfecta
1137 1618 1174 1680 ct
1195 1611 1307 1681 solum

172 1719 323 1789 nundum
344 1718 501 1811 aliquam
523 1717 821 1787 adumbrationem
845 1718 1084 1814 generationis
1098 1719 1306 1810 simpliciter

172 1824 335 1917 tinfinits
365 1826 562 1915 perfectae,
597 1845 685 1913 quae
708 1824 746 1893 in
768 1825 840 1894 Deo
863 1832 929 1894 est.
954 1824 1118 1911 Etenim,
1145 1833 1187 1896 nt
1209 1824 1314 1918 supess

172 1932 216 2005 los
235 1932 482 2018 indicavimus,
497 1932 535 2002 in
559 1932 689 2003 creatis
711 1931 796 2002 licat
812 1933 861 2002 sit
875 1933 1060 2024 productio
1082 1956 1126 2003 sx
1150 1938 1308 2007 substan·

172 2039 436 2135 iapmducentis
459 2049 496 2112 et
518 2040 726 2133 propagatio
749 2042 903 2111 eiusdem
928 2048 1089 2129 naturae,
1114 2066 1222 2138 eaque
1244 2066 1306 2137 per

172 2148 346 2243 niucipium
370 2149 598 2237 intrinsecum
622 2157 658 2220 et
674 2150 819 2220 vitalem
843 2157 961 2222 actum
988 2152 1233 2243 fecunditatie;
1254 2160 1309 2224 at·

172 2276 252 2329 anan
272 2282 342 2328 non
363 2264 420 2328 cst
441 2281 484 2328 ex
508 2258 708 2328 substantia
721 2258 916 2329 formaliter
930 2260 1118 2330 secundum
1134 2285 1170 2331 se
1183 2268 1305 2348 totam,

172 2386 211 2435 no
230 2366 265 2437 in
286 2374 417 2438 natura
440 2367 630 2458 composita
654 2366 756 2437 cuius
779 2370 892 2438 forma
908 2370 1065 2460 perfecta
1080 2375 1116 2439 et
1127 2369 1310 2459 perficiens

172 2475 398 2547 atrationalis
420 2481 458 2545 st
479 2474 655 2565 spiritalis
680 2475 901 2560 substantia,
927 2476 1108 2566 generatio
1130 2497 1239 2568 neque
1255 2482 1310 2547 est

172 2588 330 2653 unctura
352 2582 542 2653 secundnm
564 2584 711 2652 formam
743 2582 947 2654 nobiliorem
972 2591 1013 2653 ut
1042 2583 1228 2655 rationalis
1250 2589 1305 2653 est

172 2688 405 2761 adsecundum
429 2692 520 2783 quod
543 2697 597 2761 est
620 2692 795 2777 animalis,
813 2697 850 2761 et
865 2698 1003 2761 estnon
1018 2716 1080 2785 per
1102 2692 1214 2762 totins
1229 2693 1308 2761 sub·

172 2798 288 2870 maiae
313 2799 567 2870 derivationem
591 2799 650 2869 sad
674 2823 736 2891 per
759 2800 914 2893 aliquam
947 2825 989 2869 ex
1019 2824 1061 2870 ea
1094 2800 1308 2871 materialem

172 2898 354 2977 maionem
372 2907 465 2977 Hine
488 2906 639 2977 ulterius
662 2930 730 2975 non
754 2914 809 2977 est
831 2907 1096 2977 communicatio
1119 2908 1225 2979 unius
1245 2931 1308 2979 nn·

172 3034 231 3085 raro
250 3022 419 3101 naturae,
445 3014 505 3085 sed
528 3015 704 3086 derivatio
726 3017 880 3088 alicuius
902 3016 1064 3087 elementi
1079 3017 1124 3087 ad
1140 3039 1308 3109 propaga·

172 3116 324 3195 ionemet
345 3124 608 3215 productionem
631 3132 779 3194 naturae
796 3126 909 3217 specie
927 3125 1066 3219 qnidam
1083 3126 1237 3196 eiusdem
1249 3127 1308 3196 sed

172 3248 277 3303 lunare
300 3232 501 3303 distinctae.
519 3234 708 3323 Propterea
731 3236 835 3303 etiam
859 3236 1040 3325 generatio
1062 3258 1131 3305 non
1154 3242 1207 3305 est
1222 3259 1311 3305 com·

172 3334 253 3426 lata,
279 3340 352 3410 nisi
374 3342 594 3432 separatione
617 3342 817 3432 productis
833 3343 1058 3434 producente,
1073 3344 1225 3438 adeoque
1240 3367 1310 3415 non

172 3446 404 3519 atimmanens
427 3449 488 3518 sed
511 3450 606 3520 aot-io
623 3449 812 3520 transiens.
832 3452 921 3521 Tum
938 3451 1029 3544 quod
1045 3458 1182 3542 spectat
1196 3452 1240 3521 ad
1257 3453 1309 3521 in-

172 3552 326 3627 u'nsscum
348 3557 562 3649 principium
587 3559 836 3645 fecunditatis,
861 3560 952 3631 illud
976 3582 997 3628 a
1020 3559 1178 3651 potentia
1199 3564 1236 3627 et
1267 3562 1312 3628 ab

172 3666 218 3735 m
239 3664 353 3757 primo
375 3667 508 3737 transit
529 3667 567 3736 in
590 3674 707 3737 actum
730 3668 931 3756 secundum,
950 3674 1005 3739 est
1026 3690 1110 3758 ergo
1127 3668 1308 3759 generatio

172 3788 245 3865 qus
260 3775 461 3843 necessaria
482 3797 524 3843 ex
548 3774 741 3845 intrinseca
763 3777 975 3869 perfectione
1001 3774 1231 3845 fecunditatis
1251 3800 1307 3846 ns·

172 3898 204 3951 aa
223 3904 359 3972 semper
373 3880 410 3949 in
425 3890 520 3953 actu.
535 3883 693 3975 Denique
705 3884 796 3977 qnod
812 3890 866 3954 est
883 3885 1146 3954 fundamentum
1159 3889 1196 3953 et
1210 3884 1309 3975 origo

172 3996 260 4061 auur
282 3990 436 4061 omnium
463 3990 788 4082 imperfectiorum,
810 3992 991 4082 generatio
1014 3999 1069 4063 est
1090 4014 1226 4062 annexa
1241 4014 1311 4061 ma·

172 4096 321 4168 rislibus
347 4103 384 4166 et
411 4098 597 4188 corporeis,
616 4106 653 4169 et
668 4123 730 4190 per
745 4107 846 4170 actus
862 4101 958 4171 vitae
974 4102 1165 4172 sensitivae
1181 4123 1221 4170 ac
1235 4102 1309 4170 ani·

172 4204 237 4273 slis
265 4204 460 4295 perficitur,
475 4207 537 4297 qui
559 4229 599 4276 eo
622 4208 697 4298 ipso
720 4208 898 4298 pertinent
919 4210 964 4280 ad
988 4208 1143 4279 ordinem
1167 4208 1308 4278 inferio·

172 4334 205 4381 m
228 4318 268 4385 et
288 4312 524 4382 essentialiter
536 4314 789 4405 imperfectum.

198 4420 253 4491 At
271 4420 309 4491 in
332 4422 641 4493 communicatione
663 4428 812 4495 naturae
834 4424 976 4493 divinae
1000 4446 1116 4493 omnes
1140 4424 1228 4494 istas
1243 4422 1307 4491 im·
