3172 4950
704 335 883 396 ..138-

690 527 835 588 THESIS
855 529 895 588 X.

210 699 323 760 Desa.
337 699 502 761 Trinitute
516 702 674 777 professio
692 700 853 760 catholieo
871 698 981 759 eadem
1000 707 1078 759 onte
1090 696 1186 761 Cone.
1199 701 1306 760 Nisae

264 806 270 817 “
395 800 692 859 demonstratores
706 799 862 859 Putridae
876 796 915 856 II
917 797 939 856 Ι
954 808 984 858 et
999 796 1041 857 ΙΙ
1057 803 1191 861 saeculi.

282 1004 295 1030 ι
316 981 420 1036 Eadem
438 981 518 1049 tides,
539 997 622 1049 qnam
642 981 725 1035 (lune.
738 983 893 1037 Nicaenum
912 987 942 1036 et
959 983 1062 1034 Patres
1080 980 1216 1049 deinceps
1239 981 1306 1034 cont

211 1096 224 1113 ·
239 1078 317 1143 runt,
336 1071 449 1126 traditu
467 1078 529 1125 erut
546 1071 613 1125 inde
632 1074 668 1126 ab
686 1071 833 1139 Apostoli·
851 1072 883 1124 in
896 1072 1057 1125 universali
1071 1071 1251 1139 professione
1263 1078 1295 1124 et

212 1184 224 1203 ·
241 1162 383 1216 dicatione
395 1161 549 1215 Ecclesiae.
570 1163 670 1215 Patres
689 1160 765 1214 enim
778 1162 979 1229 Martyresque
993 1161 1151 1229 superioris
1165 1160 1274 1213 nautis
1286 1176 1306 1213 u

212 1273 224 1287 ·
239 1266 350 1304 errores
364 1251 420 1304 sibi
433 1250 555 1304 Invicem
575 1252 733 1305 contrarios
746 1254 776 1304 et
792 1250 917 1316 dogmati
936 1251 1079 1304 Ecclesiae
1092 1254 1299 1318 repugnantes,

212 1364 224 1379 ·
239 1358 423 1409 personarum
433 1343 649 1396 distinctionem
662 1342 706 1394 ita
718 1343 860 1395 unitatem
877 1341 998 1395 deitatis
1009 1340 1117 1394 diserte
1131 1341 1306 1393 vindicabam

212 1453 224 1473 -
240 1431 301 1485 dem
315 1447 399 1487 sensu
414 1433 484 1486 licet
497 1448 552 1487 non
567 1432 668 1485 iisdem
682 1447 793 1500 semper
805 1431 937 1484 formulis
947 1436 976 1484 et
989 1429 1153 1498 explicandi
1165 1428 1269 1495 modis,
1281 1444 1306 1497 qr

212 1545 224 1561 ·
240 1523 372 1590 deinceps
391 1523 491 1590 dogma
510 1523 657 1576 delinitum
677 1528 722 1577 est
741 1540 759 1576 a
777 1524 913 1577 Patribus
934 1524 1069 1578 bissenis
1086 1527 1116 1576 et
1129 1522 1306 1588 subeequent

212 1611 357 1677 equando
377 1628 444 1666 vero
463 1614 563 1667 Patres
579 1613 630 1667 illl
645 1613 819 1667 vetustiores
838 1628 890 1681 pro
904 1613 1001 1666 indole
1019 1613 1174 1667 haereseon
1195 1627 1266 1665 suae
1280 1626 1306 1663 as

212 1725 224 1743 ·
240 1705 419 1771 potissimum
441 1704 617 1759 insistebant
633 1705 817 1760 distinctioni
839 1707 911 1759 reali
931 1720 1124 1773 personarum,
1140 1703 1284 1756 unitatem
1301 1718 1306 1753 1

213 1813 225 1829 ·
240 1809 287 1846 rae
303 1794 502 1862 supponebant
520 1797 602 1848 velut
614 1810 773 1848 concessam
787 1795 823 1848 ab
841 1795 1017 1848 adversariis
1038 1809 1093 1847 non
1114 1799 1209 1847 autem
1224 1790 1306 1845 distis

212 1904 224 1921 .
241 1897 304 1936 nem
322 1882 514 1951 hypostaseon
538 1884 571 1938 ad
590 1885 681 1952 ipsam
704 1890 835 1940 naturam
855 1884 1019 1939 extendisse
1033 1885 1143 1941 censeri
1163 1887 1296 1953 possunt.

212 1994 225 2019 .-
241 1975 349 2026 medam
369 1975 560 2027 dannationis
578 1977 742 2044 plerumque
762 1991 817 2029 non
836 1977 912 2030 clare
931 1975 1125 2044 exposuerint.
1142 1995 1156 2012 ·

275 2150 354 2219 Duo
376 2151 630 2241 praestabimus
645 2153 682 2221 in
698 2152 765 2222 hae
786 2151 892 2221 thesi:
917 2152 1066 2243 primum
1090 2148 1306 2220 considerabi

208 2258 515 2328 antenicaenorum
540 2259 685 2329 Petrum
716 2260 913 2329 doctrinam
941 2259 1143 2349 explicitam
1173 2258 1217 2327 de
1249 2255 1306 2325 uni

209 2365 352 2434 deitatis
375 2366 411 2434 in
435 2367 591 2458 personis
614 2367 819 2452 distinctis,
844 2389 932 2460 quae
955 2374 1039 2437 sunt
1061 2389 1152 2433 unus
1175 2365 1284 2453 Deus;

209 2473 440 2565 spectabimus
463 2475 654 2561 rationem,
681 2498 751 2568 qua
772 2475 960 2567 aliquando
991 2474 1099 2543 solam
1123 2472 1307 2541 distinctio

208 2580 446 2652 vehementius
468 2590 599 2673 urgent
621 2585 799 2674 supposita
822 2585 958 2653 unitate
982 2584 1081 2653 velut
1096 2601 1260 2651 concessa
1274 2585 1306 2649 et

208 2693 303 2757 serta
324 2690 369 2757 ab
390 2689 477 2780 ipsis
498 2690 725 2774 adversariis,
751 2690 1130 2781 demonstrabimusque
1152 2711 1247 2756 nunc
1269 2685 1306 2754 ad

209 2796 320 2865 solum
342 2820 384 2866 ex
407 2799 630 2886 generalibus
653 2798 859 2890 quibusdam
882 2798 1079 2889 principiis,
1097 2798 1222 2865 Patres
1239 2796 1283 2864 ob

209 2904 261 2972 los
284 2905 447 2974 habuisse
481 2930 550 2975 non
581 2913 730 2976 naturae
760 2907 820 2976 sed
847 2928 1072 2998 personarum
1095 2903 1306 2973 distinction

208 3019 314 3105 atque
337 3012 374 3082 in
398 3013 455 3082 his
478 3015 566 3104 ipsis
589 3038 656 3084 non
680 3021 753 3083 tam
775 3014 909 3082 modnm
942 3011 1181 3083 distinotionis
1208 3018 1306 3102 spect

209 3142 311 3210 quam
334 3122 409 3191 eius
433 3124 629 3190 realitacem
652 3123 848 3192 vindicasse
871 3124 1042 3192 adversus
1065 3120 1271 3190 haereticos.

275 3229 305 3297 I.
325 3229 363 3299 S.
381 3230 600 3300 Athanasius
623 3231 664 3300 de
680 3231 872 3322 apostolica
887 3231 1076 3300 traditione
1092 3228 1193 3298 Fidei
1209 3230 1306 3298 Nicer

209 3335 379 3406 adversus
400 3339 592 3408 novitatem
614 3339 826 3408 Arianorum
850 3341 902 3408 ita
924 3339 1099 3431 loquitur:
1128 3361 1218 3406 enos
1243 3338 1306 3429 qui

210 3446 299 3514 hane
321 3446 530 3515 sententiam
546 3466 567 3512 a
583 3447 748 3516 Patribus
763 3448 807 3517 ad
822 3448 947 3516 Patres
970 3445 1153 3514 transiisse
1169 3445 1306 3515 demens

210 3575 296 3639 mua,
323 3576 385 3623 vos
408 3576 502 3640 vero,
521 3555 641 3624 anovi
663 3555 784 3625 Iudaei
800 3562 836 3625 et
850 3555 1001 3647 Caiphae
1020 3554 1198 3644 discipuli,
1217 3575 1305 3646 quos

208 3668 281 3730 tres
303 3661 474 3732 dictorum
506 3669 702 3732 vestrorum
725 3663 886 3732 exhibere
917 3663 1090 3754 potestis?
1119 3661 1306 3731 Nullume

210 3767 413 3856 prudentem
436 3776 472 3838 et
492 3771 683 3861 sapientem
708 3792 868 3863 umquam
890 3771 1087 3861 proferetis3
1114 3792 1231 3838 omnes
1253 3769 1306 3837 eni

210 3875 308 3944 vobis
331 3876 520 3947 abhorrent
542 3885 681 3969 praeter
704 3903 810 3948 unum
833 3879 1052 3948 diabolum...
1078 3878 1139 3970 qni
1161 3878 1269 3946 etiam
1291 3902 1306 3946 1

210 3982 308 4050 vobis
329 3983 534 4073 persuadet,
559 3991 600 4053 ut
623 3985 882 4055 calumniemini
905 3985 1155 4054 oecumenicam
1180 3984 1302 4075 Synod

209 4090 292 4180 quia
314 4089 479 4161 videlieet
501 4115 569 4161 non
593 4100 713 4163 vestra
743 4093 906 4163 definivit
929 4092 987 4162 sed
1011 4114 1076 4176 ea,
1103 4114 1191 4184 quae
1213 4094 1258 4159 ab
1280 4092 1306 4160 ir

208 4196 431 4268 tradiderunt
446 4205 554 4270 astes
571 4201 714 4288 oculati,
729 4202 789 4293 qui
803 4208 839 4271 et
850 4200 1004 4269 ministri
1018 4200 1116 4269 verbi
1132 4201 1288 4287 fuerunt3
1303 4224 1306 4267 :

208 4304 294 4374 fides
317 4326 418 4397 quam
442 4306 607 4396 Synodus
622 4309 752 4400 scripto
776 4310 934 4378 consessa
956 4316 1021 4393 est,
1040 4309 1117 4398 ipsa
1140 4314 1195 4376 est
1216 4308 1304 4377 fides

207 4411 357 4484 thelicae
369 4413 546 4485 Ecclesiae
560 4444 577 4479 n
588 4417 721 4487 Athan.
741 4417 782 4486 de
797 4416 926 4487 decret.
941 4416 1019 4486 Nic.
1035 4439 1071 4484 n.
1084 4415 1140 4485 27.
1152 4415 1189 4486 S.
1207 4417 1306 4506 Augu
