3172 4950
875 358 914 377 ..
936 329 998 393 590
1016 361 1055 377 ..

379 437 521 507 delebili
550 435 817 526 obsignantibns
850 435 939 520 (vid.
961 435 1082 505 Traot.
1104 436 1146 505 de
1174 434 1332 505 Sacram
1364 436 1403 503 in
1425 458 1531 526 genere

377 546 431 613 th.
445 544 567 632 XHI.)
590 543 781 634 peculiaris
803 549 858 613 est
880 542 999 611 missio
1022 550 1058 613 et
1079 564 1172 612 nova
1200 542 1419 612 inhabitatio
1439 544 1532 633 Spiri-

378 658 438 721 tus
461 651 583 722 Sancti
606 674 666 741 per
690 651 843 741 gratiam
867 651 1166 720 sacramentalem.
1189 650 1275 720 ideo
1299 651 1424 719 Patres
1447 672 1534 739 agno·

379 764 484 828 scunt
514 759 552 826 in
586 757 803 846 regeneratis
837 762 873 825 et
903 755 1115 824 illuminetis
1144 777 1206 845 per
1241 756 1418 846 baptisma
1444 756 1535 846 Spiri-

378 872 454 935 tum
477 866 643 934 Sanctum
665 864 921 933 inhabitantem
944 863 1043 931 modo
1065 862 1203 954 aliquo,
1230 884 1298 954 qno
1321 885 1392 930 non
1418 861 1538 931 habitat

379 974 418 1044 in
441 973 720 1057 catechumenis,
748 971 833 1041 licet
855 972 925 1039 iam
940 971 1126 1041 iustificati
1149 978 1278 1057 essent,
1294 977 1332 1039 ct
1354 993 1423 1063 qno
1446 993 1538 1063 neque

379 1081 559 1151 habitavit
580 1081 617 1148 in
641 1079 774 1149 sanetis
797 1079 928 1149 veteris
952 1078 1234 1148 Testamenti.In
1258 1085 1538 1147 sacramentonu-

378 1193 448 1256 tem
471 1186 680 1255 Chrismatis
702 1191 756 1254 est
771 1185 939 1277 quaedam
956 1184 1176 1254 continuatio
1192 1184 1376 1254 missionis
1399 1184 1540 1276 Spiritus

380 1293 502 1363 Sancti
525 1295 640 1362 factae
662 1294 813 1383 primum
837 1292 1022 1383 discipulis
1045 1293 1083 1361 in
1106 1293 1221 1383 prima
1243 1293 1450 1362 Pentecoste
1469 1291 1540 1359 nori

379 1401 605 1470 Testamenti.
624 1401 666 1468 In
690 1422 791 1469 sacra
812 1400 1040 1469 Ordinatione
1055 1406 1110 1469 est
1125 1401 1245 1469 missio
1261 1400 1424 1491 Spiritus
1434 1399 1540 1468 Sancti

379 1530 422 1577 ex
445 1509 513 1576 fine
537 1508 675 1599 quidem
698 1507 887 1607 principali
911 1509 1122 1576 sacramenti
1144 1507 1188 1577 ad
1213 1514 1429 1598 potestatem
1445 1530 1541 1576 saeer-

381 1614 542 1700 dotalem,
558 1614 622 1684 hoc
639 1637 722 1685 vero
740 1615 815 1705 ipso
831 1615 875 1683 ad
891 1613 1184 1685 inhabitationem
1208 1615 1315 1684 etiam
1339 1637 1404 1705 per
1419 1637 1541 1705 respon-

381 1720 518 1789 dentem
542 1721 694 1810 gratiam
718 1721 1015 1791 sacramentalem.
1029 1721 1085 1789 Ex
1101 1719 1166 1790 hoc
1189 1721 1422 1790 fundamento
1443 1720 1542 1791 direr-

381 1828 500 1895 sitatis
523 1828 697 1917 gradnum
721 1833 756 1896 ct
778 1827 947 1895 donorum
975 1849 1157 1918 possumus
1180 1828 1359 1918 explicare
1382 1828 1542 1897 inhabita·

379 1934 508 2002 tionem
535 1936 573 2002 in
607 1933 739 2003 sanctis
771 1933 901 2002 veteris
932 1934 1146 2003 Testamenti
1176 1941 1212 2003 et
1241 1935 1434 2006 conciliare
1461 1936 1543 2004 dicta

380 2050 546 2141 quaedam
581 2048 644 2118 SS.
671 2050 828 2133 Patrum,
859 2071 902 2117 ex
934 2049 1061 2141 quibus
1087 2047 1301 2119 inhabitatio
1332 2050 1488 2143 Spiritus
1512 2058 1543 2118 et

378 2155 519 2245 adoptio
542 2156 579 2224 in
603 2155 696 2224 filios
718 2178 780 2245 pro
804 2155 916 2224 veteri
931 2155 1146 2224 Testamenti
1167 2155 1381 2247 simpliciter
1399 2157 1543 2248 neganda

381 2263 460 2332 visa
482 2269 537 2332 est
559 2263 716 2333 Petavic.

447 2370 491 2438 ι’.
509 2371 639 2440 Verum
652 2371 790 2461 quidem
805 2376 878 2455 est,
898 2369 1094 2439 missionem
1109 2391 1151 2438 ac
1166 2370 1467 2440 inhabitationem
1478 2369 1543 2460 Spi-

380 2477 474 2546 ritus
502 2475 624 2545 Sancti
646 2476 820 2566 pertinere
842 2475 888 2545 ad
910 2498 1040 2546 novum
1064 2477 1352 2563 Testamentum,
1380 2477 1424 2547 ad
1447 2478 1542 2566 legen

381 2583 531 2672 gratiae,
551 2582 668 2652 eodem
684 2583 782 2651 modo
806 2590 846 2652 ut
862 2583 982 2672 gratia
998 2583 1044 2652 ad
1059 2606 1186 2653 novum
1204 2584 1468 2654 Testamentum
1478 2607 1542 2674 per·

381 2689 496 2774 tinet,
524 2712 592 2758 non
615 2697 731 2759 antem
754 2691 800 2759 ad
823 2697 944 2773 vetus,
971 2690 1002 2757 si
1026 2691 1091 2759 hoc
1123 2694 1301 2780 spectetur
1330 2692 1486 2780 praecise
1509 2697 1543 2756 nt

381 2799 576 2866 oeconomia
599 2797 799 2883 Sinaitica,
826 2820 914 2889 quae
936 2805 1014 2867 erat
1040 2798 1107 2866 uin
1123 2797 1333 2868 servitutem
1356 2820 1540 2889 generense

380 2910 416 2973 et
440 2907 676 2975 tantummodo
704 2907 980 2996 «paedagogus»
1006 2906 1052 2974 ad
1074 2907 1185 2995 legem
1209 2905 1349 2995 gratiae
1372 2906 1466 2991 (Gal.
1484 2904 1540 2971 ΙΠ.

381 3009 463 3098 24.;
489 3011 552 3082 IV.
579 3012 677 3099 24.):
712 3013 770 3081 sed
798 3034 880 3081 sane
903 3012 1033 3082 falsum
1056 3020 1132 3097 est,
1157 3018 1311 3102 tempore
1335 3012 1468 3082 veteris
1488 3012 1541 3080 Te·

380 3122 544 3189 stamenti
567 3142 636 3188 non
660 3121 770 3189 fuisse
794 3121 1018 3210 sperantibus
1040 3122 1079 3189 in
1098 3120 1279 3189 Christum
1296 3119 1434 3189 intuitu
1458 3121 1541 3188 meri·

379 3234 494 3296 torum
518 3227 653 3296 Christi
676 3228 792 3297 futuri
815 3234 1062 3318 praeparatam
1085 3233 1121 3296 et
1137 3228 1255 3296 datam
1272 3229 1428 3315 gratiam
1451 3227 1539 3318 perti·

380 3340 517 3402 nentem
548 3333 593 3401 ad
624 3334 773 3403 indolem
809 3334 985 3424 propriam
1015 3334 1099 3402 novi
1131 3334 1372 3420 Testamenti,
1406 3333 1539 3424 adeoque

379 3441 485 3510 etiam
500 3441 751 3510 concedendum
768 3443 904 3510 omnino
929 3446 994 3526 est,
1016 3441 1189 3532 Spiritum
1207 3440 1379 3510 Sanctum
1396 3442 1539 3510 missione

380 3547 554 3617 invisibili
578 3548 721 3616 missum
745 3549 855 3617 fuisse
878 3554 915 3616 et
937 3546 1157 3617 inhabitasse
1180 3548 1315 3618 sanctis
1346 3549 1476 3618 veteris
1491 3548 1540 3616 Te·

380 3654 546 3723 stamenti
558 3655 622 3742 (1).
637 3655 777 3724 Pariter
801 3678 922 3724 verum
946 3661 1023 3740 est,
1050 3656 1201 3744 gratiam
1233 3656 1271 3723 in
1300 3658 1416 3727 vetari
1440 3657 1540 3725 Testa·

433 3874 475 3950 (1)
497 3878 661 3942 uQuamvls
681 3894 732 3932 nes
750 3880 797 3931 lex
817 3895 868 3947 per
886 3879 1005 3945 lloysen
1025 3878 1094 3933 date
1113 3880 1240 3947 potuerit
1252 3895 1270 3932 e
1284 3894 1430 3948 quoquam
1444 3877 1541 3933 bomine

380 3980 497 4032 regnum
517 3970 619 4022 mortis
638 3968 760 4036 auterre,
774 3973 858 4022 erant
880 3973 976 4023 tamen
996 3972 1025 4021 et
1044 3969 1118 4034 legis
1138 3973 1263 4037 tempore
1278 3970 1410 4024 homines
1423 3970 1482 4035 Dei,
1496 3979 1541 4019 non

380 4058 434 4110 sub
453 4059 516 4122 lege
536 4063 672 4125 terrente,
694 4060 887 4124 convincente,
904 4059 1051 4127 puniente,
1067 4058 1116 4112 sed
1135 4060 1189 4113 sub
1207 4059 1305 4124 gratia
1326 4059 1495 4123 delectante,
1508 4070 1541 4107 aa·

380 4149 478 4212 nsnte,
501 4148 654 4202 liberante.
675 4149 769 4202 Erant
787 4150 837 4216 qni
857 4148 986 4203 dicerent
997 4167 1003 4200 :
1066 4163 1115 4202 cor
1133 4149 1267 4202 mundum
1287 4165 1353 4204 cres
1369 4151 1400 4202 ln
1420 4165 1461 4202 me
1478 4148 1541 4200 Dens

379 4238 410 4287 et
428 4235 567 4301 Spiritum
588 4242 696 4291 rectum
709 4238 817 4291 innova
829 4237 860 4290 ιι
875 4238 1034 4292 visceribus
1053 4237 1133 4304 meis,
1148 4242 1179 4290 et
1196 4237 1309 4305 Spiritu
1324 4237 1479 4305 principali
1491 4248 1542 4288 con·

378 4326 460 4378 firma
477 4342 538 4391 me,
560 4331 590 4380 ct
608 4328 747 4395 Spiritum
766 4328 900 4381 Sanctum
928 4331 1007 4381 tunm
1027 4343 1062 4380 ne
1082 4326 1196 4380 auferes
1215 4343 1232 4380 a
1251 4342 1351 4382 me....
1365 4329 1462 4395 Neque
1479 4325 1542 4378 enin

381 4416 430 4482 qni
448 4415 532 4468 nobis
550 4416 609 4472 ista
628 4417 707 4470 ddeli
726 4416 878 4471 dilectione
899 4416 1070 4484 prophetare
1090 4418 1258 4485 potnerunt,
1274 4431 1371 4471 eornm
1390 4417 1448 4487 ipsi
1465 4413 1542 4482 putt-
