3172 4950
361 411 624 505 multiplicetus
646 419 713 484 est.
738 413 952 487 Descendum
975 423 1013 488 et
1034 416 1201 488 videbo...
1228 416 1399 510 Abiitque
1422 415 1535 487 Domi·

362 542 453 607 uus,
480 528 662 614 postquam
686 524 839 594 eassuvit
859 525 958 618 loqui
986 525 1031 596 ud
1061 524 1253 596 Abraham.
1288 525 1536 618 Veneruntque

361 629 429 700 duo
452 629 583 719 Angeli
606 629 786 701 Sodomam
803 653 988 726 vespere...
1007 634 1071 721 (1).
1097 633 1219 725 Igitur
1237 634 1406 705 Dominae
1420 639 1536 726 (mni)

361 735 455 828 pluit
477 760 583 831 super
611 737 791 809 Sodomam
815 750 852 813 et
877 742 1106 812 Gomorrham
1137 741 1288 834 sulphur
1316 751 1353 814 et
1375 745 1537 841 ignamu

360 843 507 914 Domino
534 853 639 941 (nt-ip
671 851 772 956 fijai)
796 851 838 922 de
861 851 987 922 eaelo»
1013 852 1101 922 (iren.
1121 852 1259 922 XVIII.
1277 852 1447 941 ,1·19.24.
1471 855 1537 927 Hie

362 951 456 1023 olsre
477 954 646 1030 Dominus
669 943 843 1052 apperens
859 962 896 1030 in
912 967 1021 1047 terra,
1040 961 1103 1053 qui
1124 960 1212 1029 ulibi
1227 960 1361 1033 dieitur
1375 963 1538 1054 Angelus

360 1058 501 1132 Domini
519 1116 527 1150 ,
553 1066 791 1160 distinguitur
813 1069 857 1138 ab
879 1067 1003 1154 altero,
1029 1067 1090 1161 qui
1113 1067 1300 1139 exhibetur
1314 1069 1486 1141 Dominus
1501 1072 1538 1142 iu

362 1168 469 1259 aaelo;
489 1179 573 1245 sunt
587 1197 672 1267 ergo
687 1177 756 1248 duo
771 1176 944 1262 distincti,
960 1176 1020 1246 sed
1032 1182 1178 1270 uterque
1190 1184 1245 1247 est
1260 1177 1432 1249 Dominus
1445 1200 1538 1250 unus

361 1289 492 1376 (mut),
517 1291 657 1378 praeter
680 1307 781 1378 quem
802 1308 871 1354 uon
894 1291 948 1354 est
970 1285 1076 1354 Deus.

427 1398 523 1468 Haeo
546 1395 589 1466 de
611 1393 750 1485 Augelo
772 1394 839 1463 Dei
861 1393 1044 1479 doctrina,
1070 1391 1131 1485 qui
1154 1400 1209 1463 est
1230 1393 1306 1485 ipse
1327 1395 1425 1465 Deus
1447 1397 1538 1466 mie-

361 1527 423 1576 sus
445 1526 468 1573 a
490 1504 585 1589 Deo,
612 1503 649 1572 in
685 1501 795 1572 veteri
829 1501 1051 1571 Testameuto
1081 1499 1253 1572 latissime
1287 1508 1410 1593 patet,
1448 1511 1486 1573 et
1516 1526 1537 1573 s

362 1613 426 1693 SS.
441 1612 609 1683 Patribus
622 1609 723 1681 velut
738 1615 982 1701 argumentum
994 1607 1228 1680 clarissimum
1239 1609 1284 1679 sd
1299 1609 1534 1682 demonstren-

361 1721 440 1793 dum
463 1719 721 1790 distinotionem
747 1717 948 1789 divinarum
971 1738 1193 1810 personarum
1217 1739 1343 1808 magno
1366 1742 1535 1792 consensu

361 1826 545 1922 proposito
566 1832 632 1897 est.
650 1826 855 1896 Doouerunt
876 1825 929 1896 ita
951 1825 1124 1912 Iustinus,
1149 1825 1334 1913 Irenseus,
1362 1826 1533 1920 Theophi-

364 1937 421 2008 lus
443 1934 707 2019 Antiochenus,
733 1933 890 2004 Clemens
911 1933 1030 2020 Alex„
1055 1933 1247 2025 Origenes,
1274 1934 1530 2024 Tertullianus,

361 2043 594 2127 Novatianus,
619 2042 743 2112 Pstres
759 2042 972 2112 Antiocheni
987 2042 1156 2113 adversus
1171 2041 1449 2130 Somosutenum,
1467 2045 1531 2136 cy·

362 2151 521 2243 prionus,
546 2148 731 2234 Eusebius,
757 2149 988 2235 Athanasius,
1014 2148 1175 2239 cyrillus
1189 2149 1343 2236 Hieros,
1361 2150 1528 2237 Busilius,

361 2256 548 2342 Hilarius,
573 2256 804 2341 Ambrosius,
837 2255 1000 2347 Episcopi
1033 2255 1154 2325 Sirmii
1177 2258 1384 2346 congregati
1407 2264 1527 2327 eontra

360 2364 561 2451 Photiuum,
586 2363 869 2455 chrysostomus,
887 2364 1047 2454 cyrillus
1062 2364 1180 2450 Alex,
1195 2363 1448 2451 Theodoretus,
1465 2365 1548 2434 Leo-

365 2470 430 2558 il,
446 2470 648 2561 cassianus,
674 2472 844 2541 Isidorus.
864 2471 955 2540 Vide
978 2470 1162 2542 Petavium
1176 2471 1203 2541 1.
1221 2471 1323 2541 VIII.
1343 2494 1373 2542 o.
1392 2473 1426 2542 2.
1445 2496 1481 2542 u.
1498 2472 1528 2542 b.

363 2603 453 2673 sqq.;
472 2580 740 2670 Hengstenberg
754 2578 968 2669 Christolog.
988 2579 1030 2648 Τ.
1045 2579 1075 2648 Ι.
1090 2602 1122 2656 o,
1139 2578 1174 2648 S.
1191 2604 1225 2671 p.
1240 2579 1318 2648 219.
1329 2603 1421 2673 sqq.;
1435 2581 1481 2650 ol.
1491 2580 1529 2651 P.

361 2688 496 2758 Patriai
507 2689 756 2779 DoInterpret.
770 2686 942 2758 oraculor.
954 2687 999 2755 sd
1010 2685 1190 2757 Christum
1201 2686 1454 2779 pertinentium
1465 2693 1529 2759 eto.

360 2818 396 2887 p.
415 2796 471 2865 70.
489 2818 563 2888 sqq.

431 2902 550 2995 Neque
573 2924 657 2973 vero
680 2903 717 2972 S.
745 2901 971 2994 Augustinus
993 2903 1077 2973 huie
1100 2903 1273 2972 oommuui
1296 2902 1449 2974 aliorum
1470 2905 1531 2974 Ps-

365 3015 461 3080 trum
484 3008 769 3100 interpretationi
791 3015 992 3100 repugnet,
1019 3010 1079 3080 sed
1103 3010 1172 3079 imo
1194 3032 1270 3080 sem
1293 3011 1474 3098 iDustrst,
1499 3017 1534 3082 et

189 3116 198 3131 “
315 3200 319 3209 Ι
363 3116 530 3210 quomodo
554 3115 714 3186 visibiles
730 3116 967 3207 apparitiones
982 3116 1048 3186 Dei
1070 3115 1321 3208 intelligendae
1337 3119 1422 3206 siut,
1436 3142 1532 3210 egre

362 3225 420 3314 gie
442 3222 610 3293 deelarat.
637 3228 673 3309 a)
697 3223 830 3315 Seopus
851 3224 1013 3315 princeps
1042 3226 1239 3315 Augustini
1268 3224 1530 3298 1.11.111.1v.

361 3332 403 3404 de
427 3333 604 3402 Trinitate
626 3338 681 3402 est
703 3333 938 3404 demonstrare
961 3334 1132 3405 adversus
1153 3335 1317 3420 Arianos,
1341 3336 1477 3406 Filium
1499 3342 1534 3407 st

362 3439 533 3533 Spiritum
556 3439 722 3510 Senatum
744 3440 781 3508 in
805 3440 948 3531 proprio
971 3441 1170 3511 substantia
1193 3442 1316 3512 divina
1330 3461 1439 3536 aeque
1454 3465 1533 3513 oou·

361 3548 408 3620 lis
431 3549 604 3642 corporeis
633 3570 707 3618 esse
738 3548 959 3636 invisibiles,
992 3550 1087 3620 siout
1113 3551 1305 3624 invisibilis
1326 3558 1382 3622 est
1412 3553 1531 3624 Peter.

363 3657 397 3746 b)
418 3657 486 3728 Per
509 3657 701 3730 subieotsm
724 3653 841 3728 autem
864 3664 1062 3728 ereaturam
1084 3658 1120 3728 h.
1138 3681 1170 3730 e.
1188 3682 1250 3750 per
1273 3660 1376 3751 signa
1399 3667 1533 3753 speeie·

432 3872 476 3951 (1)
495 3875 590 3931 «cum
606 3889 674 3932 vers
692 3879 752 3930 tres
773 3875 833 3929 viri
854 3876 914 3930 visi
935 3880 1021 3945 sunt,
1042 3892 1094 3932 uso
1107 3877 1260 3948 quiequam
1276 3877 1308 3932 in
1321 3879 1364 3934 eis
1383 3872 1432 3934 del
1443 3879 1535 3936 iurene

362 3967 410 4022 vel
429 3969 524 4020 aetate
539 3967 586 4021 vel
604 3969 748 4035 potestste
768 3966 859 4020 maior
880 3968 984 4021 ceteris
999 3967 1094 4021 dietus
1112 3973 1176 4035 est,
1195 3985 1247 4023 eur
1265 3986 1323 4024 nou
1348 3971 1394 4026 bia
1413 3971 1534 4040 seolpie·

362 4069 424 4112 mue
442 4046 603 4113 visibiliter
620 4056 797 4112 iusiuustam
818 4073 869 4125 per
888 4060 1046 4112 creaturum
1064 4059 1211 4114 visibilem
1231 4061 1388 4115 Triniutis
1407 4063 1534 4130 sequell-

362 4150 484 4202 tstem...
501 4145 557 4201 Sed
576 4162 647 4216 quss
666 4147 738 4201 dues
760 4163 896 4216 personas
915 4148 963 4203 hie
983 4148 1197 4215 intelligimus?
1215 4167 1251 4205 sn
1270 4150 1342 4204 Filii
1356 4155 1385 4204 et
1406 4151 1534 4220 Spiritui

361 4236 484 4293 Ssuetii
503 4237 562 4292 iloo
586 4237 661 4292 iorte
682 4240 907 4306 congruentium
936 4238 1039 4292 missos
1066 4240 1143 4295 euin
1168 4255 1198 4294 se
1220 4240 1375 4306 dixerunt,
1403 4239 1478 4309 quod
1500 4240 1535 4296 da

361 4327 439 4383 liiiio
458 4331 487 4382 et
508 4327 619 4397 Spiritu
637 4326 740 4382 &usto
758 4328 889 4395 dleimus;
902 4342 968 4382 nam
978 4329 1091 4383 Putrem
1110 4331 1238 4400 rubeum,
1256 4345 1396 4400 nusquam
1406 4331 1534 4402 Scriptu-

361 4431 457 4474 rmn
476 4415 559 4474 noni·
579 4418 729 4474 οωωιι.
750 4417 779 4472 s.
788 4418 861 4484 Δις.
877 4418 958 4474 orn.
973 4419 994 4474 ι.
1004 4419 1044 4474 ιι.
1057 4435 1087 4474 n.
1099 4421 1145 4475 ιο.
1154 4421 1200 4478 us
1371 4402 1383 4421 ⁸
