3172 4950
634 351 672 369 ..
693 320 759 382 251¹
776 351 814 367 -

188 448 236 490 rm
260 424 435 493 iudicium
464 427 624 493 caleatis
646 431 701 496 est
722 447 830 516 supra
859 424 956 497 vires
987 424 1150 495 rationis.
1175 424 1252 495 Hac
1274 424 1312 495 iu

188 556 264 602 non
288 556 413 624 parum
438 533 509 602 sibi
530 533 722 604 illuserunt
744 533 996 616 Guntheriani,
1013 534 1075 627 qui
1092 532 1165 602 solo
1180 532 1313 603 lumine

188 640 289 710 ionis
305 649 444 731 partam
460 641 732 731 intelligentiam
748 641 967 711 vindicantes
984 642 1025 710 de
1045 640 1109 711 SS.
1121 640 1310 725 Trinitate,

188 755 216 816 'a
243 756 305 818 est
328 756 365 819 et
387 748 474 841 qaid
496 757 551 818 est
572 755 630 837 (ut
651 751 819 836 aiebant),
844 747 1074 817 nihilominus
1096 747 1315 817 affirmabant

188 856 290 926 olem
309 858 474 947 mysterii
490 858 781 949 superrationalis
796 858 884 927 satis
900 857 1038 929 servari
1054 856 1207 942 fatendo,
1222 856 1313 950 quod

188 990 246 1033 rm
270 989 344 1034 non
369 967 619 1056 cognoscimus,
638 965 801 1059 quomodo
815 971 880 1051 est,
897 971 935 1035 et
956 965 1050 1037 siout
1063 965 1158 1034 Deus
1179 963 1254 1056 ipse
1277 985 1313 1034 se

188 1097 251 1142 nm
276 1074 474 1163 cognoscit.
493 1073 561 1145 Sed
585 1074 617 1143 si
640 1075 752 1144 solum
782 1097 851 1143 non
880 1073 1121 1164 cognoscimus
1151 1073 1311 1164 proprie,

188 1182 311 1251 »modo
334 1188 412 1268 est,
437 1206 506 1252 non
530 1182 645 1272 magis
671 1182 848 1268 Trinitas,
874 1204 978 1274 quam
1008 1181 1075 1250 Dei
1105 1181 1213 1250 unius
1242 1180 1312 1252 exi·

188 1291 269 1359 ntia
285 1295 343 1359 est
359 1311 466 1380 snpra
480 1291 663 1378 rationem
681 1291 746 1360 hoc
761 1296 878 1361 autem
894 1290 1010 1381 ipsum
1022 1288 1173 1359 indolem
1185 1296 1312 1379 myste-

200 1397 410 1482 subvertit,
436 1397 573 1490 qualem
596 1397 634 1466 in
659 1398 845 1488 Scriptura
867 1403 904 1469 et
925 1419 948 1465 a
962 1397 1129 1467 Patribus
1144 1402 1314 1467 assertam

188 1504 352 1574 ‚abimus
378 1504 480 1587 Quod
504 1527 586 1575 vero
608 1505 720 1575 Deum
748 1527 817 1574 non
844 1504 1097 1595 cognoscimus,
1123 1503 1313 1594 sicutipse

188 1611 322 1700 gnosoit
345 1635 381 1682 se
403 1612 533 1702 ipsum,
559 1614 596 1684 id
612 1614 657 1683 ad
672 1613 843 1683 rationem
859 1613 1024 1703 mysterii
1039 1612 1131 1681 nihil
1146 1611 1310 1703 pertinet;

188 1721 220 1789 is
243 1720 341 1790 enim
364 1721 487 1790 modus
510 1722 738 1811 cognoscendi
754 1728 809 1792 est
824 1721 1093 1814 comprehensio,
1113 1743 1201 1813 quae
1218 1741 1312 1789 crea-

188 1851 240 1898 ae
263 1828 372 1898 etiam
396 1827 435 1895 in
458 1850 673 1923 quacumque
696 1830 892 1901 elevatione
915 1829 1181 1922 supernaturali
1201 1829 1245 1898 ad
1253 1828 1313 1900 ‘vi-

189 1957 270 2005 nem
295 1934 492 2004 beatificam
514 1937 653 2005 omnino
676 1946 864 2028 repugnat.

204 2041 251 2111 2‘.
269 2041 349 2111 Non
373 2049 490 2112 tamen
513 2043 722 2132 mysterium
746 2044 799 2113 ita
822 2050 896 2130 eat,
923 2050 966 2115 ut
994 2045 1036 2115 de
1056 2054 1106 2115 'eo
1135 2043 1314 2135 supposita

188 2150 356 2221 relatione
379 2150 472 2219 nihil
495 2151 763 2242 intelligamus,
789 2152 876 2244 qve-id
898 2156 957 2223 eit.
972 2154 1134 2223 Profecto
1155 2152 1227 2220 nisi
1249 2150 1312 2219 ali·

188 2281 211 2327 o
232 2258 332 2328 modo
354 2259 555 2329 notionibus
577 2261 701 2330 saltem
723 2261 919 2352 analogicis
949 2261 1311 2353 apprehenderemus,

188 2366 231 2436 rid
254 2368 303 2436 sit
326 2366 438 2453 illud,
465 2368 557 2460 quod
579 2370 760 2440 revelatur
783 2376 820 2440 et
842 2370 1051 2440 credendum
1081 2369 1311 2461 proponitur,

188 2498 252 2567 qne
274 2475 363 2545 fides
384 2476 553 2567 explicita
575 2477 613 2546 in
636 2478 742 2548 talem
758 2478 945 2548 veritatem
968 2478 1082 2548 locum
1098 2476 1225 2546 habere
1240 2499 1314 2567 pos-

188 2589 220 2670 t;
243 2605 312 2651 non
336 2581 428 2652 enim
451 2584 621 2653 vocabula
644 2585 703 2654 sed
726 2608 783 2654 res
806 2607 866 2654 seu
883 2585 1053 2655 veritates
1074 2583 1189 2654 verbis
1205 2581 1313 2671 signi·

188 2697 266 2760 ntae
283 2699 368 2762 sunt
394 2691 566 2761 obiectum
582 2691 794 2779 (materiale)
809 2692 905 2763 fidei.
923 2692 1047 2775 Quoad
1064 2679 1178 2760 ideam
1200 2689 1315 2779 igitur

188 2797 367 2883 ridditatis,
382 2821 443 2868 seu
459 2820 563 2891 quam
575 2798 831 2890 appellavimus
843 2802 1006 2867 notitiam
1022 2799 1315 2889 apprehensionis,

188 2903 286 2975 detur
308 2906 518 2995 mysterium
540 2905 683 2996 perinde
700 2929 735 2975 se
757 2905 883 2977 habere
898 2929 939 2976 ac
963 2904 1120 2996 cognitio
1135 2905 1242 2974 etiam
1257 2904 1315 2972 ab·

188 3010 339 3082 lotorum
360 3014 617 3084 attributorum
643 3014 721 3084 Dei.
735 3016 789 3085 At
812 3014 975 3107 quamvis
990 3013 1193 3084 differentia
1208 3011 1314 3104 potis-

188 3143 268 3189 nnm
292 3120 342 3190 sit
365 3120 402 3189 in
430 3120 559 3188 iudicio
583 3124 743 3190 evitatio
756 3171 767 3204 ,
792 3123 883 3214 quod
907 3122 949 3192 de
973 3121 1037 3191 SS.
1061 3120 1240 3189 Trinitate
1263 3126 1317 3188 est

188 3227 281 3295 rnino
304 3227 607 3318 superrationale,
633 3228 675 3298 de
698 3228 888 3298 existentia
910 3227 975 3299 Dei
998 3233 1036 3297 et
1056 3226 1243 3296 attributis
1257 3225 1316 3293 ab·

188 3331 271 3404 lutis
300 3357 368 3402 non
393 3333 499 3422 item;
519 3334 752 3405 nihilominus
781 3343 898 3405 manet
930 3336 1045 3406 adhuc
1075 3355 1242 3424 magnum
1265 3331 1316 3402 di·

188 3441 291 3511 rimen
315 3440 353 3508 in
370 3441 447 3532 ipsa
462 3444 594 3509 notitia
612 3432 905 3533 apprehensiobia.
927 3443 984 3512 Ad
1000 3441 1222 3533 analogicum
1238 3463 1316 3522 ch-

188 3558 280 3640 ptum
303 3549 557 3619 attributorum
579 3549 646 3620 Dei
669 3573 711 3620 ex
735 3551 1061 3620 adumbrationibus
1083 3551 1120 3619 in
1144 3548 1317 3619 creaturis

188 3657 379 3747 rtingimus
401 3657 535 3726 lumine
556 3657 707 3728 rationis
729 3682 790 3750 per
814 3659 908 3730 viam
931 3659 1196 3749 affirmationis,
1213 3664 1329 3745 cepa?

188 3767 251 3832 »ab
260 3813 271 3846 ,
295 3770 333 3833 et
357 3769 639 3834 transsceoeiocie
658 3765 724 3854 (της
741 3764 919 3861 ὑπεροχης),
937 3768 1091 3861 adeoque
1108 3767 1151 3835 ab
1167 3765 1316 3857 analogo

188 3871 308 3943 leriori
330 3873 551 3943 ascendimus
574 3875 619 3944 ad
635 3882 838 3966 conceptum
854 3875 1040 3967 archetypi
1053 3898 1115 3945 seu
1129 3880 1185 3963 (nt
1200 3874 1317 3962 aiunt)
1454 3870 1456 3875 ’

190 3982 250 4047 imi
273 3981 439 4070 asclepi,
465 4005 534 4074 qua
556 3982 594 4052 in
617 3984 744 4053 mentis
768 3976 966 4075 operatione
988 4007 1057 4053 non
1073 3984 1118 4053 ad
1135 3980 1245 4052 solam
1259 4007 1317 4050 co·

188 4112 269 4159 >aaa
292 4088 479 4178 analogum
501 4088 727 4180 quidditatia,
744 4091 803 4160 aad
820 4091 926 4161 simul
939 4090 985 4168 od
1002 4091 1168 4159 iudicium
1191 4095 1317 4161 verita·

188 4221 192 4262 ι
212 4198 420 4291 pervenitur
443 4197 578 4285 (Tract.
593 4198 635 4266 de
647 4199 746 4286 Deo).
764 4199 895 4269 Contra
911 4222 993 4270 vero
1015 4200 1190 4271 notionem
1206 4200 1317 4291 ipsam

188 4329 395 4391 reonarnm,
420 4326 508 4397 qnae
531 4305 765 4376 relationibus
788 4308 1052 4377 constituantur
1075 4313 1112 4377 et
1141 4329 1229 4399 quae
1253 4308 1318 4376 snb

188 4413 284 4484 rmali
299 4412 440 4486 ratione
453 4435 678 4506 personarum
693 4413 839 4486 realiter
854 4415 947 4486 inter
959 4437 995 4486 ee
1007 4413 1197 4485 distinctae
1212 4412 1318 4486 simul
