3172 4950
708 344 746 361 ..
767 313 828 375 458
850 344 887 361 -

208 418 294 487 Luc.
311 416 376 485 IV.
396 416 451 485 18.
473 446 489 481 u
504 416 594 501 Quis
615 423 733 486 autem
756 416 981 486 Christianus
996 414 1152 506 ignorat,
1169 414 1253 507 qnod
1264 416 1338 487 Pater

209 525 344 595 miserit
364 524 560 617 missusque
584 527 633 594 sit
659 525 800 595 Filius?
833 525 913 593 Non
943 527 1033 591 enim
1062 526 1246 611 penitas-err
1269 524 1339 591 uls

209 657 306 726 quem
327 637 474 723 pennis,
504 632 561 700 red
583 638 738 725 penitam
761 659 783 699 a
805 636 961 723 penitere
983 634 1081 697 mitti
1104 632 1291 721 oportebat,
1305 654 1338 701 tc

209 764 286 810 rum
300 740 386 809 haec
401 764 467 809 non
485 749 540 810 est
556 742 791 833 inaequalitas
807 740 1027 810 substantiae
1049 738 1112 807 sed
1135 738 1218 807 ordo
1232 747 1338 808 naturu

209 849 453 935 (nativitatis),
479 872 547 917 non
570 850 661 941 quod
678 849 770 917 alter
786 850 882 939 prior
897 856 989 917 esset
1004 848 1128 931 altero,
1147 847 1206 916 sed
1224 845 1338 939 quaid

211 970 263 1023 rer
285 971 366 1023 erret
398 980 440 1023 ea·
470 958 638 1025 alteru...
666 956 733 1025 Sed
764 957 795 1025 si
821 980 890 1025 non
914 956 1028 1024 vultis
1052 955 1136 1024 huic
1159 954 1295 1043 regulae
1309 974 1337 1021 sc

209 1063 397 1156 quiescere,
420 1070 462 1133 nt
484 1064 691 1157 ubicumque
714 1064 875 1153 legeritis
890 1064 927 1133 in
946 1064 1160 1133 auctoritate
1183 1062 1338 1131 ‹livinouu

209 1169 435 1262 eloquiorum,
461 1194 529 1263 quo
552 1171 664 1240 minor
686 1172 793 1241 Patre
815 1171 932 1240 Filius
955 1172 1122 1240 videatur
1145 1168 1287 1253 ostendi,
1305 1190 1337 1237 ru

209 1301 251 1347 ex
282 1280 394 1347 forma
424 1279 518 1347 servi
542 1279 675 1347 dictum
711 1279 896 1370 accipiatis
917 1278 956 1347 in
979 1300 1049 1370 qua
1080 1301 1164 1347 vere
1195 1276 1299 1345 minor
1313 1296 1337 1344 er

209 1386 326 1470 Patre,
350 1385 408 1455 vel
430 1386 507 1455 ideo
530 1387 674 1471 dictum,
700 1410 768 1479 quo
790 1387 1047 1456 demonstretur
1069 1408 1146 1455 esse
1168 1380 1337 1454 altercrsl

211 1501 298 1579 tero,
316 1492 347 1560 si
363 1491 447 1563 huic
462 1492 604 1585 inquam
621 1494 836 1563 rectissimae
852 1494 995 1583 regulae
1012 1516 1080 1561 non
1096 1492 1212 1562 vultis
1225 1490 1337 1583 aequis

209 1623 285 1669 cera
303 1627 319 1662 r
338 1607 405 1669 etc.
423 1600 520 1691 Aug.
534 1607 647 1670 contr.
662 1600 804 1669 Maxim.
820 1603 946 1670 Arian.
962 1602 987 1669 Ι.
1001 1601 1051 1669 11.
1068 1624 1098 1669 c.
1112 1599 1169 1669 14.
1183 1622 1218 1669 n.
1233 1600 1265 1668 8.

274 1708 398 1800 Itaque
434 1707 546 1799 quoad
580 1709 872 1798 significationem
903 1708 1112 1779 relationum
1148 1704 1337 1797 personulinu

207 1814 324 1884 eodem
347 1817 420 1885 sera
443 1816 542 1884 modo
565 1816 834 1907 intelligendum
858 1824 924 1901 est,
942 1816 1080 1909 quando
1102 1836 1248 1904 persona
1266 1834 1337 1903 aper

209 1945 293 1991 sona
322 1922 454 1993 dicitur
484 1925 605 2009 mitti,
637 1947 678 1993 ac
710 1925 847 2017 quando
876 1925 1041 1993 Christus
1071 1924 1189 1993 Filius
1217 1922 1280 1991 Dei
1296 1919 1336 1987 rit

211 2029 330 2121 nquia
351 2030 456 2099 Pater
479 2030 589 2100 maior
611 2054 678 2099 non
702 2039 757 2100 est
774 2060 791 2095 r
809 2032 859 2101 Io.
886 2032 986 2101 XIV.
1003 2030 1059 2099 28.
1087 2026 1337 2113 Quemadmodur

209 2134 375 2205 videlicet
395 2137 519 2205 Patres
541 2136 678 2222 docent,
697 2137 886 2227 dupliciter
901 2160 1000 2229 posse
1016 2135 1129 2226 accipi
1153 2136 1243 2204 hanc
1262 2129 1336 2225 appel

208 2242 373 2311 lationem
395 2243 549 2329 maioris,
568 2244 625 2314 vel
641 2251 683 2314 ut
698 2245 839 2315 dicatur
861 2247 966 2315 Pater
981 2244 1091 2314 maior
1113 2244 1210 2313 Filio
1224 2246 1336 2333 spectat

208 2350 396 2419 secuudum
419 2350 604 2419 humanam
628 2359 803 2435 naturam,
821 2352 939 2444 sicque
954 2376 1022 2420 non
1048 2351 1146 2420 modo
1163 2350 1336 2419 Patremsu

208 2457 313 2525 etiam
337 2456 512 2547 Spiritum
536 2456 723 2543 Sanctum,
749 2458 817 2528 imo
840 2468 876 2529 et
898 2459 1012 2549 ipsum
1034 2458 1169 2527 Filium
1193 2453 1336 2525 secundm

209 2564 364 2635 divinam
388 2573 550 2634 naturam
572 2588 647 2635 essa
671 2566 832 2635 maiorem
856 2589 892 2635 se
916 2567 1002 2657 ipso,
1022 2575 1196 2657 quatenus
1211 2564 1336 2631 homces

208 2680 244 2740 et
267 2671 418 2762 seipsum
441 2674 662 2760 exinanivit3
690 2675 746 2742 vel
764 2674 816 2743 ita
839 2681 882 2743 nt
903 2675 1009 2743 Pater
1032 2674 1142 2742 maior
1165 2664 1336 2743 dicaturh

208 2779 256 2848 lio
279 2788 434 2868 spectato
457 2782 644 2850 secundum
668 2782 824 2851 divinam
848 2788 1023 2866 naturam,
1048 2782 1167 2873 sicque
1190 2804 1256 2849 non
1277 2798 1336 2869 pust

209 2887 365 2977 intelligi
387 2889 485 2957 aliud
508 2890 577 2957 nisi
601 2891 769 2959 rationem
800 2890 968 2980 principii
991 2891 1027 2959 in
1051 2890 1158 2957 Patre
1181 2911 1262 2979 prae
1282 2881 1335 2955 Fili

208 2995 326 3083 genito
348 2996 525 3085 (clsupra
542 3021 575 3086 p.
589 2998 682 3085 lum:
700 2998 777 3087 pari
793 2998 930 3066 omnino
946 2998 1045 3065 modo
1062 2991 1335 3087 missi0,siquide1

208 3102 381 3170 reseratur
404 3103 448 3170 ad
472 3102 650 3171 Christum
675 3110 716 3171 ut
738 3104 837 3173 horno
860 3111 926 3187 est,
951 3102 1118 3191 exprimit
1133 3101 1335 3170 auctoritato

207 3208 346 3296 proprie
376 3208 505 3277 dictam
537 3218 573 3278 et
604 3210 716 3279 tribui
748 3219 863 3301 potest
895 3219 972 3279 tum
1001 3210 1103 3279 Patri
1125 3217 1201 3278 tum
1225 3205 1335 3298 Spiritu

206 3312 356 3401 Sancto;
383 3315 521 3386 sivero
555 3320 731 3389 referatur
754 3321 798 3388 ad
821 3343 1002 3411 personam
1033 3324 1227 3409 spectatam
1255 3334 1335 3385 secur

204 3420 285 3490 dnm
307 3423 462 3492 divinam
485 3432 660 3509 naturam,
686 3428 880 3497 necessario
911 3428 1046 3498 indicat
1072 3426 1189 3515 ἀξωιμα
1212 3422 1335 3519 principi

205 3528 241 3596 in
264 3552 409 3621 persona
442 3530 601 3601 mittente
625 3540 661 3601 et
684 3533 886 3603 relationem
917 3535 1149 3624 processionis
1172 3536 1209 3604 in
1232 3550 1335 3623 person

205 3638 322 3705 missa.
347 3638 574 3719 Quamobrem
598 3640 680 3708 dum
704 3641 863 3730 Spiritus
893 3641 1044 3712 Sanctus
1075 3644 1137 3734 qni
1160 3642 1334 3711 divinaeu

205 3753 342 3814 tantum
365 3754 525 3830 naturae,
549 3770 657 3839 aeque
681 3770 702 3815 a
725 3748 818 3818 Filio
841 3756 945 3840 atque
969 3773 990 3816 a
1012 3751 1119 3819 Patre
1135 3742 1334 3819 missuserhi

208 3854 320 3936 betur,
346 3876 414 3921 non
438 3854 559 3946 utique
583 3878 736 3924 seorsum
761 3879 782 3922 a
804 3858 908 3926 Patre
925 3866 960 3926 et
983 3882 1137 3927 seorsum
1161 3882 1183 3925 a
1205 3858 1292 3928 Filio
1308 3873 1334 3919 se

207 3959 250 4024 ab
273 3968 419 4050 utroque
443 3968 615 4052 qnatenus
638 3984 744 4029 unum
763 3970 856 4046 sunt,
875 3964 940 4032 hoc
956 3964 1031 4054 ipso
1047 3964 1166 4034 Filius
1182 3987 1256 4034 cum
1271 3963 1334 4031 Patr

207 4065 429 4153 praedicatur
451 4064 660 4157 principium
683 4069 904 4138 immanentis
920 4077 956 4138 et
970 4077 1133 4140 aeternae
1150 4062 1334 4161 processioni

207 4170 363 4261 Spiritus
386 4172 518 4257 Sancti,
545 4175 627 4265 quia
650 4178 822 4265 processio
845 4200 1010 4267 personae
1038 4179 1164 4248 missae
1187 4202 1210 4247 a
1231 4194 1333 4269 person

206 4281 365 4350 mittente
382 4288 437 4350 est
451 4281 564 4371 prima
586 4284 864 4374 praesuppositio
880 4293 917 4354 et
933 4284 1047 4355 veluti
1062 4286 1166 4355 radix
1187 4278 1334 4355 missioni

205 4410 265 4457 seu
289 4388 413 4458 melius
437 4388 555 4458 missio
577 4389 622 4459 ad
638 4398 740 4465 extra
762 4398 816 4461 est
831 4392 1071 4463 manifestatio
1087 4390 1333 4485 processionis
