3172 4950
207 428 438 521 perfectiones
460 427 697 501 excluduntur
718 427 879 519 opposite
901 426 1119 519 perfectione
1138 426 1294 508 intirim<

206 536 345 605 necatio
369 536 419 606 ibi
442 542 497 605 εει
520 534 793 621 intellectualis,
818 542 901 605 ectu
923 534 1126 627 purissimo,
1143 536 1284 609 absoluto

209 644 360 714 cessario
383 644 634 715 intellectionis
651 643 908 729 substantiolis,
933 650 971 714 et
992 643 1070 713 ideo
1092 665 1161 713 non
1183 652 1294 715 esttru

208 757 267 821 tus
295 751 498 843 spotentia
520 752 558 821 iu
589 757 726 836 uotum,
758 750 819 821 sed
845 756 1012 821 aeternae
1037 751 1254 821 necessarius
1270 774 1294 822 a

208 859 399 953 completus
421 884 500 931 cum
532 860 681 931 termino
708 859 936 931 aeternaliter
963 860 1135 951 producto
1157 858 1225 930 eibi
1249 862 1294 931 inu

207 980 323 1039 nente.
337 968 406 1039 Hic
421 970 495 1060 ipse
518 976 618 1040 nctus
634 976 676 1040 nt
694 968 882 1038 terminum
902 968 1148 1037 immanentem
1174 968 1293 1059 produc

207 1074 338 1147 hebens
361 1077 534 1163 Verbum,
559 1084 614 1146 εει
629 1076 858 1148 intrinsecum
881 1076 1096 1168 principium
1127 1076 1294 1147 fecunditu

208 1183 360 1277 adeoque
387 1184 599 1276 principium
628 1184 859 1257 fecunditatis
890 1207 959 1254 non
990 1191 1045 1254 est
1073 1184 1113 1254 in
1145 1185 1291 1277 potentis

207 1289 344 1376 babitu,
359 1292 419 1361 sed
442 1300 497 1360 est
519 1293 594 1384 ipse
621 1298 723 1361 ectus
740 1292 937 1361 necessario
960 1314 1002 1361 ex
1017 1292 1283 1364 intrinsecssno

208 1398 356 1469 sectione
383 1422 516 1491 semper
535 1401 739 1490 completus.
753 1399 853 1469 Unde
875 1400 1068 1491 generatio,
1095 1408 1138 1470 nt
1161 1402 1294 1494 superio

207 1505 276 1577 PP.
291 1513 328 1576 et
350 1506 387 1576 S.
404 1507 536 1579 Thomu
556 1496 804 1593 recitavimus,¹
834 1514 906 1576 tam
935 1509 1133 1578 necessario
1151 1517 1208 1579 est
1228 1509 1294 1577 inu

208 1635 311 1708 quam
330 1614 525 1684 necessario
544 1615 639 1683 Deus
664 1622 718 1685 εει
740 1614 946 1706 intelligens
961 1638 997 1685 se
1017 1615 1134 1706 ipsum
1153 1624 1191 1686 ει
1211 1618 1294 1708 ipsa·

207 1722 474 1813 intellectualis.
488 1724 597 1793 Porro
619 1724 774 1793 essentia
797 1723 919 1793 divina
934 1733 989 1793 εει
1003 1724 1154 1815 ipsamet
1170 1726 1294 1795 substet

206 1829 254 1899 lie
277 1830 495 1915 intellectio,
520 1836 557 1900 ει
580 1840 751 1924 quatenus
774 1838 829 1901 est
851 1830 1046 1900 intellectio
1075 1831 1294 1922 producens*

208 1938 288 2007 bum
311 1959 372 2007 seu
395 1936 549 2007 relative
570 1939 615 2008 ed
639 1938 792 2007 Verbum
816 1938 1006 2007 immanens
1021 1990 1029 2023 ,
1047 1944 1104 2008 est
1118 1940 1294 2009 essentiali

208 2044 345 2115 tilioate
367 2069 444 2116 cam
467 2069 614 2137 persons
636 2046 871 2138 producente,
895 2046 1047 2139 udeoque
1069 2048 1245 2137 processio
1263 2048 1294 2116 ib

207 2152 395 2223 secundum
420 2161 529 2223 totum
562 2155 748 2225 essentiam
781 2176 842 2224 seu
868 2154 1103 2223 substantiam
1134 2155 1294 2246 producor

206 2262 298 2356 quod
321 2262 474 2354 alioquin
490 2262 634 2333 evidens
656 2270 721 2348 est,
736 2287 814 2333 aum
830 2262 1029 2333 substantia
1051 2262 1176 2332 divine
1200 2260 1294 2355 simpl

206 2370 295 2441 sirus
316 2393 385 2441 nou
400 2370 528 2441 habeut
539 2378 669 2463 portes.
688 2371 788 2441 Unde
810 2370 916 2440 etiam
938 2370 976 2441 in
1000 2366 1115 2441 Verbo
1138 2371 1294 2463 producto

206 2478 478 2549 intellectionem
502 2501 571 2574 qus
592 2480 699 2549 Pater
722 2480 874 2570 perfecte
901 2479 1163 2570 conprehendit
1186 2502 1222 2547 ee
1243 2480 1294 2571 ipsc

206 2610 275 2659 non
296 2587 370 2657 ulia
392 2609 534 2658 numeru
556 2588 707 2658 essentie
727 2586 933 2679 producitur
949 2586 1008 2656 sed
1024 2587 1143 2659 eadem
1166 2608 1294 2657 numero

208 2695 321 2767 sentis
340 2696 614 2766 communicatur
636 2716 678 2764 ac
701 2694 800 2764 velut
821 2692 1028 2764 irradiatur:
1045 2693 1230 2765 Filiusest
1243 2716 1294 2763 ειι

207 2806 342 2876 stantia
357 2805 474 2876 Patris
490 2805 554 2890 itu,
569 2810 611 2873 ut
633 2805 682 2873 sit
703 2804 803 2874 Patri
826 2803 1137 2874 consubstantialis
1161 2804 1193 2867 ἐκ
1209 2822 1259 2873 τις
1275 2794 1294 2863 d

208 2915 357 3001 ὶμεεεσιος
382 2912 477 3002 (vide
501 2912 729 3013 pilii-119).

274 3022 349 3091 Iam
374 3044 457 3092 vero
481 3043 549 3115 quo
572 3028 626 3090 est
647 3021 837 3112 perfectior
861 3020 996 3089 vitain
1028 3020 1275 3111 generatione,

207 3131 394 3225 perfectior
416 3129 601 3221 productio
625 3152 666 3197 ec
690 3130 886 3197 archotamia
907 3128 1145 3220 producentis,
1165 3151 1233 3220 quo
1247 3148 1294 3219 per

207 3242 287 3310 tior·
301 3242 557 3307 communicatio
582 3254 614 3305 et
638 3240 756 3305 tenitas
778 3254 926 3305 actiacae
948 3236 986 3304 in
1010 3243 1172 3329 utroque,
1199 3257 1294 3328 quop

208 3350 336 3439 cipiam
360 3345 595 3436 fecunditatis
625 3349 738 3436 mapis
769 3362 817 3413 εει
844 3348 1065 3411 intrinseca-m
1087 3369 1129 3412 ac
1146 3345 1294 3411 essentie

202 3456 396 3547 perfectius
421 3456 458 3519 io
482 3468 582 3537 acto,
607 3477 646 3523 eo
661 3452 800 3544 plenius
816 3459 852 3522 et
866 3452 1057 3544 perfectius
1075 3452 1213 3522 obtinet
1226 3452 1273 3537 id,
1287 3476 1294 3519 c

207 3563 430 3654 significetur
453 3562 590 3630 nomine
612 3564 860 3650 perorationis.
885 3560 999 3652 Atqui
1022 3560 1060 3627 in
1083 3561 1216 3630 creatis
1236 3582 1294 3651 gen

208 3670 386 3753 tionibus,
417 3692 459 3737 ex
491 3668 618 3759 quibus
651 3690 713 3735 uos
742 3666 893 3757 primum
917 3665 1119 3735 derivemus
1149 3664 1294 3757 cogniti(

207 3776 292 3845 talis
315 3774 479 3865 specialis
501 3773 740 3865 productionis
763 3783 798 3843 et
820 3797 861 3843 ex
887 3773 1013 3866 quibus
1029 3780 1083 3841 est
1099 3773 1214 3863 prims
1229 3796 1294 3843 uon

206 3883 405 3972 impositio,
432 3906 549 3952 omnes
572 3882 655 3952 illae
679 3882 833 3952 rationes
856 3881 980 3951 insunt
1012 3881 1151 3974 quidem
1175 3882 1294 3953 sedin

208 3991 322 4074 lecte,
348 3991 385 4058 in
408 3992 480 4060 Deo
504 3993 694 4061 secundum
718 4013 789 4059 rem
821 3990 1057 4080 significatam
1089 3996 1175 4059 sunt
1204 3990 1294 4081 peric

207 4096 305 4165 sime.
319 4094 447 4165 Eodem
471 4097 584 4188 igitur
609 4097 707 4166 modo
730 4105 773 4166 ut
793 4097 835 4166 de
858 4096 1133 4187 perfectionibus
1148 4095 1282 4165 divinis

205 4203 359 4272 diximus
376 4204 509 4290 (Tract.
525 4204 567 4273 de
581 4206 664 4273 Deo.
685 4206 731 4274 ci.
752 4224 860 4295 supra
872 4228 905 4295 p.
919 4204 998 4271 300.
1013 4209 1095 4296 sq.),
1114 4204 1222 4275 etism
1233 4204 1294 4295 dep

206 4313 343 4379 racione
365 4311 571 4384 censendum
595 4317 661 4398 est,
687 4317 723 4381 et
746 4317 996 4404 consequenter
1023 4311 1065 4382 de
1087 4312 1294 4404 appellutiou

207 4420 329 4489 Patria
351 4441 392 4489 uc
415 4420 519 4490 Filii.
539 4420 736 4493 Secundum
758 4420 909 4491 nominis
924 4420 1179 4513 impositionem
1195 4420 1294 4513 primu
