3172 4950
659 337 698 353 -
720 307 780 367 515
801 341 839 355 -

179 411 273 480 Bibl.
287 410 381 480 Max.
395 411 463 480 ΡΡ.
484 411 525 480 Τ.
535 410 668 481 XXVI.
686 411 827 501 ptos.)
845 414 882 483 in
905 414 970 484 hoo
993 414 1107 504 sepite
1130 415 1171 484 de
1196 416 1334 507 Spiritu

178 522 295 591 iuuoto
317 518 545 590 orthodoxum
561 518 697 588 oensuit
708 518 804 588 istud
821 520 1027 610 symbolum,
1046 521 1148 592 ouius
1163 523 1239 614 ipse
1251 546 1333 596 uuo·

178 650 275 698 orem
296 626 497 698 Nestorium
518 626 683 717 putavit,
709 648 772 696 neo
788 627 858 695 uisi
874 628 1031 718 neglecto
1048 634 1145 700 statu
1161 634 1333 723 quaestio·

178 737 221 807 ris
243 741 282 806 et
303 733 401 804 modo
424 732 628 823 disputandi
652 737 775 802 eontra
797 734 1125 806 Pneumetomoohos
1148 759 1238 809 seeo.
1264 740 1330 812 IV.

178 851 201 915 tt
222 845 270 916 V.
304 842 580 913 communissimo
615 841 807 910 Gomerius
837 842 954 933 potuit
983 842 1126 915 Coleooe
1155 846 1334 938 iuterpre-

178 953 336 1023 utionem
359 951 474 1020 dicere
503 949 692 1021 uiolentam
716 949 824 1040 (Opp.
841 949 948 1018 Marii
977 950 1182 1023 Meroutorie
1213 955 1254 1024 Τ.
1279 955 1330 1026 Π.

178 1085 200 1151 t.
220 1059 332 1145 256.).
479 1114 485 1123 .

233 1166 464 1251 Theodorum,
476 1187 574 1257 quem
587 1163 674 1232 olibi
685 1164 737 1252 (in
749 1163 868 1233 Treot.
883 1164 924 1233 de
935 1161 1113 1236 Iuournet.
1124 1166 1333 1256 th.XXIV.)

178 1273 359 1345 eutissime
381 1271 487 1341 huius
510 1270 660 1360 symboli
682 1275 857 1340 auotorem
889 1293 963 1368 esse
994 1271 1329 1362 demonstravimus,
1387 1271 1394 1283 ⁴

178 1406 202 1451 u
225 1381 387 1452 doetrinu
410 1380 451 1449 de
472 1379 688 1470 processione
713 1378 870 1470 Spiritus
888 1380 1012 1449 Sonoti
1028 1401 1049 1447 a
1063 1381 1158 1449 Filio
1174 1404 1250 1451 oum
1266 1382 1329 1450 Pe-

178 1489 282 1558 ribus
304 1487 404 1557 illiue
427 1487 554 1556 aetatis
577 1487 796 1571 consentire,
822 1509 914 1556 nuno
938 1494 1016 1577 post
1037 1487 1132 1557 edito
1154 1488 1230 1557 eius
1242 1511 1330 1558 oom·
1355 1575 1359 1580 ,

178 1595 339 1666 neuterio
361 1595 399 1663 in
421 1617 497 1685 epp.
514 1593 617 1662 Pauli
632 1594 720 1662 setis
744 1598 891 1679 oonetot,
908 1598 950 1663 ut
965 1600 1057 1664 reete
1080 1594 1332 1667 animadvertit

178 1702 270 1772 larii.
282 1700 354 1770 Mai
377 1700 558 1791 (Spioileg.
577 1699 850 1770 Romen.''l¹.IV.
868 1723 903 1790 p
914 1701 1025 1796 525.).
1041 1701 1098 1770 Ad
1109 1702 1207 1770 Rom.
1225 1701 1328 1774 VIII.

178 1811 222 1880 .1.
236 1810 292 1879 ito
314 1814 564 1878 commentatur
588 1808 801 1877 Theodorus:
829 1808 894 1877 osi
907 1809 986 1900 quie
1002 1807 1173 1898 Spiritum
1195 1808 1331 1880 Christi

178 1940 234 1986 rou
257 1916 385 2001 hebet,
411 1915 469 1984 hio
491 1938 559 1984 non
582 1921 636 1984 est
658 1915 734 1984 eius
819 1915 963 2008 quodsi
986 1916 1141 2006 Spiritus
1168 1916 1244 1986 eius
1268 1918 1330 2010 qui

178 2023 356 2094 tusoitevit
377 2023 492 2092 Iesum
515 2044 537 2091 u
560 2022 725 2108 mortuis,
750 2020 941 2091 habitatin
964 2023 1064 2093 vobis
1075 2028 1141 2093 eto.
1156 2023 1261 2093 Prius
1277 2024 1328 2093 di-

178 2153 248 2201 teus
272 2129 492 2221 (Apostolus)
516 2127 686 2217 Spiritum
710 2126 856 2213 Christi,
882 2151 1022 2197 rursum
1045 2130 1148 2200 dioit:
1175 2130 1331 2221 Spiritus

178 2237 375 2308 tueoiteutis
398 2235 577 2304 Christum
600 2235 798 2305 habitatin
822 2235 932 2321 vobis,
957 2235 1124 2306 redueens
1146 2259 1168 2305 e
1189 2237 1329 2307 Christo

178 2346 210 2416 td
234 2346 386 2429 Patrem,
411 2366 480 2412 nou
499 2341 600 2433 eliud
624 2363 725 2433 quom
749 2342 813 2411 hoo
836 2341 1019 2411 manifeste
1034 2342 1169 2428 doeens,
1185 2344 1274 2434 quod
1288 2368 1329 2411 es

178 2455 263 2524 Vilio
288 2455 392 2521 otiam
414 2453 567 2542 Spiritus
589 2475 656 2518 oon
673 2450 806 2516 alienus
829 2474 851 2516 a
869 2463 1019 2539 paterna
1041 2449 1169 2516 deitate
1192 2465 1241 2516 est
1263 2450 1326 2540 (1);

178 2568 202 2631 o
225 2561 353 2654 quihus
376 2580 446 2629 une
468 2565 523 2628 est
546 2558 685 2643 virtus,
710 2558 767 2626 his
790 2557 1055 2627 omniuoetiem
1077 2558 1330 2628 essentiarum

178 2671 272 2740 .’otre
295 2674 476 2739 coaeterne
506 2671 571 2736 eet.
591 2665 825 2736 Consentaneo
852 2666 943 2736 onim
973 2688 1056 2736 vero
1085 2666 1160 2752 eit,
1193 2666 1329 2736 inhabi-

178 2784 264 2847 ente
287 2775 426 2867 Spiritu
450 2775 576 2844 Senoto
598 2778 637 2843 et
657 2773 866 2843 mortifiouto
888 2778 1028 2865 peooeto
1054 2773 1233 2865 proposito
1253 2796 1329 2843 esse

178 2883 383 2955 ortantibus
404 2881 581 2975 praemia,
607 2904 751 2973 quorum
774 2882 924 2972 primum
947 2887 983 2950 et
1004 2881 1191 2950 maximum
1214 2881 1329 2950 fuerit

178 2991 375 3061 esurrectio
397 3013 440 3060 ex
463 2989 610 3058 mortuis
635 3017 667 3058 n.
692 2988 770 3058 Non
793 2988 931 3080 quidem
954 2988 1104 3074 affirmo,
1130 2986 1187 3058 his
1209 2988 1328 3057 verbis

178 3100 362 3171 mmediete
383 3103 420 3169 et
441 3098 570 3168 diserte
592 3097 781 3166 enuntiari:
800 3120 841 3162 eo
856 3097 952 3164 Filio
969 3111 1017 3162 est
1031 3097 1197 3187 Spiritus,
1211 3116 1329 3188 quem·
1463 3093 1465 3098 ’

178 3208 219 3276 u‘s
241 3206 547 3277 Eminentissimus
569 3205 682 3275 editor
704 3205 756 3273 ite
778 3203 891 3273 looum
913 3203 1127 3273 intellexisse
1150 3204 1326 3289 videatur,

178 3339 242 3386 >um
265 3315 356 3384 hano
379 3314 523 3383 subiicit
536 3321 666 3383 notam:
688 3311 955 3381 «animadverte
969 3311 1209 3382 testimouium
1226 3312 1326 3398 setis,

178 3429 204 3491 rt
225 3443 351 3512 spero,
376 3420 518 3490 evidens
542 3420 583 3489 de
606 3418 821 3510 processione
844 3417 1000 3508 Spiritus
1023 3417 1145 3487 Souoti
1167 3439 1189 3485 a
1209 3417 1326 3503 Filio,

178 3530 368 3600 »reesertim
392 3529 423 3598 si
439 3529 640 3597 conferetur
656 3525 754 3594 eliud
770 3515 924 3615 Nysse'ni
939 3545 1025 3593 ome
1040 3523 1173 3593 editum
1189 3523 1323 3613 Soript.

178 3639 243 3710 let.
263 3637 306 3705 T:
322 3636 403 3706 VH.
420 3637 532 3726 μθ.»
562 3634 630 3703 Sed
653 3634 697 3701 ed
720 3631 950 3702 ooufutendoe
979 3627 1323 3714 Pneumetomeohos,

178 3768 309 3838 guorum
333 3742 525 3812 doctrinam
548 3763 589 3809 ex
613 3738 851 3830 superioribus
873 3737 1045 3820 novimus,
1071 3735 1123 3804 ita
1145 3733 1329 3824 argumen-

177 3859 262 3923 etur
287 3850 511 3919 Theodorus:
536 3847 668 3916 Paulus
690 3846 814 3930 docet,
842 3843 1014 3935 Spiritum
1036 3841 1124 3911 Filii
1146 3840 1210 3911 hoo
1234 3842 1327 3934 ipso,

178 3961 253 4052 ,uod
276 3963 333 4028 est
354 3956 464 4042 Filii,
489 3977 563 4025 esse
585 3953 693 4028 etiem
716 3951 890 4042 Spiritum
912 3949 1054 4038 Petrie3
1080 3971 1163 4040 ergo
1185 3948 1329 4021 menife-

211 4123 257 4202 (1)
276 4129 403 4197 llpomrov
423 4142 527 4194 πνευμα
544 4140 664 4194 χριστου,
681 4124 761 4175 tratri
783 4130 855 4190 φησι·
871 4137 900 4170 το
920 4135 1025 4189 triepta
1043 4134 1088 4168 roo
1110 4113 1260 4187 ὶγιιραντος
1271 4135 1330 4187 χρι·

179 4237 224 4271 τον
245 4214 310 4271 o'rxst
331 4211 355 4267 io
375 4213 445 4285 opo,
463 4209 605 4283 ἅναγαγων
622 4208 676 4264 uiuo
696 4227 747 4262 noo
765 4226 877 4280 χριστου
897 4203 938 4261 im
959 4224 1002 4258 τον
1022 4224 1131 4276 scripu,
1149 4198 1221 4256 ieter
1241 4203 1329 4273 inpos

178 4303 221 4360 λλ’
240 4302 260 4364 ι’
277 4315 367 4373 capot
386 4304 526 4365 tutorum,
544 4298 583 4356 itt
604 4297 631 4353 ir
651 4316 697 4352 roo
717 4293 772 4351 ritoo
792 4315 836 4350 και
855 4310 886 4348 το
905 4312 1012 4366 wiopa
1036 4291 1082 4347 iot
1107 4289 1250 4361 oihhirproo
1276 4307 1328 4350 της

179 4413 292 4467 arpinus
313 4389 441 4455 θεοτητος
460 4389 528 4445 ἔστι.
