3172 4950
703 339 738 353 -
763 306 820 367 140
841 339 879 352 -

206 406 341 499 tatem).
375 411 520 481 Necesse
543 418 598 481 est
619 411 710 480 enim
734 410 893 500 divinum
917 409 1070 478 Verbum
1101 411 1174 480 Deo
1198 409 1374 480 universo

207 544 284 589 rum
308 542 382 588 esse
404 521 553 605 unitum,
579 526 614 588 et
638 519 810 610 Spiritum
835 517 1002 586 Sanctum
1025 518 1063 586 in
1085 518 1157 587 Deo
1180 540 1320 587 manere
1343 537 1374 585 ar

210 628 340 712 vivere,
366 634 402 696 et
424 627 569 719 deniqne
593 627 729 695 omnino
752 625 985 694 necessarium
1007 632 1061 694 est
1083 625 1241 693 divinam
1266 623 1374 692 Trini-

208 742 315 805 tetem
337 735 374 802 in
397 758 517 820 unum,
536 735 636 827 quasi
660 735 696 801 in
712 733 892 825 quemdam
913 734 1091 818 verticem,
1109 734 1221 802 Deum
1239 731 1374 801 univer·

208 865 324 911 sorum
347 843 613 932 omnipotentem
628 843 717 926 dico,
736 840 856 909 reduci
878 846 914 908 et
937 840 1062 931 colligi
1077 841 1140 929 (1).
1158 841 1250 910 Nam
1267 839 1374 906 insani

207 949 394 1018 Marcionis
406 950 577 1035 doctrina,
593 972 679 1042 quae
692 947 926 1018 monarchiam
938 947 976 1015 in
991 949 1064 1017 tria
1086 949 1264 1039 principia
1288 953 1374 1016 secat

208 1063 244 1125 et
266 1056 407 1142 dividit,
434 1057 606 1127 diabolica
628 1064 693 1142 est,
720 1080 787 1125 non
811 1062 928 1125 antem
944 1079 1106 1126 verorum
1129 1055 1374 1146 discipuloruu

207 1163 341 1233 Christi
353 1171 388 1234 et
400 1188 528 1251 eornm,
537 1166 664 1259 quibus
677 1164 875 1235 Salvatoris
888 1163 1076 1255 disciplina
1087 1164 1214 1255 placet.
1231 1164 1282 1232 Hi
1294 1163 1374 1233 enin

210 1276 292 1341 bene
308 1272 436 1358 sciunt,
455 1273 665 1343 Trinitatem
689 1272 826 1364 quidem
844 1270 882 1339 in
898 1270 1022 1341 divina
1042 1272 1230 1363 Scriptura
1247 1271 1374 1362 praedi-

209 1379 294 1464 cari,
320 1386 394 1448 tres
418 1403 501 1449 vero
524 1380 614 1450 Deos
637 1403 747 1471 neque
771 1381 808 1448 in
832 1378 944 1447 veteri
967 1403 1077 1472 neque
1093 1380 1130 1447 in
1146 1402 1236 1448 novo
1262 1380 1374 1447 Testa·

210 1493 323 1555 mento
345 1486 473 1556 doceri.
492 1487 569 1557 Non
593 1487 708 1556 minus
724 1510 863 1555 rursum
880 1485 1044 1575 culpandi
1061 1491 1155 1570 sunt,
1174 1485 1237 1578 qui
1252 1483 1374 1552 Filium

208 1594 412 1663 existiment
426 1618 499 1665 esse
511 1619 583 1664 rem
595 1598 724 1665 iactam
739 1595 890 1684 (ποιπμα),
901 1598 937 1660 et
945 1593 1130 1663 Dominum
1142 1617 1217 1664 esse
1228 1598 1374 1663 creatum

213 1700 376 1791 (γεγονεναι
392 1726 440 1768 τον
457 1703 610 1794 sopor)...
637 1704 677 1772 Si
700 1706 816 1775 factus
839 1712 894 1775 est
916 1704 1055 1788 Filius,
1081 1699 1158 1771 erat
1180 1700 1371 1793 aliquando

210 1812 346 1904 quando
362 1833 430 1878 non
453 1816 531 1879 erat
556 1808 615 1897 (ir,
634 1811 680 1875 ὁτε
698 1815 749 1875 ὀυν.
768 1809 831 1899 rb);
848 1813 947 1906 atqui
972 1833 1105 1901 semper
1121 1815 1210 1895 erat,
1229 1809 1262 1877 si
1279 1809 1374 1877 estir

209 1918 325 2002 Patre,
344 1923 385 1985 ut
407 1917 552 2006 ipsemet
575 1917 742 2004 declarat,
760 1926 797 1989 et
813 1919 844 1989 si
861 1921 1025 1989 Christus
1041 1923 1096 1986 est
1111 1918 1266 1986 Verbum
1283 1921 1321 1984 et
1334 1935 1372 1982 sa

209 2026 343 2117 pientia
355 2031 390 2094 et
400 2024 527 2112 virtus;
538 2024 624 2095 haec
640 2027 731 2095 enim
743 2052 817 2098 esse
825 2029 1006 2098 Christum
1020 2026 1161 2096 divinae
1173 2025 1318 2094 litterae
1330 2023 1372 2091 do

210 2141 301 2220 cent,
312 2140 353 2204 ut
363 2135 486 2222 nostis;
498 2135 583 2205 haec
594 2143 709 2206 antem
719 2138 835 2206 eadem
844 2137 1000 2207 suntDei
1012 2136 1230 2220 virtutes,ac
1241 2131 1374 2224 proinde

210 2243 241 2311 si
265 2245 381 2313 iectus
397 2250 451 2312 est
464 2243 593 2329 Filius,
611 2251 688 2314 erat
704 2245 904 2339 aliquando,
930 2245 1067 2339 quando
1083 2244 1168 2312 haec
1183 2263 1253 2310 non
1269 2245 1373 2309 erant

209 2356 287 2418 erat
311 2372 394 2440 ergo
417 2357 565 2442 tempus,
593 2354 730 2444 quando
747 2355 821 2422 sine
837 2354 893 2422 his
910 2360 986 2423 erat
1008 2353 1114 2437 Deus,
1142 2349 1233 2442 quod
1259 2354 1316 2416 est
1330 2345 1373 2415 sh

212 2458 455 2528 surdissimum
471 2460 563 2547 (2)...
576 2460 695 2550 Igitur
707 2484 817 2553 neque
829 2460 1069 2530 admirabilem
1085 2465 1121 2528 et
1136 2457 1295 2527 divinam
1311 2451 1372 2523 uni

211 2572 318 2636 tatem
336 2563 402 2655 (την
418 2567 602 2653 &aepactae
619 2593 670 2632 και
686 2569 774 2633 &stota
784 2561 912 2655 μοναδα)
931 2572 1067 2659 oportet
1080 2564 1238 2635 dividere
1257 2563 1295 2630 in
1311 2568 1374 2630 tro

211 2672 372 2760 deitates,
398 2698 506 2767 neque
531 2675 741 2765 dignitatem
765 2698 999 2766 summamque
1015 2671 1294 2763 magnitudinem
1316 2670 1374 2738 Do-

212 2780 297 2848 mini
319 2788 476 2850 evertere
499 2783 671 2871 opinione,
697 2783 787 2875 qnod
812 2785 928 2852 iactus
952 2781 1011 2869 sit;
1031 2781 1090 2849 sed
1107 2778 1314 2849 credendum
1333 2789 1374 2846 est

100 2950 102 2955 ,
211 2887 247 2955 in
270 2887 382 2956 Deum
404 2889 545 2958 Patrem
568 2890 836 2980 omnipotentem
864 2895 902 2959 et
924 2891 961 2959 in
984 2891 1099 2958 Iesum
1123 2885 1304 2955 Christum
1327 2884 1374 2954 Fi

211 2993 298 3063 lium
321 2995 398 3065 eius
421 3002 457 3065 et
479 2997 517 3065 in
534 2996 708 3087 Spiritum
731 2999 910 3083 Sanctum,
929 3021 969 3067 ec
984 2997 1139 3066 Verbum
1156 2994 1297 3063 unitum
1313 3016 1374 3062 ess«

211 3101 283 3171 Deo
305 3103 560 3174 universorum.
586 3105 652 3175 Ait
674 3107 778 3176 enim:
804 3130 867 3198 ego
890 3107 1374 3197 etPaterunumsum11s5et

211 3232 274 3298 ego
297 3208 335 3278 in
351 3209 455 3280 Patre
471 3219 508 3281 et
522 3213 628 3282 Pater
651 3213 688 3281 in
712 3237 764 3283 me
787 3219 852 3284 est.
872 3214 930 3283 Ita
950 3212 1085 3282 scilicet
1100 3216 1136 3280 et
1152 3208 1313 3278 Trinitas
1337 3208 1374 3277 di⁴

211 3315 296 3384 vina
317 3321 353 3385 et
374 3323 496 3388 sancta
519 3319 739 3389 monarchiae
755 3319 971 3410 praedicatio
993 3319 1133 3407 integra
1150 3316 1374 3384 servabiturs

212 3423 248 3493 S.
274 3423 421 3516 Dionys.
447 3427 541 3517 apud
563 3427 738 3497 Athenas.
753 3427 794 3496 de
811 3428 940 3496 decret.
968 3426 1045 3496 Nic.
1066 3450 1101 3493 n.
1119 3424 1175 3492 26.

280 3532 578 3621 «Angustissime
601 3534 714 3623 igitur
743 3533 958 3624 praedicatio
980 3530 1158 3601 Ecclesiae
1181 3530 1279 3599 Dein
1298 3530 1372 3599 h.s

210 3637 350 3726 publice
371 3644 407 3708 et
430 3641 619 3710 communis
641 3641 811 3732 professio
834 3647 940 3733 atque
964 3637 1135 3724 doctrina,
1153 3643 1243 3706 teste
1268 3637 1372 3707 Ponti

281 3868 324 3945 (l)
337 3874 405 3932 Ἤδη
418 3895 461 3929 και
484 3895 530 3934 την
551 3873 625 3930 brias
642 3881 734 3948 τριαδα
757 3877 794 3936 irc
818 3874 872 3939 isa,
889 3875 977 3947 ὥσπερ
997 3877 1034 3937 ὄις
1055 3888 1168 3946 rognum
1190 3896 1258 3940 τινα,
1271 3895 1313 3927 τοι
1327 3871 1372 3928 beo

212 3983 257 4015 των
276 3961 339 4016 ὅλων
355 3984 398 4016 τοι
411 3984 614 4038 παντοκρατορα
627 3972 704 4038 λῦγω,
717 3963 987 4037 συγκιφαλαιουσθαι
1003 3986 1030 4016 τε
1053 3987 1098 4018 και
1118 3962 1288 4036 συυαγεσθαι
1310 3983 1374 4019 τισι

211 4073 327 4124 αναγκη.
1231 4071 1233 4073 ’

282 4139 324 4217 (i)
341 4143 482 4200 Videlicet
499 4147 568 4200 haec
587 4145 716 4200 absolute
735 4151 849 4214 sumpte
868 4150 937 4200 eunt
951 4144 1052 4199 divina
1067 4145 1220 4212 attributa;
1235 4159 1303 4211 ergo
1323 4160 1374 4198 cun

211 4233 344 4288 christus
363 4235 545 4304 praedicetur
562 4237 657 4290 Filius
678 4252 694 4291 ι
713 4239 799 4291 Petro
820 4236 986 4302 distinctus,
1002 4237 1130 4291 vincitur
1148 4236 1304 4303 &bellium
1324 4251 1374 4289 cun

212 4324 393 4389 proediestur
410 4328 574 4381 nominibus
595 4326 714 4395 divinis,
735 4328 832 4382 Putris
853 4327 987 4392 Verbum,
1009 4325 1170 4394 Sapientis,
1193 4327 1305 4393 Virtus,
1328 4325 1374 4379 vm

213 4418 317 4468 cuntur
328 4415 369 4483 hl,
384 4417 434 4484 qui
449 4417 556 4472 lilllum
577 4415 678 4472 dieunt
695 4417 812 4472 tectum.
