<?xml version="1.0" encoding="UTF-8"?>
<!DOCTYPE html PUBLIC "-//W3C//DTD XHTML 1.0 Transitional//EN"
    "http://www.w3.org/TR/xhtml1/DTD/xhtml1-transitional.dtd">
<html xmlns="http://www.w3.org/1999/xhtml" xml:lang="en" lang="en">
 <head>
  <title>
</title>
<meta http-equiv="Content-Type" content="text/html;charset=utf-8" />
  <meta name='ocr-system' content='tesseract 3.04.00' />
  <meta name='ocr-capabilities' content='ocr_page ocr_carea ocr_par ocr_line ocrx_word'/>
</head>
<body>
  <div class='ocr_page' id='page_1' title='image "./tractatusdedeot00frangoog/tractatusdedeot00frangoog_0090.png"; bbox 0 0 3172 4950; ppageno 0'>
   <div class='ocr_carea' id='block_1_1' title="bbox 10 336 1311 4541">
    <p class='ocr_par' dir='ltr' id='par_1_1' title="bbox 26 336 1225 1616">
     <span class='ocr_line' id='line_1_1' title="bbox 559 336 718 395; baseline -0.006 -15"><span class='ocrx_word' id='word_1_1' title='bbox 559 367 597 380; x_wconf 88' lang='lat'>-</span> <span class='ocrx_word' id='word_1_2' title='bbox 619 336 659 395; x_wconf 83' lang='lat'>77</span> <span class='ocrx_word' id='word_1_3' title='bbox 680 366 718 379; x_wconf 88' lang='lat'>-</span> 
     </span>
     <span class='ocr_line' id='line_1_2' title="bbox 69 438 1222 514; baseline -0.005 -1"><span class='ocrx_word' id='word_1_4' title='bbox 69 447 118 514; x_wconf 87' lang='lat' dir='ltr'>len</span> <span class='ocrx_word' id='word_1_5' title='bbox 139 443 361 514; x_wconf 74' lang='lat' dir='ltr'>existentem.</span> <span class='ocrx_word' id='word_1_6' title='bbox 376 442 572 513; x_wconf 84' lang='lat' dir='ltr'>Secundum</span> <span class='ocrx_word' id='word_1_7' title='bbox 595 445 712 510; x_wconf 86' lang='lat' dir='ltr'>autem</span> <span class='ocrx_word' id='word_1_8' title='bbox 728 438 862 508; x_wconf 86' lang='lat' dir='ltr'>nnllam</span> <span class='ocrx_word' id='word_1_9' title='bbox 879 438 1088 510; x_wconf 77' lang='lat' dir='ltr'>sententiam</span> <span class='ocrx_word' id='word_1_10' title='bbox 1104 439 1222 508; x_wconf 85' lang='lat' dir='ltr'>haere-</span> 
     </span>
     <span class='ocr_line' id='line_1_3' title="bbox 68 541 1219 637; baseline -0.004 -14"><span class='ocrx_word' id='word_1_11' title='bbox 68 555 221 637; x_wconf 89' lang='lat' dir='ltr'>ticornm,</span> <span class='ocrx_word' id='word_1_12' title='bbox 246 552 402 622; x_wconf 88' lang='lat' dir='ltr'>Verbum</span> <span class='ocrx_word' id='word_1_13' title='bbox 425 552 489 620; x_wconf 88' lang='lat' dir='ltr'>Dei</span> <span class='ocrx_word' id='word_1_14' title='bbox 512 572 592 620; x_wconf 91' lang='lat' dir='ltr'>caro</span> <span class='ocrx_word' id='word_1_15' title='bbox 616 550 750 618; x_wconf 85' lang='lat' dir='ltr'>factum</span> <span class='ocrx_word' id='word_1_16' title='bbox 773 554 828 617; x_wconf 89' lang='lat' dir='ltr'>est</span> <span class='ocrx_word' id='word_1_17' title='bbox 845 576 862 612; x_wconf 78' lang='lat' dir='ltr'>n</span> <span class='ocrx_word' id='word_1_18' title='bbox 882 549 976 619; x_wconf 89' lang='lat' dir='ltr'>Iren.</span> <span class='ocrx_word' id='word_1_19' title='bbox 996 548 1069 617; x_wconf 91' lang='lat' dir='ltr'>l.c.</span> <span class='ocrx_word' id='word_1_20' title='bbox 1088 541 1219 618; x_wconf 78' lang='lat' dir='ltr'>n.1-&#39;a.</span> 
     </span>
     <span class='ocr_line' id='line_1_4' title="bbox 26 655 1225 750; baseline -0.002 -22"><span class='ocrx_word' id='word_1_21' title='bbox 26 684 30 690; x_wconf 93' lang='lat'>·</span> <span class='ocrx_word' id='word_1_22' title='bbox 67 655 219 744; x_wconf 76' lang='lat' dir='ltr'>Quamvis</span> <span class='ocrx_word' id='word_1_23' title='bbox 242 682 328 728; x_wconf 86' lang='lat' dir='ltr'>vero</span> <span class='ocrx_word' id='word_1_24' title='bbox 352 659 438 729; x_wconf 90' lang='lat' dir='ltr'>haec</span> <span class='ocrx_word' id='word_1_25' title='bbox 460 665 623 750; x_wconf 87' lang='lat' dir='ltr'>portenta</span> <span class='ocrx_word' id='word_1_26' title='bbox 655 657 892 750; x_wconf 81' lang='lat' dir='ltr'>quadraginta</span> <span class='ocrx_word' id='word_1_27' title='bbox 923 657 1067 725; x_wconf 75' lang='lat' dir='ltr'>circiter</span> <span class='ocrx_word' id='word_1_28' title='bbox 1096 657 1197 726; x_wconf 88' lang='lat' dir='ltr'>annis</span> <span class='ocrx_word' id='word_1_29' title='bbox 1213 687 1225 742; x_wconf 61' lang='lat'>,¹</span> 
     </span>
     <span class='ocr_line' id='line_1_5' title="bbox 67 763 1221 859; baseline -0.002 -24"><span class='ocrx_word' id='word_1_30' title='bbox 67 768 110 859; x_wconf 86' lang='lat' dir='ltr'>qni</span> <span class='ocrx_word' id='word_1_31' title='bbox 130 789 152 834; x_wconf 84' lang='lat' dir='ltr'>a</span> <span class='ocrx_word' id='word_1_32' title='bbox 174 767 366 857; x_wconf 79' lang='lat' dir='ltr'>scriptione</span> <span class='ocrx_word' id='word_1_33' title='bbox 389 765 579 855; x_wconf 85' lang='lat' dir='ltr'>Evangelii</span> <span class='ocrx_word' id='word_1_34' title='bbox 595 772 630 834; x_wconf 89' lang='lat' dir='ltr'>et</span> <span class='ocrx_word' id='word_1_35' title='bbox 646 765 873 855; x_wconf 87' lang='lat' dir='ltr'>epistolarum</span> <span class='ocrx_word' id='word_1_36' title='bbox 889 765 1034 833; x_wconf 88' lang='lat' dir='ltr'>Ioannis</span> <span class='ocrx_word' id='word_1_37' title='bbox 1051 786 1160 856; x_wconf 87' lang='lat' dir='ltr'>usque</span> <span class='ocrx_word' id='word_1_38' title='bbox 1177 763 1221 834; x_wconf 91' lang='lat' dir='ltr'>ad</span> 
     </span>
     <span class='ocr_line' id='line_1_6' title="bbox 65 872 1222 962; baseline -0.006 -17"><span class='ocrx_word' id='word_1_39' title='bbox 65 874 275 945; x_wconf 77' lang='lat' dir='ltr'>Valentinum</span> <span class='ocrx_word' id='word_1_40' title='bbox 300 874 504 943; x_wconf 82' lang='lat' dir='ltr'>Gnosticnm</span> <span class='ocrx_word' id='word_1_41' title='bbox 528 873 764 958; x_wconf 86' lang='lat' dir='ltr'>effluxerant,</span> <span class='ocrx_word' id='word_1_42' title='bbox 792 872 889 944; x_wconf 86' lang='lat' dir='ltr'>varie</span> <span class='ocrx_word' id='word_1_43' title='bbox 913 872 1084 962; x_wconf 89' lang='lat' dir='ltr'>disposita</span> <span class='ocrx_word' id='word_1_44' title='bbox 1108 877 1144 940; x_wconf 92' lang='lat' dir='ltr'>et</span> <span class='ocrx_word' id='word_1_45' title='bbox 1167 894 1222 939; x_wconf 85' lang='lat' dir='ltr'>ex-</span> 
     </span>
     <span class='ocr_line' id='line_1_7' title="bbox 67 978 1223 1071; baseline -0.005 -19"><span class='ocrx_word' id='word_1_46' title='bbox 67 983 143 1052; x_wconf 86' lang='lat' dir='ltr'>culta</span> <span class='ocrx_word' id='word_1_47' title='bbox 165 983 281 1052; x_wconf 84' lang='lat' dir='ltr'>fnisse</span> <span class='ocrx_word' id='word_1_48' title='bbox 303 1004 373 1050; x_wconf 90' lang='lat' dir='ltr'>non</span> <span class='ocrx_word' id='word_1_49' title='bbox 396 982 445 1050; x_wconf 91' lang='lat' dir='ltr'>sit</span> <span class='ocrx_word' id='word_1_50' title='bbox 460 981 615 1066; x_wconf 89' lang='lat' dir='ltr'>dubium,</span> <span class='ocrx_word' id='word_1_51' title='bbox 633 981 808 1071; x_wconf 87' lang='lat' dir='ltr'>principia</span> <span class='ocrx_word' id='word_1_52' title='bbox 823 987 939 1049; x_wconf 88' lang='lat' dir='ltr'>tamen</span> <span class='ocrx_word' id='word_1_53' title='bbox 955 1001 995 1048; x_wconf 92' lang='lat' dir='ltr'>ac</span> <span class='ocrx_word' id='word_1_54' title='bbox 1014 978 1145 1048; x_wconf 88' lang='lat' dir='ltr'>semina</span> <span class='ocrx_word' id='word_1_55' title='bbox 1160 979 1223 1047; x_wconf 91' lang='lat' dir='ltr'>hu·</span> 
     </span>
     <span class='ocr_line' id='line_1_8' title="bbox 67 1087 1223 1160; baseline -0.005 0"><span class='ocrx_word' id='word_1_56' title='bbox 67 1092 106 1160; x_wconf 87' lang='lat' dir='ltr'>ins</span> <span class='ocrx_word' id='word_1_57' title='bbox 127 1091 212 1160; x_wconf 82' lang='lat' dir='ltr'>falsi</span> <span class='ocrx_word' id='word_1_58' title='bbox 235 1090 388 1159; x_wconf 89' lang='lat' dir='ltr'>nominis</span> <span class='ocrx_word' id='word_1_59' title='bbox 411 1089 578 1159; x_wconf 85' lang='lat' dir='ltr'>scientiae</span> <span class='ocrx_word' id='word_1_60' title='bbox 600 1087 750 1156; x_wconf 90' lang='lat' dir='ltr'>inAsia</span> <span class='ocrx_word' id='word_1_61' title='bbox 765 1089 892 1157; x_wconf 90' lang='lat' dir='ltr'>minori</span> <span class='ocrx_word' id='word_1_62' title='bbox 906 1089 976 1156; x_wconf 88' lang='lat' dir='ltr'>iam</span> <span class='ocrx_word' id='word_1_63' title='bbox 992 1094 1108 1157; x_wconf 88' lang='lat' dir='ltr'>aetate</span> <span class='ocrx_word' id='word_1_64' title='bbox 1123 1088 1223 1156; x_wconf 90' lang='lat' dir='ltr'>Ioan-</span> 
     </span>
     <span class='ocr_line' id='line_1_9' title="bbox 67 1196 1224 1291; baseline -0.005 -23"><span class='ocrx_word' id='word_1_65' title='bbox 67 1200 106 1268; x_wconf 86' lang='lat' dir='ltr'>nis</span> <span class='ocrx_word' id='word_1_66' title='bbox 125 1199 290 1291; x_wconf 84' lang='lat' dir='ltr'>Apostoli</span> <span class='ocrx_word' id='word_1_67' title='bbox 314 1221 437 1290; x_wconf 87' lang='lat' dir='ltr'>sparsa</span> <span class='ocrx_word' id='word_1_68' title='bbox 461 1200 582 1284; x_wconf 87' lang='lat' dir='ltr'>fuisse,</span> <span class='ocrx_word' id='word_1_69' title='bbox 608 1205 683 1269; x_wconf 88' lang='lat' dir='ltr'>tum</span> <span class='ocrx_word' id='word_1_70' title='bbox 708 1221 769 1288; x_wconf 88' lang='lat' dir='ltr'>per</span> <span class='ocrx_word' id='word_1_71' title='bbox 794 1196 1031 1287; x_wconf 88' lang='lat' dir='ltr'>seprobabile</span> <span class='ocrx_word' id='word_1_72' title='bbox 1057 1201 1122 1281; x_wconf 88' lang='lat' dir='ltr'>est,</span> <span class='ocrx_word' id='word_1_73' title='bbox 1148 1201 1224 1263; x_wconf 88' lang='lat' dir='ltr'>tum</span> 
     </span>
     <span class='ocr_line' id='line_1_10' title="bbox 66 1305 1224 1396; baseline -0.004 -20"><span class='ocrx_word' id='word_1_74' title='bbox 66 1330 93 1376; x_wconf 85' lang='lat' dir='ltr'>er</span> <span class='ocrx_word' id='word_1_75' title='bbox 112 1307 315 1377; x_wconf 81' lang='lat' dir='ltr'>testimonio</span> <span class='ocrx_word' id='word_1_76' title='bbox 340 1308 661 1378; x_wconf 88' lang='lat' dir='ltr'>vetustissimorum</span> <span class='ocrx_word' id='word_1_77' title='bbox 677 1309 836 1391; x_wconf 88' lang='lat' dir='ltr'>Petrum,</span> <span class='ocrx_word' id='word_1_78' title='bbox 854 1312 929 1375; x_wconf 91' lang='lat' dir='ltr'>tum</span> <span class='ocrx_word' id='word_1_79' title='bbox 946 1328 988 1375; x_wconf 87' lang='lat' dir='ltr'>ex</span> <span class='ocrx_word' id='word_1_80' title='bbox 1011 1306 1089 1396; x_wconf 89' lang='lat' dir='ltr'>ipsa</span> <span class='ocrx_word' id='word_1_81' title='bbox 1112 1305 1224 1373; x_wconf 85' lang='lat' dir='ltr'>forma</span> 
     </span>
     <span class='ocr_line' id='line_1_11' title="bbox 67 1412 1223 1505; baseline -0.003 -21"><span class='ocrx_word' id='word_1_82' title='bbox 67 1422 137 1485; x_wconf 87' lang='lat' dir='ltr'>etex</span> <span class='ocrx_word' id='word_1_83' title='bbox 149 1415 252 1485; x_wconf 92' lang='lat' dir='ltr'>modo</span> <span class='ocrx_word' id='word_1_84' title='bbox 265 1415 440 1485; x_wconf 87' lang='lat' dir='ltr'>scribendi</span> <span class='ocrx_word' id='word_1_85' title='bbox 453 1415 613 1505; x_wconf 89' lang='lat' dir='ltr'>Apostoli</span> <span class='ocrx_word' id='word_1_86' title='bbox 628 1421 761 1486; x_wconf 87' lang='lat' dir='ltr'>certum</span> <span class='ocrx_word' id='word_1_87' title='bbox 778 1412 938 1483; x_wconf 84' lang='lat' dir='ltr'>redditur</span> <span class='ocrx_word' id='word_1_88' title='bbox 962 1415 1023 1502; x_wconf 83' lang='lat' dir='ltr'>(cf.</span> <span class='ocrx_word' id='word_1_89' title='bbox 1037 1413 1081 1481; x_wconf 80' lang='lat' dir='ltr'>R.</span> <span class='ocrx_word' id='word_1_90' title='bbox 1100 1412 1139 1483; x_wconf 86' lang='lat' dir='ltr'>P.</span> <span class='ocrx_word' id='word_1_91' title='bbox 1159 1412 1223 1481; x_wconf 91' lang='lat' dir='ltr'>Pa-</span> 
     </span>
     <span class='ocr_line' id='line_1_12' title="bbox 66 1524 506 1616; baseline -0.005 -22"><span class='ocrx_word' id='word_1_92' title='bbox 66 1524 224 1594; x_wconf 87' lang='lat' dir='ltr'>hitiuml.</span> <span class='ocrx_word' id='word_1_93' title='bbox 240 1548 272 1593; x_wconf 90' lang='lat' dir='ltr'>c.</span> <span class='ocrx_word' id='word_1_94' title='bbox 288 1548 324 1592; x_wconf 89' lang='lat' dir='ltr'>n.</span> <span class='ocrx_word' id='word_1_95' title='bbox 343 1524 384 1591; x_wconf 88' lang='lat'>11</span> <span class='ocrx_word' id='word_1_96' title='bbox 401 1529 506 1616; x_wconf 87' lang='lat' dir='ltr'>sqq.).</span> 
     </span>
    </p>

    <p class='ocr_par' dir='ltr' id='par_1_2' title="bbox 10 1629 1311 3242">
     <span class='ocr_line' id='line_1_13' title="bbox 114 1629 1224 1722; baseline -0.003 -21"><span class='ocrx_word' id='word_1_97' title='bbox 114 1635 189 1701; x_wconf 90' lang='lat' dir='ltr'>Iam</span> <span class='ocrx_word' id='word_1_98' title='bbox 212 1655 256 1701; x_wconf 86' lang='lat' dir='ltr'>ex</span> <span class='ocrx_word' id='word_1_99' title='bbox 287 1632 366 1722; x_wconf 90' lang='lat' dir='ltr'>ipsa</span> <span class='ocrx_word' id='word_1_100' title='bbox 394 1632 496 1702; x_wconf 89' lang='lat' dir='ltr'>obvia</span> <span class='ocrx_word' id='word_1_101' title='bbox 526 1632 674 1702; x_wconf 88' lang='lat' dir='ltr'>lectione</span> <span class='ocrx_word' id='word_1_102' title='bbox 705 1637 868 1717; x_wconf 87' lang='lat' dir='ltr'>constat,</span> <span class='ocrx_word' id='word_1_103' title='bbox 902 1652 941 1700; x_wconf 88' lang='lat' dir='ltr'>ec</span> <span class='ocrx_word' id='word_1_104' title='bbox 972 1635 1128 1720; x_wconf 88' lang='lat' dir='ltr'>spectare</span> <span class='ocrx_word' id='word_1_105' title='bbox 1159 1629 1224 1698; x_wconf 90' lang='lat' dir='ltr'>hoo</span> 
     </span>
     <span class='ocr_line' id='line_1_14' title="bbox 66 1738 1221 1832; baseline -0.003 -22"><span class='ocrx_word' id='word_1_106' title='bbox 66 1741 151 1810; x_wconf 63' lang='lat' dir='ltr'>mam</span> <span class='ocrx_word' id='word_1_107' title='bbox 174 1747 390 1832; x_wconf 87' lang='lat' dir='ltr'>postremum</span> <span class='ocrx_word' id='word_1_108' title='bbox 413 1747 517 1832; x_wconf 87' lang='lat' dir='ltr'>caput</span> <span class='ocrx_word' id='word_1_109' title='bbox 539 1740 705 1830; x_wconf 89' lang='lat' dir='ltr'>epistolae</span> <span class='ocrx_word' id='word_1_110' title='bbox 728 1765 761 1809; x_wconf 90' lang='lat' dir='ltr'>v.</span> <span class='ocrx_word' id='word_1_111' title='bbox 779 1738 883 1809; x_wconf 83' lang='grc'><strong>4-13.</strong></span> <span class='ocrx_word' id='word_1_112' title='bbox 898 1739 954 1824; x_wconf 81' lang='lat'>20,</span> <span class='ocrx_word' id='word_1_113' title='bbox 980 1745 1023 1807; x_wconf 89' lang='lat' dir='ltr'>nt</span> <span class='ocrx_word' id='word_1_114' title='bbox 1045 1738 1221 1824; x_wconf 87' lang='lat' dir='ltr'>doceatur,</span> 
     </span>
     <span class='ocr_line' id='line_1_15' title="bbox 65 1847 1222 1942; baseline -0.004 -24"><span class='ocrx_word' id='word_1_115' title='bbox 65 1849 149 1918; x_wconf 88' lang='lat' dir='ltr'>illum</span> <span class='ocrx_word' id='word_1_116' title='bbox 170 1849 288 1940; x_wconf 90' lang='lat' dir='ltr'>ipsum</span> <span class='ocrx_word' id='word_1_117' title='bbox 310 1849 426 1918; x_wconf 88' lang='lat' dir='ltr'>Iesum</span> <span class='ocrx_word' id='word_1_118' title='bbox 450 1850 511 1942; x_wconf 90' lang='lat' dir='ltr'>qui</span> <span class='ocrx_word' id='word_1_119' title='bbox 538 1849 693 1920; x_wconf 90' lang='lat' dir='ltr'>visibilis</span> <span class='ocrx_word' id='word_1_120' title='bbox 724 1847 915 1939; x_wconf 87' lang='lat' dir='ltr'>apparuit,</span> <span class='ocrx_word' id='word_1_121' title='bbox 941 1869 1018 1916; x_wconf 88' lang='lat' dir='ltr'>esse</span> <span class='ocrx_word' id='word_1_122' title='bbox 1041 1852 1077 1915; x_wconf 92' lang='lat' dir='ltr'>et</span> <span class='ocrx_word' id='word_1_123' title='bbox 1100 1868 1222 1914; x_wconf 88' lang='lat' dir='ltr'>verum</span> 
     </span>
     <span class='ocr_line' id='line_1_16' title="bbox 66 1955 1223 2048; baseline 0.002 -26"><span class='ocrx_word' id='word_1_124' title='bbox 66 1955 220 2026; x_wconf 87' lang='lat' dir='ltr'>hominem</span> <span class='ocrx_word' id='word_1_125' title='bbox 235 1964 272 2025; x_wconf 92' lang='lat' dir='ltr'>et</span> <span class='ocrx_word' id='word_1_126' title='bbox 287 1956 467 2026; x_wconf 86' lang='lat' dir='ltr'>Christum</span> <span class='ocrx_word' id='word_1_127' title='bbox 484 1979 673 2048; x_wconf 87' lang='lat' dir='ltr'>verumque</span> <span class='ocrx_word' id='word_1_128' title='bbox 687 1956 820 2024; x_wconf 82' lang='lat' dir='ltr'>Filium</span> <span class='ocrx_word' id='word_1_129' title='bbox 835 1955 913 2024; x_wconf 89' lang='lat' dir='ltr'>Dei.</span> <span class='ocrx_word' id='word_1_130' title='bbox 936 1985 952 2017; x_wconf 82' lang='lat' dir='ltr'>u</span> <span class='ocrx_word' id='word_1_131' title='bbox 970 1955 1065 2024; x_wconf 91' lang='lat' dir='ltr'>Haec</span> <span class='ocrx_word' id='word_1_132' title='bbox 1080 1961 1134 2024; x_wconf 90' lang='lat' dir='ltr'>est</span> <span class='ocrx_word' id='word_1_133' title='bbox 1150 1955 1223 2024; x_wconf 87' lang='lat' dir='ltr'>vic·</span> 
     </span>
     <span class='ocr_line' id='line_1_17' title="bbox 66 2064 1225 2162; baseline -0.001 -28"><span class='ocrx_word' id='word_1_134' title='bbox 66 2066 141 2134; x_wconf 88' lang='lat' dir='ltr'>toria</span> <span class='ocrx_word' id='word_1_135' title='bbox 155 2088 244 2159; x_wconf 88' lang='lat' dir='ltr'>quae</span> <span class='ocrx_word' id='word_1_136' title='bbox 262 2066 375 2136; x_wconf 89' lang='lat' dir='ltr'>vincit</span> <span class='ocrx_word' id='word_1_137' title='bbox 397 2066 573 2150; x_wconf 88' lang='lat' dir='ltr'>mundum,</span> <span class='ocrx_word' id='word_1_138' title='bbox 592 2066 678 2135; x_wconf 87' lang='lat' dir='ltr'>fides</span> <span class='ocrx_word' id='word_1_139' title='bbox 700 2071 831 2134; x_wconf 85' lang='lat' dir='ltr'>nostra.</span> <span class='ocrx_word' id='word_1_140' title='bbox 851 2064 940 2162; x_wconf 82' lang='lat' dir='ltr'>Quis</span> <span class='ocrx_word' id='word_1_141' title='bbox 957 2071 1011 2133; x_wconf 90' lang='lat' dir='ltr'>est</span> <span class='ocrx_word' id='word_1_142' title='bbox 1028 2064 1089 2156; x_wconf 88' lang='lat' dir='ltr'>qui</span> <span class='ocrx_word' id='word_1_143' title='bbox 1111 2064 1225 2133; x_wconf 90' lang='lat' dir='ltr'>vincit</span> 
     </span>
     <span class='ocr_line' id='line_1_18' title="bbox 66 2173 1220 2268; baseline -0.004 -26"><span class='ocrx_word' id='word_1_144' title='bbox 66 2175 238 2261; x_wconf 87' lang='lat' dir='ltr'>nundum,</span> <span class='ocrx_word' id='word_1_145' title='bbox 265 2175 335 2243; x_wconf 90' lang='lat' dir='ltr'>nisi</span> <span class='ocrx_word' id='word_1_146' title='bbox 360 2176 420 2267; x_wconf 89' lang='lat' dir='ltr'>qni</span> <span class='ocrx_word' id='word_1_147' title='bbox 444 2174 566 2262; x_wconf 90' lang='lat' dir='ltr'>credit,</span> <span class='ocrx_word' id='word_1_148' title='bbox 586 2177 748 2268; x_wconf 86' lang='lat' dir='ltr'>quoniam</span> <span class='ocrx_word' id='word_1_149' title='bbox 771 2174 869 2243; x_wconf 89' lang='lat' dir='ltr'>Iesus</span> <span class='ocrx_word' id='word_1_150' title='bbox 892 2180 947 2243; x_wconf 88' lang='lat' dir='ltr'>est</span> <span class='ocrx_word' id='word_1_151' title='bbox 968 2173 1084 2242; x_wconf 83' lang='lat' dir='ltr'>Filius</span> <span class='ocrx_word' id='word_1_152' title='bbox 1105 2173 1220 2242; x_wconf 76' lang='lat' dir='ltr'>Deiln</span> 
     </span>
     <span class='ocr_line' id='line_1_19' title="bbox 10 2281 1311 2376; baseline -0.005 -23"><span class='ocrx_word' id='word_1_153' title='bbox 10 2300 13 2308; x_wconf 87' lang='grc'><em>·</em></span> <span class='ocrx_word' id='word_1_154' title='bbox 66 2281 217 2376; x_wconf 85' lang='lat' dir='ltr'>Sequitur</span> <span class='ocrx_word' id='word_1_155' title='bbox 240 2282 398 2353; x_wconf 86' lang='lat' dir='ltr'>inductio</span> <span class='ocrx_word' id='word_1_156' title='bbox 421 2284 616 2352; x_wconf 88' lang='lat' dir='ltr'>testimonii</span> <span class='ocrx_word' id='word_1_157' title='bbox 638 2284 744 2349; x_wconf 78' lang='lat' dir='ltr'>rectis</span> <span class='ocrx_word' id='word_1_158' title='bbox 770 2289 806 2352; x_wconf 90' lang='lat' dir='ltr'>et</span> <span class='ocrx_word' id='word_1_159' title='bbox 836 2281 1030 2352; x_wconf 88' lang='lat' dir='ltr'>testimonii</span> <span class='ocrx_word' id='word_1_160' title='bbox 1054 2281 1224 2369; x_wconf 76' lang='lat' dir='ltr'>formatio</span> <span class='ocrx_word' id='word_1_161' title='bbox 1308 2291 1311 2297; x_wconf 83' lang='grc'><strong>’</strong></span> 
     </span>
     <span class='ocr_line' id='line_1_20' title="bbox 10 2389 1224 2462; baseline 0.004 -9"><span class='ocrx_word' id='word_1_162' title='bbox 10 2448 12 2453; x_wconf 79' lang='grc'>,</span> <span class='ocrx_word' id='word_1_163' title='bbox 68 2389 99 2458; x_wconf 88' lang='lat' dir='ltr'>de</span> <span class='ocrx_word' id='word_1_164' title='bbox 118 2391 196 2460; x_wconf 88' lang='lat' dir='ltr'>Iesu</span> <span class='ocrx_word' id='word_1_165' title='bbox 219 2414 304 2460; x_wconf 89' lang='lat' dir='ltr'>vero</span> <span class='ocrx_word' id='word_1_166' title='bbox 327 2391 465 2460; x_wconf 89' lang='lat' dir='ltr'>homine</span> <span class='ocrx_word' id='word_1_167' title='bbox 487 2396 523 2461; x_wconf 91' lang='lat' dir='ltr'>et</span> <span class='ocrx_word' id='word_1_168' title='bbox 545 2414 629 2462; x_wconf 88' lang='lat' dir='ltr'>vero</span> <span class='ocrx_word' id='word_1_169' title='bbox 653 2390 792 2460; x_wconf 88' lang='lat' dir='ltr'>Christo</span> <span class='ocrx_word' id='word_1_170' title='bbox 822 2389 917 2459; x_wconf 86' lang='lat' dir='ltr'>Filio</span> <span class='ocrx_word' id='word_1_171' title='bbox 939 2390 1028 2459; x_wconf 89' lang='lat' dir='ltr'>Dei:</span> <span class='ocrx_word' id='word_1_172' title='bbox 1058 2389 1147 2458; x_wconf 78' lang='lat' dir='ltr'>uhic</span> <span class='ocrx_word' id='word_1_173' title='bbox 1170 2395 1224 2458; x_wconf 89' lang='lat' dir='ltr'>est</span> 
     </span>
     <span class='ocr_line' id='line_1_21' title="bbox 67 2497 1251 2594; baseline -0.003 -27"><span class='ocrx_word' id='word_1_174' title='bbox 67 2499 115 2589; x_wconf 87' lang='lat' dir='ltr'>qui</span> <span class='ocrx_word' id='word_1_175' title='bbox 136 2499 235 2569; x_wconf 88' lang='lat' dir='ltr'>venit</span> <span class='ocrx_word' id='word_1_176' title='bbox 259 2524 320 2590; x_wconf 89' lang='lat' dir='ltr'>per</span> <span class='ocrx_word' id='word_1_177' title='bbox 344 2522 469 2594; x_wconf 85' lang='lat' dir='ltr'>aquam</span> <span class='ocrx_word' id='word_1_178' title='bbox 493 2507 529 2570; x_wconf 91' lang='lat' dir='ltr'>et</span> <span class='ocrx_word' id='word_1_179' title='bbox 551 2501 781 2590; x_wconf 84' lang='lat' dir='ltr'>sanguinem,</span> <span class='ocrx_word' id='word_1_180' title='bbox 807 2500 907 2569; x_wconf 89' lang='lat' dir='ltr'>Iesus</span> <span class='ocrx_word' id='word_1_181' title='bbox 940 2497 1127 2566; x_wconf 85' lang='lat' dir='ltr'>Christus:</span> <span class='ocrx_word' id='word_1_182' title='bbox 1153 2519 1221 2565; x_wconf 90' lang='lat' dir='ltr'>non</span> <span class='ocrx_word' id='word_1_183' title='bbox 1248 2498 1251 2505; x_wconf 80' lang='grc'><strong>’</strong></span> 
     </span>
     <span class='ocr_line' id='line_1_22' title="bbox 64 2605 1219 2703; baseline -0.001 -28"><span class='ocrx_word' id='word_1_184' title='bbox 64 2605 336 2701; x_wconf 79' lang='lat' dir='ltr'>inaquasolum</span> <span class='ocrx_word' id='word_1_185' title='bbox 361 2610 421 2678; x_wconf 91' lang='lat' dir='ltr'>sed</span> <span class='ocrx_word' id='word_1_186' title='bbox 444 2610 481 2677; x_wconf 92' lang='lat' dir='ltr'>in</span> <span class='ocrx_word' id='word_1_187' title='bbox 505 2632 596 2703; x_wconf 87' lang='lat' dir='ltr'>aqua</span> <span class='ocrx_word' id='word_1_188' title='bbox 618 2614 655 2678; x_wconf 89' lang='lat' dir='ltr'>et</span> <span class='ocrx_word' id='word_1_189' title='bbox 678 2609 860 2698; x_wconf 81' lang='lat' dir='ltr'>sanguine.</span> <span class='ocrx_word' id='word_1_190' title='bbox 886 2609 935 2676; x_wconf 87' lang='lat' dir='ltr'>Et</span> <span class='ocrx_word' id='word_1_191' title='bbox 959 2606 1116 2699; x_wconf 89' lang='lat' dir='ltr'>Spiritus</span> <span class='ocrx_word' id='word_1_192' title='bbox 1139 2611 1219 2692; x_wconf 86' lang='lat' dir='ltr'>est,</span> 
     </span>
     <span class='ocr_line' id='line_1_23' title="bbox 65 2714 1224 2810; baseline -0.001 -27"><span class='ocrx_word' id='word_1_193' title='bbox 65 2715 113 2805; x_wconf 88' lang='lat' dir='ltr'>qui</span> <span class='ocrx_word' id='word_1_194' title='bbox 133 2714 360 2802; x_wconf 88' lang='lat' dir='ltr'>testificatur,</span> <span class='ocrx_word' id='word_1_195' title='bbox 388 2718 549 2810; x_wconf 89' lang='lat' dir='ltr'>quoniam</span> <span class='ocrx_word' id='word_1_196' title='bbox 566 2716 729 2786; x_wconf 86' lang='lat' dir='ltr'>Christus</span> <span class='ocrx_word' id='word_1_197' title='bbox 752 2721 807 2784; x_wconf 88' lang='lat' dir='ltr'>est</span> <span class='ocrx_word' id='word_1_198' title='bbox 828 2717 962 2785; x_wconf 89' lang='lat' dir='ltr'>veritas</span> <span class='ocrx_word' id='word_1_199' title='bbox 980 2743 1010 2783; x_wconf 81' lang='lat' dir='ltr'>n.</span> <span class='ocrx_word' id='word_1_200' title='bbox 1032 2715 1147 2784; x_wconf 86' lang='lat' dir='ltr'>Locus</span> <span class='ocrx_word' id='word_1_201' title='bbox 1169 2720 1224 2783; x_wconf 90' lang='lat' dir='ltr'>est</span> 
     </span>
     <span class='ocr_line' id='line_1_24' title="bbox 63 2823 1222 2917; baseline -0.002 -25"><span class='ocrx_word' id='word_1_202' title='bbox 63 2823 240 2908; x_wconf 87' lang='lat' dir='ltr'>obscurus,</span> <span class='ocrx_word' id='word_1_203' title='bbox 267 2847 306 2892; x_wconf 90' lang='lat' dir='ltr'>eo</span> <span class='ocrx_word' id='word_1_204' title='bbox 329 2826 420 2917; x_wconf 91' lang='lat' dir='ltr'>quod</span> <span class='ocrx_word' id='word_1_205' title='bbox 443 2825 562 2915; x_wconf 88' lang='lat' dir='ltr'>plures</span> <span class='ocrx_word' id='word_1_206' title='bbox 584 2825 743 2894; x_wconf 87' lang='lat' dir='ltr'>admittit</span> <span class='ocrx_word' id='word_1_207' title='bbox 766 2846 910 2909; x_wconf 88' lang='lat' dir='ltr'>sensns,</span> <span class='ocrx_word' id='word_1_208' title='bbox 936 2823 1031 2892; x_wconf 91' lang='lat' dir='ltr'>inter</span> <span class='ocrx_word' id='word_1_209' title='bbox 1054 2844 1139 2914; x_wconf 89' lang='lat' dir='ltr'>quos</span> <span class='ocrx_word' id='word_1_210' title='bbox 1163 2844 1222 2890; x_wconf 92' lang='lat' dir='ltr'>no·</span> 
     </span>
     <span class='ocr_line' id='line_1_25' title="bbox 62 2930 1223 3025; baseline 0.002 -27"><span class='ocrx_word' id='word_1_211' title='bbox 62 2930 116 3016; x_wconf 89' lang='lat' dir='ltr'>bis,</span> <span class='ocrx_word' id='word_1_212' title='bbox 141 2932 268 3025; x_wconf 89' lang='lat' dir='ltr'>quibus</span> <span class='ocrx_word' id='word_1_213' title='bbox 285 2954 353 3001; x_wconf 93' lang='lat' dir='ltr'>non</span> <span class='ocrx_word' id='word_1_214' title='bbox 370 2935 484 3001; x_wconf 92' lang='lat' dir='ltr'>omnia</span> <span class='ocrx_word' id='word_1_215' title='bbox 500 2935 665 3002; x_wconf 87' lang='lat' dir='ltr'>adiuncta</span> <span class='ocrx_word' id='word_1_216' title='bbox 680 2932 811 3002; x_wconf 88' lang='lat' dir='ltr'>erroris</span> <span class='ocrx_word' id='word_1_217' title='bbox 828 2931 1034 3002; x_wconf 86' lang='lat' dir='ltr'>confutandi</span> <span class='ocrx_word' id='word_1_218' title='bbox 1048 2936 1223 3021; x_wconf 85' lang='lat' dir='ltr'>comperta</span> 
     </span>
     <span class='ocr_line' id='line_1_26' title="bbox 62 3040 1221 3127; baseline 0 -20"><span class='ocrx_word' id='word_1_219' title='bbox 62 3046 157 3127; x_wconf 86' lang='lat' dir='ltr'>sunt,</span> <span class='ocrx_word' id='word_1_220' title='bbox 184 3063 323 3110; x_wconf 86' lang='lat' dir='ltr'>sensum</span> <span class='ocrx_word' id='word_1_221' title='bbox 347 3041 448 3110; x_wconf 89' lang='lat' dir='ltr'>unice</span> <span class='ocrx_word' id='word_1_222' title='bbox 472 3064 593 3112; x_wconf 87' lang='lat' dir='ltr'>verum</span> <span class='ocrx_word' id='word_1_223' title='bbox 626 3042 859 3113; x_wconf 86' lang='lat' dir='ltr'>determinare</span> <span class='ocrx_word' id='word_1_224' title='bbox 889 3041 1031 3110; x_wconf 89' lang='lat' dir='ltr'>difficile</span> <span class='ocrx_word' id='word_1_225' title='bbox 1054 3046 1130 3127; x_wconf 80' lang='lat' dir='ltr'>est3</span> <span class='ocrx_word' id='word_1_226' title='bbox 1155 3040 1221 3107; x_wconf 86' lang='lat' dir='ltr'>Pa·</span> 
     </span>
     <span class='ocr_line' id='line_1_27' title="bbox 60 3150 1163 3242; baseline 0 -24"><span class='ocrx_word' id='word_1_227' title='bbox 60 3153 122 3218; x_wconf 85' lang='lat' dir='ltr'>tras</span> <span class='ocrx_word' id='word_1_228' title='bbox 142 3150 250 3219; x_wconf 90' lang='lat' dir='ltr'>etiam</span> <span class='ocrx_word' id='word_1_229' title='bbox 272 3157 308 3219; x_wconf 90' lang='lat' dir='ltr'>et</span> <span class='ocrx_word' id='word_1_230' title='bbox 330 3150 540 3242; x_wconf 84' lang='lat' dir='ltr'>interpretes</span> <span class='ocrx_word' id='word_1_231' title='bbox 562 3152 601 3221; x_wconf 92' lang='lat' dir='ltr'>in</span> <span class='ocrx_word' id='word_1_232' title='bbox 628 3152 789 3236; x_wconf 87' lang='lat' dir='ltr'>diversas</span> <span class='ocrx_word' id='word_1_233' title='bbox 809 3153 939 3220; x_wconf 87' lang='lat' dir='ltr'>abeunt</span> <span class='ocrx_word' id='word_1_234' title='bbox 960 3150 1163 3220; x_wconf 86' lang='lat' dir='ltr'>sententias.</span> 
     </span>
    </p>

    <p class='ocr_par' dir='ltr' id='par_1_3' title="bbox 58 3257 1277 4541">
     <span class='ocr_line' id='line_1_28' title="bbox 117 3257 1222 3352; baseline 0.002 -26"><span class='ocrx_word' id='word_1_235' title='bbox 117 3257 155 3328; x_wconf 86' lang='lat' dir='ltr'>Si</span> <span class='ocrx_word' id='word_1_236' title='bbox 172 3261 316 3349; x_wconf 84' lang='lat' dir='ltr'>probari</span> <span class='ocrx_word' id='word_1_237' title='bbox 331 3267 425 3330; x_wconf 89' lang='lat' dir='ltr'>certo</span> <span class='ocrx_word' id='word_1_238' title='bbox 437 3267 563 3352; x_wconf 88' lang='lat' dir='ltr'>posset,</span> <span class='ocrx_word' id='word_1_239' title='bbox 578 3261 745 3352; x_wconf 88' lang='lat' dir='ltr'>Apostolo</span> <span class='ocrx_word' id='word_1_240' title='bbox 759 3262 976 3331; x_wconf 89' lang='lat' dir='ltr'>obversatam</span> <span class='ocrx_word' id='word_1_241' title='bbox 993 3282 1067 3330; x_wconf 86' lang='lat' dir='ltr'>esse</span> <span class='ocrx_word' id='word_1_242' title='bbox 1083 3259 1222 3328; x_wconf 88' lang='lat' dir='ltr'>damna·</span> 
     </span>
     <span class='ocr_line' id='line_1_29' title="bbox 59 3365 1222 3462; baseline 0.007 -30"><span class='ocrx_word' id='word_1_243' title='bbox 59 3365 177 3436; x_wconf 86' lang='lat' dir='ltr'>tionem</span> <span class='ocrx_word' id='word_1_244' title='bbox 194 3366 296 3435; x_wconf 91' lang='lat' dir='ltr'>illius</span> <span class='ocrx_word' id='word_1_245' title='bbox 310 3368 502 3454; x_wconf 86' lang='lat' dir='ltr'>haereseos,</span> <span class='ocrx_word' id='word_1_246' title='bbox 521 3391 609 3462; x_wconf 89' lang='lat' dir='ltr'>quae</span> <span class='ocrx_word' id='word_1_247' title='bbox 633 3369 969 3455; x_wconf 85' lang='lat' dir='ltr'>comminiscebatur,</span> <span class='ocrx_word' id='word_1_248' title='bbox 988 3368 1166 3440; x_wconf 88' lang='lat' dir='ltr'>Christum</span> <span class='ocrx_word' id='word_1_249' title='bbox 1184 3370 1222 3440; x_wconf 90' lang='lat' dir='ltr'>in</span> 
     </span>
     <span class='ocr_line' id='line_1_30' title="bbox 58 3471 1222 3569; baseline 0.008 -31"><span class='ocrx_word' id='word_1_250' title='bbox 58 3471 164 3543; x_wconf 85' lang='lat' dir='ltr'>Iesum</span> <span class='ocrx_word' id='word_1_251' title='bbox 187 3474 403 3564; x_wconf 84' lang='lat' dir='ltr'>baptizatum</span> <span class='ocrx_word' id='word_1_252' title='bbox 427 3477 538 3567; x_wconf 87' lang='lat' dir='ltr'>specie</span> <span class='ocrx_word' id='word_1_253' title='bbox 561 3476 737 3546; x_wconf 90' lang='lat' dir='ltr'>columbae</span> <span class='ocrx_word' id='word_1_254' title='bbox 760 3477 977 3547; x_wconf 86' lang='lat' dir='ltr'>descendisse</span> <span class='ocrx_word' id='word_1_255' title='bbox 1001 3483 1037 3547; x_wconf 92' lang='lat' dir='ltr'>et</span> <span class='ocrx_word' id='word_1_256' title='bbox 1052 3479 1222 3569; x_wconf 86' lang='lat' dir='ltr'>completo</span> 
     </span>
     <span class='ocr_line' id='line_1_31' title="bbox 58 3583 1221 3678; baseline 0.003 -26"><span class='ocrx_word' id='word_1_257' title='bbox 58 3583 321 3671; x_wconf 80' lang='lat' dir='ltr'>praedicationis</span> <span class='ocrx_word' id='word_1_258' title='bbox 345 3585 551 3670; x_wconf 90' lang='lat' dir='ltr'>ministerio,</span> <span class='ocrx_word' id='word_1_259' title='bbox 572 3585 610 3654; x_wconf 89' lang='lat' dir='ltr'>in</span> <span class='ocrx_word' id='word_1_260' title='bbox 625 3586 785 3676; x_wconf 88' lang='lat' dir='ltr'>passione</span> <span class='ocrx_word' id='word_1_261' title='bbox 802 3608 841 3655; x_wconf 86' lang='lat' dir='ltr'>ac</span> <span class='ocrx_word' id='word_1_262' title='bbox 858 3592 967 3656; x_wconf 87' lang='lat' dir='ltr'>morte</span> <span class='ocrx_word' id='word_1_263' title='bbox 991 3588 1072 3663; x_wconf 88' lang='lat' dir='ltr'>Iesu</span> <span class='ocrx_word' id='word_1_264' title='bbox 1095 3588 1221 3678; x_wconf 89' lang='lat' dir='ltr'>impas-</span> 
     </span>
     <span class='ocr_line' id='line_1_32' title="bbox 58 3689 1222 3784; baseline 0.008 -27"><span class='ocrx_word' id='word_1_265' title='bbox 58 3689 185 3761; x_wconf 82' lang='lat' dir='ltr'>sibilem</span> <span class='ocrx_word' id='word_1_266' title='bbox 207 3692 335 3761; x_wconf 86' lang='lat' dir='ltr'>iterum</span> <span class='ocrx_word' id='word_1_267' title='bbox 358 3693 534 3762; x_wconf 86' lang='lat' dir='ltr'>revolasse</span> <span class='ocrx_word' id='word_1_268' title='bbox 557 3694 719 3763; x_wconf 85' lang='lat' dir='ltr'>insnum</span> <span class='ocrx_word' id='word_1_269' title='bbox 742 3694 901 3765; x_wconf 89' lang='lat' dir='ltr'>Pleroma</span> <span class='ocrx_word' id='word_1_270' title='bbox 924 3695 1082 3784; x_wconf 74' lang='lat' dir='ltr'>coeleste,</span> <span class='ocrx_word' id='word_1_271' title='bbox 1103 3695 1140 3766; x_wconf 90' lang='lat' dir='ltr'>iu</span> <span class='ocrx_word' id='word_1_272' title='bbox 1156 3695 1222 3766; x_wconf 89' lang='lat' dir='ltr'>hac</span> 
     </span>
     <span class='ocr_line' id='line_1_33' title="bbox 58 3797 1277 3894; baseline 0.007 -30"><span class='ocrx_word' id='word_1_273' title='bbox 58 3797 190 3890; x_wconf 89' lang='lat' dir='ltr'>inquam</span> <span class='ocrx_word' id='word_1_274' title='bbox 213 3799 426 3890; x_wconf 85' lang='lat' dir='ltr'>hypothesi,</span> <span class='ocrx_word' id='word_1_275' title='bbox 460 3803 558 3871; x_wconf 89' lang='lat' dir='ltr'>locus</span> <span class='ocrx_word' id='word_1_276' title='bbox 589 3802 861 3874; x_wconf 86' lang='lat' dir='ltr'>commodissime</span> <span class='ocrx_word' id='word_1_277' title='bbox 891 3803 1154 3894; x_wconf 81' lang='lat' dir='ltr'>intelligeretur</span> <span class='ocrx_word' id='word_1_278' title='bbox 1184 3804 1220 3872; x_wconf 93' lang='lat' dir='ltr'>in</span> <span class='ocrx_word' id='word_1_279' title='bbox 1275 3801 1277 3805; x_wconf 64' lang='grc'>’</span> 
     </span>
     <span class='ocr_line' id='line_1_34' title="bbox 58 3903 1220 4004; baseline 0.009 -32"><span class='ocrx_word' id='word_1_280' title='bbox 58 3903 139 3977; x_wconf 87' lang='lat' dir='ltr'>hunc</span> <span class='ocrx_word' id='word_1_281' title='bbox 161 3931 314 3978; x_wconf 84' lang='lat' dir='ltr'>sensnm:</span> <span class='ocrx_word' id='word_1_282' title='bbox 332 3908 399 3978; x_wconf 78' lang='lat' dir='ltr'>¹hic</span> <span class='ocrx_word' id='word_1_283' title='bbox 421 3915 598 4002; x_wconf 89' lang='lat' dir='ltr'>tamquam</span> <span class='ocrx_word' id='word_1_284' title='bbox 621 3933 691 3980; x_wconf 86' lang='lat' dir='ltr'>nna</span> <span class='ocrx_word' id='word_1_285' title='bbox 715 3932 862 4002; x_wconf 88' lang='lat' dir='ltr'>persone</span> <span class='ocrx_word' id='word_1_286' title='bbox 878 3933 965 4004; x_wconf 89' lang='lat' dir='ltr'>qnae</span> <span class='ocrx_word' id='word_1_287' title='bbox 980 3918 1036 3980; x_wconf 90' lang='lat' dir='ltr'>est</span> <span class='ocrx_word' id='word_1_288' title='bbox 1049 3912 1149 3981; x_wconf 90' lang='lat' dir='ltr'>Iesus</span> <span class='ocrx_word' id='word_1_289' title='bbox 1163 3936 1220 3982; x_wconf 88' lang='lat' dir='ltr'>ve·</span> 
     </span>
     <span class='ocr_line' id='line_1_35' title="bbox 58 4015 1223 4105; baseline 0.004 -20"><span class='ocrx_word' id='word_1_290' title='bbox 58 4034 109 4085; x_wconf 85' lang='lat' dir='ltr'>rus</span> <span class='ocrx_word' id='word_1_291' title='bbox 130 4018 233 4087; x_wconf 90' lang='lat' dir='ltr'>homo</span> <span class='ocrx_word' id='word_1_292' title='bbox 255 4022 292 4086; x_wconf 90' lang='lat' dir='ltr'>et</span> <span class='ocrx_word' id='word_1_293' title='bbox 313 4015 477 4087; x_wconf 83' lang='lat' dir='ltr'>Christus</span> <span class='ocrx_word' id='word_1_294' title='bbox 492 4017 609 4087; x_wconf 82' lang='lat' dir='ltr'>Filius</span> <span class='ocrx_word' id='word_1_295' title='bbox 625 4018 714 4105; x_wconf 90' lang='lat' dir='ltr'>Dei,</span> <span class='ocrx_word' id='word_1_296' title='bbox 735 4020 835 4090; x_wconf 90' lang='lat' dir='ltr'>venit</span> <span class='ocrx_word' id='word_1_297' title='bbox 849 4041 889 4088; x_wconf 88' lang='lat' dir='ltr'>ae</span> <span class='ocrx_word' id='word_1_298' title='bbox 906 4019 1152 4089; x_wconf 83' lang='lat' dir='ltr'>manifestatus</span> <span class='ocrx_word' id='word_1_299' title='bbox 1168 4027 1223 4090; x_wconf 88' lang='lat' dir='ltr'>est</span> 
     </span>
     <span class='ocr_line' id='line_1_36' title="bbox 58 4125 1221 4219; baseline 0.003 -25"><span class='ocrx_word' id='word_1_300' title='bbox 58 4130 121 4194; x_wconf 90' lang='lat' dir='ltr'>tum</span> <span class='ocrx_word' id='word_1_301' title='bbox 143 4127 181 4194; x_wconf 92' lang='lat' dir='ltr'>in</span> <span class='ocrx_word' id='word_1_302' title='bbox 205 4125 401 4215; x_wconf 88' lang='lat' dir='ltr'>baptismo,</span> <span class='ocrx_word' id='word_1_303' title='bbox 428 4148 495 4216; x_wconf 89' lang='lat' dir='ltr'>qno</span> <span class='ocrx_word' id='word_1_304' title='bbox 518 4148 617 4194; x_wconf 89' lang='lat' dir='ltr'>suam</span> <span class='ocrx_word' id='word_1_305' title='bbox 640 4126 752 4196; x_wconf 85' lang='lat' dir='ltr'>vitam</span> <span class='ocrx_word' id='word_1_306' title='bbox 776 4127 950 4217; x_wconf 89' lang='lat' dir='ltr'>publicam</span> <span class='ocrx_word' id='word_1_307' title='bbox 973 4133 1010 4196; x_wconf 91' lang='lat' dir='ltr'>et</span> <span class='ocrx_word' id='word_1_308' title='bbox 1026 4127 1221 4219; x_wconf 89' lang='lat' dir='ltr'>completio·</span> 
     </span>
     <span class='ocr_line' id='line_1_37' title="bbox 58 4232 1220 4326; baseline 0.003 -26"><span class='ocrx_word' id='word_1_309' title='bbox 58 4254 123 4303; x_wconf 83' lang='lat' dir='ltr'>nom</span> <span class='ocrx_word' id='word_1_310' title='bbox 145 4232 394 4324; x_wconf 85' lang='lat' dir='ltr'>redemptionis</span> <span class='ocrx_word' id='word_1_311' title='bbox 418 4238 557 4304; x_wconf 88' lang='lat' dir='ltr'>nostrae</span> <span class='ocrx_word' id='word_1_312' title='bbox 581 4235 726 4304; x_wconf 88' lang='lat' dir='ltr'>initiare</span> <span class='ocrx_word' id='word_1_313' title='bbox 750 4236 887 4320; x_wconf 87' lang='lat' dir='ltr'>voluit,</span> <span class='ocrx_word' id='word_1_314' title='bbox 913 4243 988 4306; x_wconf 87' lang='lat' dir='ltr'>tum</span> <span class='ocrx_word' id='word_1_315' title='bbox 1003 4237 1041 4304; x_wconf 92' lang='lat' dir='ltr'>in</span> <span class='ocrx_word' id='word_1_316' title='bbox 1057 4257 1122 4306; x_wconf 86' lang='lat' dir='ltr'>sua</span> <span class='ocrx_word' id='word_1_317' title='bbox 1144 4258 1220 4326; x_wconf 88' lang='lat' dir='ltr'>pas·</span> 
     </span>
     <span class='ocr_line' id='line_1_38' title="bbox 58 4340 1222 4426; baseline 0.002 -18"><span class='ocrx_word' id='word_1_318' title='bbox 58 4340 140 4412; x_wconf 76' lang='lat' dir='ltr'>done</span> <span class='ocrx_word' id='word_1_319' title='bbox 161 4363 203 4411; x_wconf 87' lang='lat' dir='ltr'>ao</span> <span class='ocrx_word' id='word_1_320' title='bbox 226 4344 362 4426; x_wconf 78' lang='lat' dir='ltr'>niorte3</span> <span class='ocrx_word' id='word_1_321' title='bbox 388 4362 458 4409; x_wconf 91' lang='lat' dir='ltr'>non</span> <span class='ocrx_word' id='word_1_322' title='bbox 481 4341 593 4411; x_wconf 88' lang='lat' dir='ltr'>solum</span> <span class='ocrx_word' id='word_1_323' title='bbox 617 4342 784 4412; x_wconf 88' lang='lat' dir='ltr'>Christus</span> <span class='ocrx_word' id='word_1_324' title='bbox 814 4340 931 4411; x_wconf 84' lang='lat' dir='ltr'>Filius</span> <span class='ocrx_word' id='word_1_325' title='bbox 960 4343 1027 4422; x_wconf 89' lang='lat' dir='ltr'>Dei</span> <span class='ocrx_word' id='word_1_326' title='bbox 1061 4343 1222 4413; x_wconf 88' lang='lat' dir='ltr'>venitin</span> 
     </span>
     <span class='ocr_line' id='line_1_39' title="bbox 59 4447 1219 4541; baseline 0.003 -26"><span class='ocrx_word' id='word_1_327' title='bbox 59 4447 215 4541; x_wconf 86' lang='lat' dir='ltr'>baptismo</span> <span class='ocrx_word' id='word_1_328' title='bbox 249 4470 357 4541; x_wconf 89' lang='lat' dir='ltr'>snper</span> <span class='ocrx_word' id='word_1_329' title='bbox 386 4449 503 4520; x_wconf 90' lang='lat' dir='ltr'>Iesum</span> <span class='ocrx_word' id='word_1_330' title='bbox 527 4449 711 4538; x_wconf 87' lang='lat' dir='ltr'>hominem,</span> <span class='ocrx_word' id='word_1_331' title='bbox 738 4450 958 4522; x_wconf 86' lang='lat' dir='ltr'>discessurus</span> <span class='ocrx_word' id='word_1_332' title='bbox 990 4450 1034 4519; x_wconf 92' lang='lat' dir='ltr'>ab</span> <span class='ocrx_word' id='word_1_333' title='bbox 1056 4449 1131 4541; x_wconf 91' lang='lat' dir='ltr'>ipso</span> <span class='ocrx_word' id='word_1_334' title='bbox 1154 4451 1219 4519; x_wconf 90' lang='lat' dir='ltr'>sub</span> 
     </span>
    </p>
   </div>
   <div class='ocr_carea' id='block_1_2' title="bbox 0 0 1590 4950">
    <p class='ocr_par' dir='ltr' id='par_1_4' title="bbox 0 0 1590 4950">
     <span class='ocr_line' id='line_1_40' title="bbox 0 0 1590 4950; baseline 0 2"><span class='ocrx_word' id='word_1_335' title='bbox 0 0 1590 4950; x_wconf 95' lang='lat' dir='ltr'> </span> 
     </span>
    </p>
   </div>
  </div>
 </body>
</html>
