<?xml version="1.0" encoding="UTF-8"?>
<!DOCTYPE html PUBLIC "-//W3C//DTD XHTML 1.0 Transitional//EN"
    "http://www.w3.org/TR/xhtml1/DTD/xhtml1-transitional.dtd">
<html xmlns="http://www.w3.org/1999/xhtml" xml:lang="en" lang="en">
 <head>
  <title>
</title>
<meta http-equiv="Content-Type" content="text/html;charset=utf-8" />
  <meta name='ocr-system' content='tesseract 3.04.00' />
  <meta name='ocr-capabilities' content='ocr_page ocr_carea ocr_par ocr_line ocrx_word'/>
</head>
<body>
  <div class='ocr_page' id='page_1' title='image "./tractatusdedeot00frangoog/tractatusdedeot00frangoog_0575.png"; bbox 0 0 3172 4950; ppageno 0'>
   <div class='ocr_carea' id='block_1_1' title="bbox 206 332 1378 4520">
    <p class='ocr_par' dir='ltr' id='par_1_1' title="bbox 206 332 1378 4520">
     <span class='ocr_line' id='line_1_1' title="bbox 699 332 881 394; baseline 0.005 -14"><span class='ocrx_word' id='word_1_1' title='bbox 699 364 738 380; x_wconf 91' lang='lat'><strong>..</strong></span> <span class='ocrx_word' id='word_1_2' title='bbox 760 332 821 394; x_wconf 74' lang='lat'><strong>504</strong></span> <span class='ocrx_word' id='word_1_3' title='bbox 842 365 881 381; x_wconf 86' lang='lat'><strong>.-</strong></span> 
     </span>
     <span class='ocr_line' id='line_1_2' title="bbox 208 441 1357 535; baseline -0.003 -20"><span class='ocrx_word' id='word_1_4' title='bbox 208 464 269 516; x_wconf 85' lang='lat' dir='ltr'><strong>aut</strong></span> <span class='ocrx_word' id='word_1_5' title='bbox 300 448 406 515; x_wconf 84' lang='lat' dir='ltr'><strong>alteri</strong></span> <span class='ocrx_word' id='word_1_6' title='bbox 429 441 621 512; x_wconf 74' lang='lat' dir='ltr'><strong>huiusmodi</strong></span> <span class='ocrx_word' id='word_1_7' title='bbox 645 441 699 506; x_wconf 82' lang='lat' dir='ltr'><strong>rei</strong></span> <span class='ocrx_word' id='word_1_8' title='bbox 722 441 893 529; x_wconf 84' lang='lat' dir='ltr'><strong>impertit,</strong></span> <span class='ocrx_word' id='word_1_9' title='bbox 911 444 965 508; x_wconf 85' lang='lat' dir='ltr'><strong>ita</strong></span> <span class='ocrx_word' id='word_1_10' title='bbox 981 443 1088 508; x_wconf 86' lang='lat' dir='ltr'><strong>etiam</strong></span> <span class='ocrx_word' id='word_1_11' title='bbox 1110 443 1265 535; x_wconf 79' lang='lat' dir='ltr'><strong>Spiritus</strong></span> <span class='ocrx_word' id='word_1_12' title='bbox 1284 460 1313 511; x_wconf 88' lang='lat' dir='ltr'><strong>et</strong></span> <span class='ocrx_word' id='word_1_13' title='bbox 1332 450 1357 511; x_wconf 82' lang='lat' dir='ltr'><strong>is</strong></span> 
     </span>
     <span class='ocr_line' id='line_1_3' title="bbox 208 542 1359 644; baseline -0.003 -20"><span class='ocrx_word' id='word_1_14' title='bbox 208 582 243 625; x_wconf 85' lang='lat' dir='ltr'><strong>se</strong></span> <span class='ocrx_word' id='word_1_15' title='bbox 268 557 368 623; x_wconf 80' lang='lat' dir='ltr'><strong>babet</strong></span> <span class='ocrx_word' id='word_1_16' title='bbox 387 557 497 644; x_wconf 82' lang='lat' dir='ltr'><strong>ipsam</strong></span> <span class='ocrx_word' id='word_1_17' title='bbox 525 554 633 620; x_wconf 85' lang='lat' dir='ltr'><strong>citam</strong></span> <span class='ocrx_word' id='word_1_18' title='bbox 657 542 724 640; x_wconf 83' lang='grc' dir='ltr'>(την</span> <span class='ocrx_word' id='word_1_19' title='bbox 750 543 858 631; x_wconf 61' lang='lat' dir='ltr'><strong>tour),</strong></span> <span class='ocrx_word' id='word_1_20' title='bbox 884 553 1003 641; x_wconf 83' lang='lat' dir='ltr'><strong>etqui</strong></span> <span class='ocrx_word' id='word_1_21' title='bbox 1027 554 1100 617; x_wconf 86' lang='lat' dir='ltr'><strong>eius</strong></span> <span class='ocrx_word' id='word_1_22' title='bbox 1129 567 1212 619; x_wconf 82' lang='lat' dir='ltr'><strong>suut</strong></span> <span class='ocrx_word' id='word_1_23' title='bbox 1235 557 1359 643; x_wconf 81' lang='lat' dir='ltr'><strong>partiei-</strong></span> 
     </span>
     <span class='ocr_line' id='line_1_4' title="bbox 207 651 1360 755; baseline -0.008 -23"><span class='ocrx_word' id='word_1_24' title='bbox 207 690 267 755; x_wconf 89' lang='lat' dir='ltr'><strong>pes</strong></span> <span class='ocrx_word' id='word_1_25' title='bbox 279 715 289 747; x_wconf 91' lang='lat'><strong>,</strong></span> <span class='ocrx_word' id='word_1_26' title='bbox 319 661 437 730; x_wconf 80' lang='lat' dir='ltr'><strong>divine</strong></span> <span class='ocrx_word' id='word_1_27' title='bbox 469 657 671 753; x_wconf 64' lang='grc' dir='ltr'>(θεοπρεπως)</span> <span class='ocrx_word' id='word_1_28' title='bbox 697 662 819 728; x_wconf 81' lang='lat' dir='ltr'><strong>uiuunt</strong></span> <span class='ocrx_word' id='word_1_29' title='bbox 832 707 842 740; x_wconf 94' lang='lat'><strong>,</strong></span> <span class='ocrx_word' id='word_1_30' title='bbox 875 660 988 724; x_wconf 84' lang='lat' dir='ltr'><strong>vitam</strong></span> <span class='ocrx_word' id='word_1_31' title='bbox 1021 651 1128 746; x_wconf 81' lang='grc' dir='ltr'>(ζωην)</span> <span class='ocrx_word' id='word_1_32' title='bbox 1162 661 1360 732; x_wconf 65' lang='lat' dir='ltr'><strong>divinasset</strong></span> 
     </span>
     <span class='ocr_line' id='line_1_5' title="bbox 209 766 1360 857; baseline -0.004 -14"><span class='ocrx_word' id='word_1_33' title='bbox 209 773 390 843; x_wconf 86' lang='lat' dir='ltr'><strong>coelestem</strong></span> <span class='ocrx_word' id='word_1_34' title='bbox 418 769 626 839; x_wconf 88' lang='lat' dir='ltr'><strong>habentes...</strong></span> <span class='ocrx_word' id='word_1_35' title='bbox 640 768 743 841; x_wconf 89' lang='lat' dir='ltr'><strong>Nihil</strong></span> <span class='ocrx_word' id='word_1_36' title='bbox 767 766 928 857; x_wconf 79' lang='lat' dir='ltr'><strong>Spiritus</strong></span> <span class='ocrx_word' id='word_1_37' title='bbox 956 767 995 834; x_wconf 93' lang='lat' dir='ltr'><strong>in</strong></span> <span class='ocrx_word' id='word_1_38' title='bbox 1021 790 1059 836; x_wconf 88' lang='lat' dir='ltr'><strong>se</strong></span> <span class='ocrx_word' id='word_1_39' title='bbox 1089 767 1199 838; x_wconf 89' lang='lat' dir='ltr'><strong>babet</strong></span> <span class='ocrx_word' id='word_1_40' title='bbox 1227 770 1360 839; x_wconf 82' lang='lat' dir='ltr'><strong>adventi·</strong></span> 
     </span>
     <span class='ocr_line' id='line_1_6' title="bbox 208 875 1362 968; baseline -0.003 -19"><span class='ocrx_word' id='word_1_41' title='bbox 208 881 325 964; x_wconf 90' lang='lat' dir='ltr'><strong>tium,</strong></span> <span class='ocrx_word' id='word_1_42' title='bbox 351 879 412 947; x_wconf 87' lang='lat' dir='ltr'><strong>sed</strong></span> <span class='ocrx_word' id='word_1_43' title='bbox 434 877 540 946; x_wconf 90' lang='lat' dir='ltr'><strong>habet</strong></span> <span class='ocrx_word' id='word_1_44' title='bbox 562 878 653 947; x_wconf 92' lang='lat' dir='ltr'><strong>omni</strong></span> <span class='ocrx_word' id='word_1_45' title='bbox 738 875 910 965; x_wconf 85' lang='lat' dir='ltr'><strong>mpiterne</strong></span> <span class='ocrx_word' id='word_1_46' title='bbox 932 880 1113 967; x_wconf 91' lang='lat' dir='ltr'><strong>tamquam</strong></span> <span class='ocrx_word' id='word_1_47' title='bbox 1136 877 1206 945; x_wconf 89' lang='lat' dir='ltr'><strong>Dei</strong></span> <span class='ocrx_word' id='word_1_48' title='bbox 1228 877 1362 968; x_wconf 87' lang='lat' dir='ltr'><strong>Spiritus</strong></span> 
     </span>
     <span class='ocr_line' id='line_1_7' title="bbox 208 889 1361 1077; baseline -0.003 -23"><span class='ocrx_word' id='word_1_49' title='bbox 208 992 245 1054; x_wconf 90' lang='lat' dir='ltr'><strong>ot</strong></span> <span class='ocrx_word' id='word_1_50' title='bbox 259 1008 301 1054; x_wconf 85' lang='lat' dir='ltr'><strong>ex</strong></span> <span class='ocrx_word' id='word_1_51' title='bbox 326 987 401 1075; x_wconf 93' lang='lat' dir='ltr'><strong>ipso</strong></span> <span class='ocrx_word' id='word_1_52' title='bbox 425 984 598 1074; x_wconf 82' lang='lat' dir='ltr'><strong>effulgens</strong></span> <span class='ocrx_word' id='word_1_53' title='bbox 625 889 792 1077; x_wconf 45' lang='lat' dir='ltr'><strong>(nixos),</strong></span> <span class='ocrx_word' id='word_1_54' title='bbox 806 981 1019 1073; x_wconf 89' lang='lat' dir='ltr'><strong>principium</strong></span> <span class='ocrx_word' id='word_1_55' title='bbox 1043 982 1160 1072; x_wconf 90' lang='lat' dir='ltr'><strong>ipsum</strong></span> <span class='ocrx_word' id='word_1_56' title='bbox 1184 981 1310 1050; x_wconf 90' lang='lat' dir='ltr'><strong>babens</strong></span> <span class='ocrx_word' id='word_1_57' title='bbox 1329 985 1361 1051; x_wconf 89' lang='lat' dir='ltr'><strong>si·</strong></span> 
     </span>
     <span class='ocr_line' id='line_1_8' title="bbox 209 1085 1362 1178; baseline -0.005 -16"><span class='ocrx_word' id='word_1_58' title='bbox 209 1099 271 1162; x_wconf 90' lang='lat' dir='ltr'><strong>cut</strong></span> <span class='ocrx_word' id='word_1_59' title='bbox 293 1094 425 1161; x_wconf 83' lang='lat' dir='ltr'><strong>fontem</strong></span> <span class='ocrx_word' id='word_1_60' title='bbox 449 1091 505 1160; x_wconf 92' lang='lat' dir='ltr'><strong>sui</strong></span> <span class='ocrx_word' id='word_1_61' title='bbox 527 1099 564 1161; x_wconf 90' lang='lat' dir='ltr'><strong>ot</strong></span> <span class='ocrx_word' id='word_1_62' title='bbox 586 1092 667 1160; x_wconf 90' lang='lat' dir='ltr'><strong>inde</strong></span> <span class='ocrx_word' id='word_1_63' title='bbox 690 1090 888 1160; x_wconf 76' lang='lat' dir='ltr'><strong>scaturiens</strong></span> <span class='ocrx_word' id='word_1_64' title='bbox 913 1085 1115 1178; x_wconf 77' lang='lat' dir='ltr'><strong>(anyatm).</strong></span> <span class='ocrx_word' id='word_1_65' title='bbox 1143 1089 1240 1157; x_wconf 85' lang='lat' dir='ltr'><strong>Fons</strong></span> <span class='ocrx_word' id='word_1_66' title='bbox 1268 1096 1362 1159; x_wconf 80' lang='lat' dir='ltr'><strong>auten</strong></span> 
     </span>
     <span class='ocr_line' id='line_1_9' title="bbox 209 1196 1364 1290; baseline -0.006 -21"><span class='ocrx_word' id='word_1_67' title='bbox 209 1200 343 1290; x_wconf 88' lang='lat' dir='ltr'><strong>etipse</strong></span> <span class='ocrx_word' id='word_1_68' title='bbox 368 1204 424 1266; x_wconf 94' lang='lat' dir='ltr'><strong>est</strong></span> <span class='ocrx_word' id='word_1_69' title='bbox 453 1197 710 1287; x_wconf 88' lang='lat' dir='ltr'><strong>praedictorum</strong></span> <span class='ocrx_word' id='word_1_70' title='bbox 742 1198 908 1265; x_wconf 88' lang='lat' dir='ltr'><strong>bonorum</strong></span> <span class='ocrx_word' id='word_1_71' title='bbox 937 1196 1120 1283; x_wconf 89' lang='lat' dir='ltr'><strong>(donorum</strong></span> <span class='ocrx_word' id='word_1_72' title='bbox 1144 1197 1317 1285; x_wconf 61' lang='lat' dir='ltr'><strong>gratiam:</strong></span> <span class='ocrx_word' id='word_1_73' title='bbox 1337 1202 1364 1262; x_wconf 85' lang='lat' dir='ltr'><strong>st</strong></span> 
     </span>
     <span class='ocr_line' id='line_1_10' title="bbox 209 1296 1363 1396; baseline -0.004 -21"><span class='ocrx_word' id='word_1_74' title='bbox 209 1308 284 1396; x_wconf 91' lang='lat' dir='ltr'><strong>ipse</strong></span> <span class='ocrx_word' id='word_1_75' title='bbox 308 1328 351 1375; x_wconf 88' lang='lat' dir='ltr'><strong>ex</strong></span> <span class='ocrx_word' id='word_1_76' title='bbox 373 1305 445 1372; x_wconf 91' lang='lat' dir='ltr'><strong>Deo</strong></span> <span class='ocrx_word' id='word_1_77' title='bbox 468 1303 664 1372; x_wconf 77' lang='lat' dir='ltr'><strong>scaturiens</strong></span> <span class='ocrx_word' id='word_1_78' title='bbox 689 1296 874 1392; x_wconf 75' lang='grc' dir='ltr'>(πηγαζον)</span> <span class='ocrx_word' id='word_1_79' title='bbox 900 1310 956 1372; x_wconf 89' lang='lat' dir='ltr'><strong>est</strong></span> <span class='ocrx_word' id='word_1_80' title='bbox 978 1304 1016 1371; x_wconf 92' lang='lat' dir='ltr'><strong>in</strong></span> <span class='ocrx_word' id='word_1_81' title='bbox 1039 1326 1076 1371; x_wconf 88' lang='lat' dir='ltr'><strong>se</strong></span> <span class='ocrx_word' id='word_1_82' title='bbox 1099 1303 1294 1372; x_wconf 80' lang='lat' dir='ltr'><strong>subsistens</strong></span> <span class='ocrx_word' id='word_1_83' title='bbox 1313 1304 1363 1391; x_wconf 84' lang='lat' dir='ltr'><strong>(cl.</strong></span> 
     </span>
     <span class='ocr_line' id='line_1_11' title="bbox 209 1409 1362 1502; baseline -0.005 -19"><span class='ocrx_word' id='word_1_84' title='bbox 209 1414 261 1484; x_wconf 91' lang='lat' dir='ltr'><strong>th.</strong></span> <span class='ocrx_word' id='word_1_85' title='bbox 273 1414 380 1500; x_wconf 84' lang='lat' dir='ltr'>XL.);</span> <span class='ocrx_word' id='word_1_86' title='bbox 396 1432 483 1502; x_wconf 87' lang='lat' dir='ltr'><strong>quae</strong></span> <span class='ocrx_word' id='word_1_87' title='bbox 499 1432 582 1479; x_wconf 89' lang='lat' dir='ltr'><strong>vero</strong></span> <span class='ocrx_word' id='word_1_88' title='bbox 595 1431 637 1477; x_wconf 85' lang='lat' dir='ltr'><strong>ex</strong></span> <span class='ocrx_word' id='word_1_89' title='bbox 650 1410 727 1500; x_wconf 92' lang='lat' dir='ltr'><strong>ipso</strong></span> <span class='ocrx_word' id='word_1_90' title='bbox 750 1410 942 1501; x_wconf 89' lang='lat' dir='ltr'><strong>profluunt,</strong></span> <span class='ocrx_word' id='word_1_91' title='bbox 963 1410 1180 1479; x_wconf 85' lang='lat' dir='ltr'><strong>efficientiae</strong></span> <span class='ocrx_word' id='word_1_92' title='bbox 1195 1409 1271 1479; x_wconf 88' lang='lat' dir='ltr'><strong>eius</strong></span> <span class='ocrx_word' id='word_1_93' title='bbox 1285 1418 1362 1478; x_wconf 84' lang='lat' dir='ltr'><strong>sunt</strong></span> 
     </span>
     <span class='ocr_line' id='line_1_12' title="bbox 208 1515 1365 1608; baseline -0.003 -21"><span class='ocrx_word' id='word_1_94' title='bbox 208 1521 313 1588; x_wconf 89' lang='lat' dir='ltr'><strong>Hunc</strong></span> <span class='ocrx_word' id='word_1_95' title='bbox 325 1517 500 1608; x_wconf 90' lang='lat' dir='ltr'><strong>Spiritum</strong></span> <span class='ocrx_word' id='word_1_96' title='bbox 512 1515 678 1585; x_wconf 89' lang='lat' dir='ltr'><strong>Sanctum</strong></span> <span class='ocrx_word' id='word_1_97' title='bbox 696 1517 824 1585; x_wconf 84' lang='lat' dir='ltr'><strong>affudit</strong></span> <span class='ocrx_word' id='word_1_98' title='bbox 842 1516 881 1584; x_wconf 95' lang='lat' dir='ltr'><strong>in</strong></span> <span class='ocrx_word' id='word_1_99' title='bbox 908 1538 971 1584; x_wconf 92' lang='lat' dir='ltr'><strong>nos</strong></span> <span class='ocrx_word' id='word_1_100' title='bbox 989 1515 1127 1585; x_wconf 90' lang='lat' dir='ltr'><strong>abunde</strong></span> <span class='ocrx_word' id='word_1_101' title='bbox 1141 1516 1240 1585; x_wconf 88' lang='lat' dir='ltr'><strong>Deus</strong></span> <span class='ocrx_word' id='word_1_102' title='bbox 1256 1539 1315 1608; x_wconf 91' lang='lat' dir='ltr'><strong>per</strong></span> <span class='ocrx_word' id='word_1_103' title='bbox 1328 1516 1365 1584; x_wconf 76' lang='lat' dir='ltr'><strong>Ie</strong></span> 
     </span>
     <span class='ocr_line' id='line_1_13' title="bbox 209 1623 1364 1713; baseline -0.004 -17"><span class='ocrx_word' id='word_1_104' title='bbox 209 1650 285 1696; x_wconf 91' lang='lat' dir='ltr'><strong>sum</strong></span> <span class='ocrx_word' id='word_1_105' title='bbox 309 1623 500 1708; x_wconf 86' lang='lat' dir='ltr'><strong>Christum,</strong></span> <span class='ocrx_word' id='word_1_106' title='bbox 518 1623 647 1692; x_wconf 86' lang='lat' dir='ltr'><strong>effudit</strong></span> <span class='ocrx_word' id='word_1_107' title='bbox 666 1645 734 1691; x_wconf 95' lang='lat' dir='ltr'><strong>non</strong></span> <span class='ocrx_word' id='word_1_108' title='bbox 758 1624 905 1709; x_wconf 88' lang='lat' dir='ltr'><strong>creavit,</strong></span> <span class='ocrx_word' id='word_1_109' title='bbox 931 1624 1088 1713; x_wconf 83' lang='lat' dir='ltr'><strong>largitus</strong></span> <span class='ocrx_word' id='word_1_110' title='bbox 1110 1630 1167 1692; x_wconf 91' lang='lat' dir='ltr'><strong>est</strong></span> <span class='ocrx_word' id='word_1_111' title='bbox 1189 1646 1259 1692; x_wconf 94' lang='lat' dir='ltr'><strong>non</strong></span> <span class='ocrx_word' id='word_1_112' title='bbox 1281 1624 1364 1704; x_wconf 84' lang='lat' dir='ltr'><strong>fecit,</strong></span> 
     </span>
     <span class='ocr_line' id='line_1_14' title="bbox 209 1729 1364 1803; baseline -0.005 0"><span class='ocrx_word' id='word_1_113' title='bbox 209 1733 306 1803; x_wconf 84' lang='lat' dir='ltr'><strong>dedit</strong></span> <span class='ocrx_word' id='word_1_114' title='bbox 331 1754 400 1800; x_wconf 92' lang='lat' dir='ltr'><strong>non</strong></span> <span class='ocrx_word' id='word_1_115' title='bbox 427 1731 618 1800; x_wconf 75' lang='lat' dir='ltr'><strong>condidit»</strong></span> <span class='ocrx_word' id='word_1_116' title='bbox 656 1731 693 1800; x_wconf 86' lang='lat' dir='ltr'><strong>S.</strong></span> <span class='ocrx_word' id='word_1_117' title='bbox 713 1731 825 1799; x_wconf 83' lang='lat' dir='ltr'><strong>Basil.</strong></span> <span class='ocrx_word' id='word_1_118' title='bbox 854 1737 968 1800; x_wconf 87' lang='lat' dir='ltr'><strong>contr.</strong></span> <span class='ocrx_word' id='word_1_119' title='bbox 997 1730 1148 1799; x_wconf 86' lang='lat' dir='ltr'><strong>Ennom.</strong></span> <span class='ocrx_word' id='word_1_120' title='bbox 1175 1729 1201 1800; x_wconf 92' lang='lat' dir='ltr'><strong>l.</strong></span> <span class='ocrx_word' id='word_1_121' title='bbox 1220 1731 1267 1801; x_wconf 82' lang='lat' dir='ltr'><strong>V.</strong></span> <span class='ocrx_word' id='word_1_122' title='bbox 1290 1729 1364 1799; x_wconf 76' lang='lat' dir='ltr'><strong>&#39;M</strong></span> 
     </span>
     <span class='ocr_line' id='line_1_15' title="bbox 210 1838 1368 1931; baseline -0.003 -24"><span class='ocrx_word' id='word_1_123' title='bbox 210 1865 245 1931; x_wconf 90' lang='lat' dir='ltr'><strong>p.</strong></span> <span class='ocrx_word' id='word_1_124' title='bbox 266 1841 344 1908; x_wconf 81' lang='lat'><strong>321.</strong></span> <span class='ocrx_word' id='word_1_125' title='bbox 359 1862 411 1931; x_wconf 93' lang='lat' dir='ltr'><strong>sq.</strong></span> <span class='ocrx_word' id='word_1_126' title='bbox 425 1839 564 1908; x_wconf 88' lang='lat' dir='ltr'><strong>Similia</strong></span> <span class='ocrx_word' id='word_1_127' title='bbox 586 1839 684 1907; x_wconf 90' lang='lat' dir='ltr'><strong>alibi:</strong></span> <span class='ocrx_word' id='word_1_128' title='bbox 714 1869 731 1904; x_wconf 91' lang='grc' dir='ltr'><strong><em>ι</em></strong></span> <span class='ocrx_word' id='word_1_129' title='bbox 745 1839 902 1929; x_wconf 86' lang='lat' dir='ltr'><strong>Spiritus</strong></span> <span class='ocrx_word' id='word_1_130' title='bbox 934 1838 1012 1909; x_wconf 82' lang='lat' dir='ltr'><strong>cum</strong></span> <span class='ocrx_word' id='word_1_131' title='bbox 1035 1839 1155 1907; x_wconf 85' lang='lat' dir='ltr'><strong>anima</strong></span> <span class='ocrx_word' id='word_1_132' title='bbox 1186 1839 1368 1908; x_wconf 88' lang='lat' dir='ltr'><strong>coniunctio</strong></span> 
     </span>
     <span class='ocr_line' id='line_1_16' title="bbox 212 1943 1368 2038; baseline -0.003 -21"><span class='ocrx_word' id='word_1_133' title='bbox 212 1948 369 2037; x_wconf 73' lang='grc' dir='ltr'><strong><em>(ὰκειωσις</em></strong></span> <span class='ocrx_word' id='word_1_134' title='bbox 395 1968 466 2038; x_wconf 80' lang='grc' dir='ltr'><strong>προς</strong></span> <span class='ocrx_word' id='word_1_135' title='bbox 495 1943 609 2033; x_wconf 67' lang='lat' dir='ltr'><strong>ivxta)</strong></span> <span class='ocrx_word' id='word_1_136' title='bbox 635 1969 703 2015; x_wconf 92' lang='lat' dir='ltr'><strong>non</strong></span> <span class='ocrx_word' id='word_1_137' title='bbox 727 1947 769 2015; x_wconf 89' lang='lat' dir='ltr'><strong>fit</strong></span> <span class='ocrx_word' id='word_1_138' title='bbox 790 1946 1098 2038; x_wconf 90' lang='lat' dir='ltr'><strong>appropinquando</strong></span> <span class='ocrx_word' id='word_1_139' title='bbox 1122 1946 1313 2015; x_wconf 89' lang='lat' dir='ltr'><strong>secundum</strong></span> <span class='ocrx_word' id='word_1_140' title='bbox 1332 1947 1368 2014; x_wconf 89' lang='lat' dir='ltr'><strong>lo·</strong></span> 
     </span>
     <span class='ocr_line' id='line_1_17' title="bbox 210 2054 1369 2145; baseline -0.004 -22"><span class='ocrx_word' id='word_1_141' title='bbox 210 2077 330 2123; x_wconf 90' lang='lat' dir='ltr'><strong>cum...</strong></span> <span class='ocrx_word' id='word_1_142' title='bbox 349 2055 417 2123; x_wconf 91' lang='lat' dir='ltr'><strong>Hic</strong></span> <span class='ocrx_word' id='word_1_143' title='bbox 440 2054 491 2122; x_wconf 93' lang='lat' dir='ltr'><strong>eis</strong></span> <span class='ocrx_word' id='word_1_144' title='bbox 515 2054 576 2145; x_wconf 91' lang='lat' dir='ltr'><strong>qui</strong></span> <span class='ocrx_word' id='word_1_145' title='bbox 599 2055 644 2122; x_wconf 91' lang='lat' dir='ltr'><strong>ab</strong></span> <span class='ocrx_word' id='word_1_146' title='bbox 672 2055 764 2124; x_wconf 92' lang='lat' dir='ltr'><strong>omni</strong></span> <span class='ocrx_word' id='word_1_147' title='bbox 788 2056 888 2124; x_wconf 89' lang='lat' dir='ltr'><strong>sorde</strong></span> <span class='ocrx_word' id='word_1_148' title='bbox 911 2055 1055 2145; x_wconf 80' lang='lat' dir='ltr'><strong>purgati</strong></span> <span class='ocrx_word' id='word_1_149' title='bbox 1078 2062 1167 2124; x_wconf 88' lang='lat' dir='ltr'><strong>sunt</strong></span> <span class='ocrx_word' id='word_1_150' title='bbox 1190 2055 1369 2122; x_wconf 76' lang='lat' dir='ltr'><strong>illucescens</strong></span> 
     </span>
     <span class='ocr_line' id='line_1_18' title="bbox 213 2157 1370 2253; baseline 0.001 -26"><span class='ocrx_word' id='word_1_151' title='bbox 213 2157 395 2253; x_wconf 78' lang='grc' dir='ltr'>(ἑλλαμπον)</span> <span class='ocrx_word' id='word_1_152' title='bbox 427 2187 494 2251; x_wconf 88' lang='lat' dir='ltr'><strong>per</strong></span> <span class='ocrx_word' id='word_1_153' title='bbox 521 2166 781 2229; x_wconf 83' lang='lat' dir='ltr'><strong>communionem</strong></span> <span class='ocrx_word' id='word_1_154' title='bbox 816 2187 889 2229; x_wconf 88' lang='lat' dir='ltr'><strong>eum</strong></span> <span class='ocrx_word' id='word_1_155' title='bbox 915 2166 990 2252; x_wconf 84' lang='lat' dir='ltr'><strong>ipso</strong></span> <span class='ocrx_word' id='word_1_156' title='bbox 1013 2164 1221 2253; x_wconf 78' lang='lat' dir='ltr'><strong>spirituales</strong></span> <span class='ocrx_word' id='word_1_157' title='bbox 1243 2161 1370 2241; x_wconf 77' lang='lat' dir='ltr'><strong>reddis,-</strong></span> 
     </span>
     <span class='ocr_line' id='line_1_19' title="bbox 214 2268 1371 2362; baseline -0.006 -21"><span class='ocrx_word' id='word_1_158' title='bbox 214 2277 251 2341; x_wconf 82' lang='lat' dir='ltr'><strong>at</strong></span> <span class='ocrx_word' id='word_1_159' title='bbox 274 2268 550 2362; x_wconf 80' lang='lat' dir='ltr'><strong>quemadmodum</strong></span> <span class='ocrx_word' id='word_1_160' title='bbox 577 2294 718 2359; x_wconf 85' lang='lat' dir='ltr'><strong>corpora</strong></span> <span class='ocrx_word' id='word_1_161' title='bbox 741 2269 858 2336; x_wconf 81' lang='lat' dir='ltr'><strong>nitida</strong></span> <span class='ocrx_word' id='word_1_162' title='bbox 878 2295 919 2338; x_wconf 83' lang='lat' dir='ltr'><strong>ae</strong></span> <span class='ocrx_word' id='word_1_163' title='bbox 939 2269 1119 2360; x_wconf 84' lang='lat' dir='ltr'><strong>pellucida</strong></span> <span class='ocrx_word' id='word_1_164' title='bbox 1140 2269 1314 2337; x_wconf 75' lang='lat' dir='ltr'><strong>incidente</strong></span> <span class='ocrx_word' id='word_1_165' title='bbox 1333 2273 1371 2336; x_wconf 80' lang='lat' dir='ltr'><strong>eis</strong></span> 
     </span>
     <span class='ocr_line' id='line_1_20' title="bbox 213 2375 1370 2468; baseline -0.002 -24"><span class='ocrx_word' id='word_1_166' title='bbox 213 2377 313 2447; x_wconf 84' lang='lat' dir='ltr'><strong>radio</strong></span> <span class='ocrx_word' id='word_1_167' title='bbox 327 2382 421 2468; x_wconf 83' lang='lat' dir='ltr'><strong>fiunt</strong></span> <span class='ocrx_word' id='word_1_168' title='bbox 445 2393 477 2444; x_wconf 88' lang='lat' dir='ltr'><strong>et</strong></span> <span class='ocrx_word' id='word_1_169' title='bbox 500 2381 577 2466; x_wconf 82' lang='lat' dir='ltr'><strong>ipsa</strong></span> <span class='ocrx_word' id='word_1_170' title='bbox 601 2375 831 2467; x_wconf 77' lang='lat' dir='ltr'><strong>splendentia,</strong></span> <span class='ocrx_word' id='word_1_171' title='bbox 856 2393 889 2445; x_wconf 85' lang='lat' dir='ltr'><strong>et</strong></span> <span class='ocrx_word' id='word_1_172' title='bbox 911 2378 1022 2444; x_wconf 88' lang='lat' dir='ltr'><strong>alium</strong></span> <span class='ocrx_word' id='word_1_173' title='bbox 1039 2378 1224 2468; x_wconf 74' lang='lat' dir='ltr'><strong>fulporem</strong></span> <span class='ocrx_word' id='word_1_174' title='bbox 1247 2402 1291 2444; x_wconf 78' lang='lat' dir='ltr'><strong>eu</strong></span> <span class='ocrx_word' id='word_1_175' title='bbox 1314 2401 1370 2445; x_wconf 81' lang='lat' dir='ltr'><strong>sese</strong></span> 
     </span>
     <span class='ocr_line' id='line_1_21' title="bbox 208 2482 1372 2577; baseline -0.001 -24"><span class='ocrx_word' id='word_1_176' title='bbox 208 2487 433 2576; x_wconf 78' lang='lat' dir='ltr'><strong>profundunt</strong></span> <span class='ocrx_word' id='word_1_177' title='bbox 446 2512 459 2566; x_wconf 93' lang='lat'><strong>,·</strong></span> <span class='ocrx_word' id='word_1_178' title='bbox 487 2489 540 2551; x_wconf 88' lang='lat' dir='ltr'><strong>ita</strong></span> <span class='ocrx_word' id='word_1_179' title='bbox 564 2488 700 2552; x_wconf 83' lang='lat' dir='ltr'><strong>amimae</strong></span> <span class='ocrx_word' id='word_1_180' title='bbox 726 2511 815 2577; x_wconf 80' lang='lat' dir='ltr'><strong>quae</strong></span> <span class='ocrx_word' id='word_1_181' title='bbox 829 2487 1000 2576; x_wconf 85' lang='lat' dir='ltr'><strong>Spiritum</strong></span> <span class='ocrx_word' id='word_1_182' title='bbox 1017 2489 1054 2552; x_wconf 83' lang='lat' dir='ltr'><strong>iu</strong></span> <span class='ocrx_word' id='word_1_183' title='bbox 1070 2510 1105 2553; x_wconf 89' lang='lat' dir='ltr'><strong>se</strong></span> <span class='ocrx_word' id='word_1_184' title='bbox 1128 2487 1257 2553; x_wconf 77' lang='lat' dir='ltr'><strong>hadent</strong></span> <span class='ocrx_word' id='word_1_185' title='bbox 1283 2482 1372 2574; x_wconf 76' lang='grc' dir='ltr'>(πνεν-</span> 
     </span>
     <span class='ocr_line' id='line_1_22' title="bbox 209 2590 1372 2686; baseline 0.004 -29"><span class='ocrx_word' id='word_1_186' title='bbox 209 2590 362 2686; x_wconf 71' lang='grc' dir='ltr'><strong><em>ματοφσρι)</em></strong></span> <span class='ocrx_word' id='word_1_187' title='bbox 394 2593 688 2685; x_wconf 79' lang='lat' dir='ltr'><strong>illustranturpue</strong></span> <span class='ocrx_word' id='word_1_188' title='bbox 714 2619 735 2660; x_wconf 94' lang='lat' dir='ltr'><strong>a</strong></span> <span class='ocrx_word' id='word_1_189' title='bbox 763 2595 913 2683; x_wconf 80' lang='lat' dir='ltr'><strong>Spiritu,</strong></span> <span class='ocrx_word' id='word_1_190' title='bbox 933 2595 1027 2683; x_wconf 37' lang='lat' dir='ltr'><strong>,dunt</strong></span> <span class='ocrx_word' id='word_1_191' title='bbox 1051 2608 1083 2660; x_wconf 87' lang='lat' dir='ltr'><strong>et</strong></span> <span class='ocrx_word' id='word_1_192' title='bbox 1104 2597 1203 2683; x_wconf 87' lang='lat' dir='ltr'><strong>ipsae</strong></span> <span class='ocrx_word' id='word_1_193' title='bbox 1217 2599 1372 2686; x_wconf 79' lang='lat' dir='ltr'><strong>spiritua·</strong></span> 
     </span>
     <span class='ocr_line' id='line_1_23' title="bbox 210 2701 1372 2791; baseline 0.004 -23"><span class='ocrx_word' id='word_1_194' title='bbox 210 2703 270 2783; x_wconf 84' lang='lat' dir='ltr'><strong>les,</strong></span> <span class='ocrx_word' id='word_1_195' title='bbox 283 2709 320 2771; x_wconf 89' lang='lat' dir='ltr'><strong>et</strong></span> <span class='ocrx_word' id='word_1_196' title='bbox 335 2703 371 2770; x_wconf 94' lang='lat' dir='ltr'><strong>in</strong></span> <span class='ocrx_word' id='word_1_197' title='bbox 388 2701 476 2769; x_wconf 90' lang='lat' dir='ltr'><strong>alios</strong></span> <span class='ocrx_word' id='word_1_198' title='bbox 492 2708 569 2789; x_wconf 90' lang='lat' dir='ltr'><strong>(suo</strong></span> <span class='ocrx_word' id='word_1_199' title='bbox 585 2702 698 2784; x_wconf 89' lang='lat' dir='ltr'><strong>modo)</strong></span> <span class='ocrx_word' id='word_1_200' title='bbox 715 2702 866 2791; x_wconf 85' lang='lat' dir='ltr'><strong>gratiam</strong></span> <span class='ocrx_word' id='word_1_201' title='bbox 885 2702 1065 2770; x_wconf 89' lang='lat' dir='ltr'><strong>emittunt:</strong></span> <span class='ocrx_word' id='word_1_202' title='bbox 1083 2701 1168 2772; x_wconf 91' lang='lat' dir='ltr'><strong>hinc</strong></span> <span class='ocrx_word' id='word_1_203' title='bbox 1185 2704 1372 2773; x_wconf 85' lang='lat' dir='ltr'><strong>futurorum</strong></span> 
     </span>
     <span class='ocr_line' id='line_1_24' title="bbox 209 2809 1373 2901; baseline 0.002 -23"><span class='ocrx_word' id='word_1_204' title='bbox 209 2810 463 2901; x_wconf 87' lang='lat' dir='ltr'><strong>praescientia,</strong></span> <span class='ocrx_word' id='word_1_205' title='bbox 490 2809 703 2879; x_wconf 87' lang='lat' dir='ltr'><strong>occultorum</strong></span> <span class='ocrx_word' id='word_1_206' title='bbox 727 2810 995 2900; x_wconf 90' lang='lat' dir='ltr'><strong>comprehensio,</strong></span> <span class='ocrx_word' id='word_1_207' title='bbox 1023 2810 1192 2880; x_wconf 89' lang='lat' dir='ltr'><strong>donorum</strong></span> <span class='ocrx_word' id='word_1_208' title='bbox 1216 2813 1373 2881; x_wconf 89' lang='lat' dir='ltr'><strong>distribu-</strong></span> 
     </span>
     <span class='ocr_line' id='line_1_25' title="bbox 207 2915 1373 3009; baseline -0.001 -23"><span class='ocrx_word' id='word_1_209' title='bbox 207 2919 320 2986; x_wconf 80' lang='lat' dir='ltr'><strong>tiones</strong></span> <span class='ocrx_word' id='word_1_210' title='bbox 343 2916 642 3004; x_wconf 80' lang='lat' dir='ltr'><strong>(ministeriales),</strong></span> <span class='ocrx_word' id='word_1_211' title='bbox 669 2915 829 2985; x_wconf 89' lang='lat' dir='ltr'><strong>coelestis</strong></span> <span class='ocrx_word' id='word_1_212' title='bbox 861 2917 1103 3001; x_wconf 89' lang='lat' dir='ltr'><strong>conversatio,</strong></span> <span class='ocrx_word' id='word_1_213' title='bbox 1138 2941 1218 2987; x_wconf 89' lang='lat' dir='ltr'><strong>cnm</strong></span> <span class='ocrx_word' id='word_1_214' title='bbox 1248 2918 1373 3009; x_wconf 84' lang='lat' dir='ltr'><strong>angelis</strong></span> 
     </span>
     <span class='ocr_line' id='line_1_26' title="bbox 209 3023 1373 3116; baseline -0.002 -21"><span class='ocrx_word' id='word_1_215' title='bbox 209 3025 357 3110; x_wconf 89' lang='lat' dir='ltr'><strong>chorea,</strong></span> <span class='ocrx_word' id='word_1_216' title='bbox 384 3024 552 3114; x_wconf 86' lang='lat' dir='ltr'><strong>gaudium</strong></span> <span class='ocrx_word' id='word_1_217' title='bbox 576 3045 764 3116; x_wconf 88' lang='lat' dir='ltr'><strong>numquam</strong></span> <span class='ocrx_word' id='word_1_218' title='bbox 795 3023 997 3110; x_wconf 87' lang='lat' dir='ltr'><strong>finiendum,</strong></span> <span class='ocrx_word' id='word_1_219' title='bbox 1017 3026 1153 3093; x_wconf 89' lang='lat' dir='ltr'><strong>mansio</strong></span> <span class='ocrx_word' id='word_1_220' title='bbox 1178 3026 1215 3094; x_wconf 91' lang='lat' dir='ltr'><strong>in</strong></span> <span class='ocrx_word' id='word_1_221' title='bbox 1239 3028 1322 3112; x_wconf 92' lang='lat' dir='ltr'><strong>Deo,</strong></span> <span class='ocrx_word' id='word_1_222' title='bbox 1337 3027 1373 3093; x_wconf 86' lang='lat' dir='ltr'><strong>ad</strong></span> 
     </span>
     <span class='ocr_line' id='line_1_27' title="bbox 208 3131 1372 3225; baseline 0.001 -24"><span class='ocrx_word' id='word_1_223' title='bbox 208 3133 318 3202; x_wconf 88' lang='lat' dir='ltr'><strong>Deum</strong></span> <span class='ocrx_word' id='word_1_224' title='bbox 342 3131 575 3216; x_wconf 88' lang='lat' dir='ltr'><strong>assimilatio,</strong></span> <span class='ocrx_word' id='word_1_225' title='bbox 601 3138 637 3200; x_wconf 89' lang='lat' dir='ltr'><strong>et</strong></span> <span class='ocrx_word' id='word_1_226' title='bbox 660 3133 750 3222; x_wconf 91' lang='lat' dir='ltr'><strong>quod</strong></span> <span class='ocrx_word' id='word_1_227' title='bbox 774 3138 828 3201; x_wconf 89' lang='lat' dir='ltr'><strong>est</strong></span> <span class='ocrx_word' id='word_1_228' title='bbox 848 3133 1133 3202; x_wconf 82' lang='lat' dir='ltr'><strong>desiderabilium</strong></span> <span class='ocrx_word' id='word_1_229' title='bbox 1158 3157 1372 3225; x_wconf 90' lang='lat' dir='ltr'><strong>supremum,</strong></span> 
     </span>
     <span class='ocr_line' id='line_1_28' title="bbox 209 3239 1371 3330; baseline 0 -21"><span class='ocrx_word' id='word_1_230' title='bbox 209 3247 251 3309; x_wconf 93' lang='lat' dir='ltr'><strong>ut</strong></span> <span class='ocrx_word' id='word_1_231' title='bbox 273 3240 484 3328; x_wconf 83' lang='lat' dir='ltr'><strong>(analogice)</strong></span> <span class='ocrx_word' id='word_1_232' title='bbox 508 3239 594 3307; x_wconf 89' lang='lat' dir='ltr'><strong>deus</strong></span> <span class='ocrx_word' id='word_1_233' title='bbox 621 3240 686 3306; x_wconf 89' lang='lat' dir='ltr'><strong>lias</strong></span> <span class='ocrx_word' id='word_1_234' title='bbox 712 3268 728 3300; x_wconf 74' lang='lat' dir='ltr'><strong>a</strong></span> <span class='ocrx_word' id='word_1_235' title='bbox 759 3240 800 3308; x_wconf 88' lang='lat' dir='ltr'><strong>da</strong></span> <span class='ocrx_word' id='word_1_236' title='bbox 825 3239 964 3330; x_wconf 87' lang='lat' dir='ltr'><strong>Spiritu</strong></span> <span class='ocrx_word' id='word_1_237' title='bbox 993 3240 1122 3310; x_wconf 88' lang='lat' dir='ltr'><strong>Sancto</strong></span> <span class='ocrx_word' id='word_1_238' title='bbox 1153 3266 1185 3311; x_wconf 90' lang='lat' dir='ltr'><strong>c.</strong></span> <span class='ocrx_word' id='word_1_239' title='bbox 1206 3243 1240 3310; x_wconf 85' lang='grc'><strong>9.</strong></span> <span class='ocrx_word' id='word_1_240' title='bbox 1267 3268 1303 3312; x_wconf 89' lang='lat' dir='ltr'><strong>u.</strong></span> <span class='ocrx_word' id='word_1_241' title='bbox 1325 3243 1371 3312; x_wconf 73' lang='grc'><strong>23.</strong></span> 
     </span>
     <span class='ocr_line' id='line_1_29' title="bbox 209 3346 1374 3443; baseline 0.001 -24"><span class='ocrx_word' id='word_1_242' title='bbox 209 3350 254 3419; x_wconf 86' lang='lat' dir='ltr'><strong>af.</strong></span> <span class='ocrx_word' id='word_1_243' title='bbox 271 3346 356 3415; x_wconf 91' lang='lat' dir='ltr'><strong>ibid.</strong></span> <span class='ocrx_word' id='word_1_244' title='bbox 367 3369 402 3413; x_wconf 89' lang='lat' dir='ltr'><strong>n.</strong></span> <span class='ocrx_word' id='word_1_245' title='bbox 413 3346 469 3413; x_wconf 80' lang='lat'><strong>22.</strong></span> <span class='ocrx_word' id='word_1_246' title='bbox 485 3347 540 3413; x_wconf 81' lang='lat'><strong>38.</strong></span> <span class='ocrx_word' id='word_1_247' title='bbox 555 3351 621 3416; x_wconf 88' lang='lat' dir='ltr'><strong>etc.</strong></span> <span class='ocrx_word' id='word_1_248' title='bbox 636 3346 745 3414; x_wconf 92' lang='lat' dir='ltr'><strong>Immo</strong></span> <span class='ocrx_word' id='word_1_249' title='bbox 757 3347 916 3416; x_wconf 88' lang='lat' dir='ltr'><strong>Basilius</strong></span> <span class='ocrx_word' id='word_1_250' title='bbox 932 3346 1106 3436; x_wconf 89' lang='lat' dir='ltr'><strong>Spiritum</strong></span> <span class='ocrx_word' id='word_1_251' title='bbox 1119 3347 1292 3419; x_wconf 86' lang='lat' dir='ltr'><strong>Sanctum</strong></span> <span class='ocrx_word' id='word_1_252' title='bbox 1304 3372 1374 3443; x_wconf 82' lang='lat' dir='ltr'><strong>qus-</strong></span> 
     </span>
     <span class='ocr_line' id='line_1_30' title="bbox 207 3454 1373 3545; baseline 0 -20"><span class='ocrx_word' id='word_1_253' title='bbox 207 3464 311 3526; x_wconf 91' lang='lat' dir='ltr'><strong>tenus</strong></span> <span class='ocrx_word' id='word_1_254' title='bbox 334 3454 432 3522; x_wconf 92' lang='lat' dir='ltr'><strong>nobis</strong></span> <span class='ocrx_word' id='word_1_255' title='bbox 455 3455 548 3522; x_wconf 90' lang='lat' dir='ltr'><strong>inest</strong></span> <span class='ocrx_word' id='word_1_256' title='bbox 569 3461 606 3523; x_wconf 91' lang='lat' dir='ltr'><strong>et</strong></span> <span class='ocrx_word' id='word_1_257' title='bbox 627 3478 691 3522; x_wconf 93' lang='lat' dir='ltr'><strong>nos</strong></span> <span class='ocrx_word' id='word_1_258' title='bbox 713 3456 852 3545; x_wconf 87' lang='lat' dir='ltr'><strong>perficit</strong></span> <span class='ocrx_word' id='word_1_259' title='bbox 873 3477 914 3523; x_wconf 88' lang='lat' dir='ltr'><strong>ac</strong></span> <span class='ocrx_word' id='word_1_260' title='bbox 930 3456 1137 3545; x_wconf 78' lang='lat' dir='ltr'><strong>spirituales</strong></span> <span class='ocrx_word' id='word_1_261' title='bbox 1152 3459 1284 3544; x_wconf 91' lang='lat' dir='ltr'><strong>reddit,</strong></span> <span class='ocrx_word' id='word_1_262' title='bbox 1298 3482 1373 3528; x_wconf 88' lang='lat' dir='ltr'><strong>com-</strong></span> 
     </span>
     <span class='ocr_line' id='line_1_31' title="bbox 207 3562 1376 3655; baseline 0.001 -24"><span class='ocrx_word' id='word_1_263' title='bbox 207 3570 312 3655; x_wconf 90' lang='lat' dir='ltr'><strong>parat</strong></span> <span class='ocrx_word' id='word_1_264' title='bbox 330 3585 408 3631; x_wconf 91' lang='lat' dir='ltr'><strong>cum</strong></span> <span class='ocrx_word' id='word_1_265' title='bbox 426 3564 572 3651; x_wconf 80' lang='lat' dir='ltr'><strong>forma,</strong></span> <span class='ocrx_word' id='word_1_266' title='bbox 597 3562 682 3631; x_wconf 87' lang='lat' dir='ltr'><strong>licet</strong></span> <span class='ocrx_word' id='word_1_267' title='bbox 704 3563 818 3652; x_wconf 85' lang='lat' dir='ltr'><strong>magis</strong></span> <span class='ocrx_word' id='word_1_268' title='bbox 841 3563 892 3630; x_wconf 95' lang='lat' dir='ltr'><strong>ibi</strong></span> <span class='ocrx_word' id='word_1_269' title='bbox 915 3563 1083 3654; x_wconf 85' lang='lat' dir='ltr'><strong>respiciat</strong></span> <span class='ocrx_word' id='word_1_270' title='bbox 1106 3565 1328 3654; x_wconf 86' lang='lat' dir='ltr'><strong>operationes</strong></span> <span class='ocrx_word' id='word_1_271' title='bbox 1346 3571 1376 3632; x_wconf 90' lang='lat' dir='ltr'><strong>et</strong></span> 
     </span>
     <span class='ocr_line' id='line_1_32' title="bbox 207 3669 1375 3764; baseline -0.003 -23"><span class='ocrx_word' id='word_1_272' title='bbox 207 3674 354 3741; x_wconf 86' lang='lat' dir='ltr'><strong>effectus</strong></span> <span class='ocrx_word' id='word_1_273' title='bbox 377 3669 535 3761; x_wconf 88' lang='lat' dir='ltr'><strong>Spiritus</strong></span> <span class='ocrx_word' id='word_1_274' title='bbox 558 3670 705 3755; x_wconf 90' lang='lat' dir='ltr'><strong>Sancti,</strong></span> <span class='ocrx_word' id='word_1_275' title='bbox 733 3672 793 3764; x_wconf 90' lang='lat' dir='ltr'><strong>qui</strong></span> <span class='ocrx_word' id='word_1_276' title='bbox 818 3694 899 3742; x_wconf 90' lang='lat' dir='ltr'><strong>vere</strong></span> <span class='ocrx_word' id='word_1_277' title='bbox 921 3672 1021 3740; x_wconf 92' lang='lat' dir='ltr'><strong>nobis</strong></span> <span class='ocrx_word' id='word_1_278' title='bbox 1045 3672 1238 3743; x_wconf 85' lang='lat' dir='ltr'><strong>inhaerent</strong></span> <span class='ocrx_word' id='word_1_279' title='bbox 1256 3680 1297 3744; x_wconf 91' lang='lat' dir='ltr'><strong>ut</strong></span> <span class='ocrx_word' id='word_1_280' title='bbox 1305 3676 1375 3764; x_wconf 81' lang='lat' dir='ltr'><strong>for·</strong></span> 
     </span>
     <span class='ocr_line' id='line_1_33' title="bbox 207 3779 1376 3873; baseline 0.003 -29"><span class='ocrx_word' id='word_1_281' title='bbox 207 3804 291 3846; x_wconf 85' lang='lat' dir='ltr'><strong>mae.</strong></span> <span class='ocrx_word' id='word_1_282' title='bbox 321 3779 538 3861; x_wconf 70' lang='lat' dir='ltr'><strong>«Quatenus</strong></span> <span class='ocrx_word' id='word_1_283' title='bbox 562 3780 718 3871; x_wconf 88' lang='lat' dir='ltr'><strong>Spiritus</strong></span> <span class='ocrx_word' id='word_1_284' title='bbox 750 3780 901 3851; x_wconf 88' lang='lat' dir='ltr'><strong>Sanctus</strong></span> <span class='ocrx_word' id='word_1_285' title='bbox 937 3781 1010 3851; x_wconf 87' lang='lat' dir='ltr'><strong>vim</strong></span> <span class='ocrx_word' id='word_1_286' title='bbox 1045 3781 1153 3873; x_wconf 89' lang='lat' dir='ltr'><strong>habet</strong></span> <span class='ocrx_word' id='word_1_287' title='bbox 1181 3781 1376 3873; x_wconf 86' lang='lat' dir='ltr'><strong>perficiendi</strong></span> 
     </span>
     <span class='ocr_line' id='line_1_34' title="bbox 206 3886 1376 3981; baseline 0.004 -27"><span class='ocrx_word' id='word_1_288' title='bbox 206 3886 397 3955; x_wconf 90' lang='lat' dir='ltr'><strong>rationales</strong></span> <span class='ocrx_word' id='word_1_289' title='bbox 410 3894 590 3957; x_wconf 88' lang='lat' dir='ltr'><strong>creaturas</strong></span> <span class='ocrx_word' id='word_1_290' title='bbox 611 3890 796 3960; x_wconf 88' lang='lat' dir='ltr'><strong>absolvens</strong></span> <span class='ocrx_word' id='word_1_291' title='bbox 812 3890 998 3980; x_wconf 85' lang='lat' dir='ltr'><strong>fastigium</strong></span> <span class='ocrx_word' id='word_1_292' title='bbox 1018 3912 1138 3958; x_wconf 90' lang='lat' dir='ltr'><strong>earum</strong></span> <span class='ocrx_word' id='word_1_293' title='bbox 1156 3890 1376 3981; x_wconf 83' lang='lat' dir='ltr'><strong>perfectionis</strong></span> 
     </span>
     <span class='ocr_line' id='line_1_35' title="bbox 210 3990 1377 4090; baseline 0.005 -32"><span class='ocrx_word' id='word_1_294' title='bbox 210 3993 277 4082; x_wconf 76' lang='lat' dir='ltr'><strong>(mu</strong></span> <span class='ocrx_word' id='word_1_295' title='bbox 298 3990 449 4088; x_wconf 81' lang='grc' dir='ltr'>ἀκροτητα</span> <span class='ocrx_word' id='word_1_296' title='bbox 472 3997 519 4062; x_wconf 88' lang='lat' dir='ltr'><strong>cf.</strong></span> <span class='ocrx_word' id='word_1_297' title='bbox 546 3995 673 4086; x_wconf 85' lang='lat' dir='ltr'><strong>Cyrill.</strong></span> <span class='ocrx_word' id='word_1_298' title='bbox 700 3997 784 4065; x_wconf 90' lang='lat' dir='ltr'><strong>dial.</strong></span> <span class='ocrx_word' id='word_1_299' title='bbox 800 3997 883 4065; x_wconf 88' lang='lat' dir='ltr'><strong>VH.</strong></span> <span class='ocrx_word' id='word_1_300' title='bbox 909 4020 943 4086; x_wconf 93' lang='lat' dir='ltr'><strong>p.</strong></span> <span class='ocrx_word' id='word_1_301' title='bbox 963 3997 1041 4065; x_wconf 87' lang='grc'><strong>666.</strong></span> <span class='ocrx_word' id='word_1_302' title='bbox 1073 4019 1109 4062; x_wconf 85' lang='grc' dir='ltr'><strong>το</strong></span> <span class='ocrx_word' id='word_1_303' title='bbox 1139 3997 1306 4090; x_wconf 67' lang='lat' dir='ltr'><strong>depuratos</strong></span> <span class='ocrx_word' id='word_1_304' title='bbox 1330 4021 1377 4070; x_wconf 80' lang='lat' dir='ltr'><strong>rm</strong></span> 
     </span>
     <span class='ocr_line' id='line_1_36' title="bbox 207 4100 1376 4197; baseline 0.01 -31"><span class='ocrx_word' id='word_1_305' title='bbox 207 4100 375 4194; x_wconf 65' lang='lat' dir='ltr'><strong>teleptae),</strong></span> <span class='ocrx_word' id='word_1_306' title='bbox 403 4104 543 4191; x_wconf 79' lang='lat' dir='ltr'><strong>formae</strong></span> <span class='ocrx_word' id='word_1_307' title='bbox 576 4106 744 4169; x_wconf 78' lang='lat' dir='ltr'><strong>rationem</strong></span> <span class='ocrx_word' id='word_1_308' title='bbox 780 4105 891 4173; x_wconf 76' lang='lat' dir='ltr'><strong>babet.</strong></span> <span class='ocrx_word' id='word_1_309' title='bbox 925 4105 1015 4175; x_wconf 90' lang='lat' dir='ltr'><strong>Nam</strong></span> <span class='ocrx_word' id='word_1_310' title='bbox 1045 4105 1107 4197; x_wconf 90' lang='lat' dir='ltr'><strong>qui</strong></span> <span class='ocrx_word' id='word_1_311' title='bbox 1132 4107 1206 4174; x_wconf 91' lang='lat' dir='ltr'><strong>iam</strong></span> <span class='ocrx_word' id='word_1_312' title='bbox 1238 4132 1308 4178; x_wconf 91' lang='lat' dir='ltr'><strong>non</strong></span> <span class='ocrx_word' id='word_1_313' title='bbox 1330 4109 1376 4177; x_wconf 85' lang='lat' dir='ltr'><strong>vi·</strong></span> 
     </span>
     <span class='ocr_line' id='line_1_37' title="bbox 207 4210 1377 4304; baseline 0.002 -23"><span class='ocrx_word' id='word_1_314' title='bbox 207 4211 264 4283; x_wconf 87' lang='lat' dir='ltr'><strong>vit</strong></span> <span class='ocrx_word' id='word_1_315' title='bbox 297 4212 485 4281; x_wconf 87' lang='lat' dir='ltr'><strong>secundum</strong></span> <span class='ocrx_word' id='word_1_316' title='bbox 519 4233 656 4281; x_wconf 89' lang='lat' dir='ltr'><strong>carnem</strong></span> <span class='ocrx_word' id='word_1_317' title='bbox 695 4212 756 4282; x_wconf 89' lang='lat' dir='ltr'><strong>sed</strong></span> <span class='ocrx_word' id='word_1_318' title='bbox 790 4210 930 4303; x_wconf 88' lang='lat' dir='ltr'><strong>Spiritu</strong></span> <span class='ocrx_word' id='word_1_319' title='bbox 959 4213 1025 4282; x_wconf 93' lang='lat' dir='ltr'><strong>Dei</strong></span> <span class='ocrx_word' id='word_1_320' title='bbox 1059 4213 1184 4304; x_wconf 82' lang='lat' dir='ltr'><strong>agitur</strong></span> <span class='ocrx_word' id='word_1_321' title='bbox 1218 4223 1257 4287; x_wconf 89' lang='lat' dir='ltr'><strong>et</strong></span> <span class='ocrx_word' id='word_1_322' title='bbox 1289 4217 1377 4285; x_wconf 85' lang='lat' dir='ltr'><strong>lilius</strong></span> 
     </span>
     <span class='ocr_line' id='line_1_38' title="bbox 206 4319 1376 4412; baseline 0.005 -22"><span class='ocrx_word' id='word_1_323' title='bbox 206 4319 272 4390; x_wconf 91' lang='lat' dir='ltr'><strong>Dei</strong></span> <span class='ocrx_word' id='word_1_324' title='bbox 296 4321 496 4391; x_wconf 90' lang='lat' dir='ltr'><strong>nominatur</strong></span> <span class='ocrx_word' id='word_1_325' title='bbox 523 4327 559 4390; x_wconf 91' lang='lat' dir='ltr'><strong>et</strong></span> <span class='ocrx_word' id='word_1_326' title='bbox 587 4321 774 4391; x_wconf 80' lang='lat' dir='ltr'><strong>conformis</strong></span> <span class='ocrx_word' id='word_1_327' title='bbox 796 4322 944 4412; x_wconf 85' lang='lat' dir='ltr'><strong>imagini</strong></span> <span class='ocrx_word' id='word_1_328' title='bbox 970 4321 1059 4393; x_wconf 82' lang='lat' dir='ltr'><strong>Filii</strong></span> <span class='ocrx_word' id='word_1_329' title='bbox 1081 4322 1148 4393; x_wconf 91' lang='lat' dir='ltr'><strong>Dei</strong></span> <span class='ocrx_word' id='word_1_330' title='bbox 1175 4326 1296 4395; x_wconf 83' lang='lat' dir='ltr'><strong>factus</strong></span> <span class='ocrx_word' id='word_1_331' title='bbox 1316 4330 1376 4409; x_wconf 85' lang='lat' dir='ltr'><strong>est,</strong></span> 
     </span>
     <span class='ocr_line' id='line_1_39' title="bbox 207 4427 1378 4520; baseline 0.009 -29"><span class='ocrx_word' id='word_1_332' title='bbox 207 4428 407 4518; x_wconf 77' lang='lat' dir='ltr'><strong>spiritualis</strong></span> <span class='ocrx_word' id='word_1_333' title='bbox 429 4428 572 4500; x_wconf 88' lang='lat' dir='ltr'><strong>dieitur.</strong></span> <span class='ocrx_word' id='word_1_334' title='bbox 589 4427 639 4498; x_wconf 85' lang='lat' dir='ltr'><strong>Et</strong></span> <span class='ocrx_word' id='word_1_335' title='bbox 665 4428 759 4500; x_wconf 86' lang='lat' dir='ltr'><strong>sicut</strong></span> <span class='ocrx_word' id='word_1_336' title='bbox 779 4430 837 4501; x_wconf 87' lang='lat' dir='ltr'><strong>vis</strong></span> <span class='ocrx_word' id='word_1_337' title='bbox 859 4428 1004 4502; x_wconf 85' lang='lat' dir='ltr'><strong>videndi</strong></span> <span class='ocrx_word' id='word_1_338' title='bbox 1026 4430 1064 4499; x_wconf 94' lang='lat' dir='ltr'><strong>in</strong></span> <span class='ocrx_word' id='word_1_339' title='bbox 1091 4451 1179 4501; x_wconf 85' lang='lat' dir='ltr'><strong>sano</strong></span> <span class='ocrx_word' id='word_1_340' title='bbox 1202 4432 1315 4520; x_wconf 87' lang='lat' dir='ltr'><strong>oculo,</strong></span> <span class='ocrx_word' id='word_1_341' title='bbox 1331 4432 1378 4502; x_wconf 81' lang='lat' dir='ltr'><strong>iu</strong></span> 
     </span>
    </p>
   </div>
   <div class='ocr_carea' id='block_1_2' title="bbox 0 0 1592 4950">
    <p class='ocr_par' dir='ltr' id='par_1_2' title="bbox 0 0 1592 4950">
     <span class='ocr_line' id='line_1_40' title="bbox 0 0 1592 4950; baseline 0 0"><span class='ocrx_word' id='word_1_342' title='bbox 0 0 1592 4950; x_wconf 95' lang='lat' dir='ltr'><strong> </strong></span> 
     </span>
    </p>
   </div>
  </div>
 </body>
</html>
