3180 4944
700 340 738 354 ..
759 308 821 371 594
841 340 880 355 ..

207 415 309 487 hodie
342 438 425 485 vero
448 414 638 506 perfectius
669 436 737 481 non
760 413 912 504 amplius
935 421 1134 505 operatione
1157 437 1325 506 praeseus
1340 417 1383 486 si·

208 529 269 595 out
291 524 391 613 prius
414 522 466 607 (in
489 521 618 589 morbis
641 521 819 605 sanandis,
846 528 883 590 et
909 522 947 602 in
982 521 1187 592 sufflatione
1212 523 1380 613 Christi),

208 631 268 700 sed
295 629 587 710 substantialiter,
608 643 648 693 at
679 631 758 720 qnia
781 626 891 694 dicere
914 644 1051 718 posset,
1084 627 1227 697 advenit
1251 645 1285 696 at
1308 655 1380 696 eon·

206 751 373 807 vereatur.
400 735 554 809 Decebat
576 735 691 819 enim,
720 740 904 826 postquam
927 734 1045 809 Filius
1068 737 1302 828 corporaliter
1325 760 1380 807 uo·

208 845 341 915 hiscum
364 845 536 910 versatus·
551 846 628 925 est,
657 840 763 910 etiam
778 840 882 911 illum
906 840 1111 932 (Spiritum)
1134 867 1305 933 apparere
1317 868 1381 910 eor·

203 949 379 1041 poraliter
392 975 409 1010 n
430 949 494 1034 (1).
520 948 684 1016 Profecto
698 948 944 1018 Nazianzenus
965 948 1058 1017 nihil
1074 949 1164 1018 dicit
1185 950 1227 1019 de
1246 949 1383 1021 diverso

208 1057 306 1127 modo
329 1054 621 1125 sanctificationis
635 1078 698 1145 per
714 1055 888 1145 Spiritum
907 1056 1075 1125 Sanctum
1098 1057 1137 1124 in
1156 1057 1269 1125 reteri
1292 1063 1328 1125 et
1346 1058 1381 1126 in

206 1188 297 1235 novo
313 1165 548 1233 Testamentoz
571 1164 674 1237 immo
693 1164 839 1248 indicat,
857 1164 950 1233 huuc
966 1164 1103 1232 modum
1119 1163 1231 1233 fuisse
1251 1187 1382 1256 semper

208 1273 353 1345 eundem
381 1293 443 1361 per
468 1270 775 1361 participationem
799 1271 957 1362 Spiritus
972 1270 1107 1359 Sancti;
1133 1271 1288 1340 eiusdem
1305 1273 1380 1362 Spi-

207 1383 301 1451 ritus
324 1379 558 1469 operationem
582 1379 692 1448 fuisse
715 1380 753 1447 in
773 1380 922 1469 angelis,
940 1379 1157 1471 patriarchis
1174 1379 1306 1449 veteris
1320 1380 1380 1448 'le-

207 1488 399 1572 stamenti,
425 1495 463 1554 et
482 1485 519 1553 in
536 1484 727 1574 Apostolis.
760 1485 850 1553 Tum
872 1485 1031 1555 declarat
1053 1487 1294 1556 differentiam
1316 1508 1380 1554 non

207 1595 300 1665 inter
316 1590 643 1663 communicationes
664 1591 702 1658 iu
726 1591 839 1660 veteri
854 1596 892 1659 et
913 1591 951 1658 in
968 1614 1057 1660 novo
1072 1592 1308 1677 Testamento,
1322 1591 1377 1660 sed

207 1702 300 1771 inter
312 1702 400 1769 duas
414 1699 549 1790 priores
561 1698 888 1768 communicationes
904 1699 1084 1790 Apostolis
1104 1701 1219 1769 factas
1235 1699 1281 1767 ad
1303 1700 1378 1767 dae·

210 1831 327 1878 moues
357 1805 577 1896 expellendos
611 1804 718 1873 etad
745 1805 956 1874 remittenda
979 1811 1133 1895 peccata,
1156 1812 1263 1896 atque
1288 1806 1379 1872 inter

206 1915 349 1984 tertiam
373 1915 410 1982 in
435 1912 491 1981 die
507 1912 738 1980 Pentecostes.
756 1912 897 1980 Priores
920 1911 1009 1981 dicit
1029 1913 1140 1981 fnisse
1159 1911 1376 1995 huiusmodi,

210 2027 252 2090 ut
274 2020 431 2111 Spiritus
452 2018 609 2086 adfuerit
625 2018 848 2108 operatione,
868 2019 982 2086 altera
1013 2025 1055 2087 ut
1072 2018 1318 2111 quodammodo
1334 2016 1378 2082 ὲν-

208 2123 321 2199 aradae
336 2124 521 2195 advenerit
548 2134 585 2193 et
609 2135 836 2199 conversatus
860 2126 909 2195 sit
927 2149 1004 2195 cum
1028 2125 1223 2218 Apostolis3
1244 2126 1308 2195 hoc
1322 2147 1377 2194 au·

208 2242 279 2305 teni
304 2233 462 2303 declarat
487 2232 556 2300 sibi
571 2232 674 2317 valle,
695 2233 786 2324 quod
810 2233 966 2323 Spiritus
994 2233 1144 2303 Sanctus
1161 2234 1199 2300 iu
1222 2234 1279 2302 die
1294 2234 1374 2302 Pen-

207 2347 355 2410 tecostes
378 2364 554 2428 σωματικως
583 2341 847 2431 incorporali
869 2345 978 2431 speeie
1001 2357 1032 2408 et
1056 2341 1193 2408 dicibili
1223 2343 1378 2408 missione

209 2445 397 2515 advenerit.
415 2446 618 2536 Distinguit
641 2468 724 2536 ergo
741 2446 835 2517 inter
863 2448 1061 2516 missionem
1083 2446 1169 2516 solis
1196 2448 1376 2516 effectibus

209 2554 499 2646 subsequentibus
534 2553 819 2639 manifestatam,
849 2561 885 2623 et
910 2555 1107 2625 missionem
1137 2554 1316 2623 visibilem
1345 2555 1376 2621 iu

209 2661 343 2750 linguis
370 2662 509 2751 ignitis.
526 2661 623 2743 Quae
644 2661 760 2729 omnia
782 2669 875 2730 certe
894 2662 987 2730 nihil
999 2662 1180 2752 pertinent
1205 2661 1251 2730 ad
1278 2681 1375 2750 nege·

208 2768 337 2836 tionem
359 2767 630 2837 inhabitationis
654 2767 809 2858 Spiritus
834 2769 956 2838 Sancti
978 2770 1016 2837 in
1040 2769 1147 2839 iustis
1170 2769 1301 2839 veteris
1319 2768 1375 2836 Te·

209 2876 384 2945 stamenti.

268 2982 471 3071 'Rupertum
483 2982 654 3049 Abbatem
666 2981 798 3050 saeculi
810 2982 910 3066 XIL,
937 2983 1038 3051 cuius
1054 2985 1162 3053 verba
1178 2984 1268 3052 citat
1281 2984 1375 3050 Peta-

210 3089 290 3158 vius
305 3112 346 3157 ex
362 3090 388 3157 l.
404 3090 435 3158 Ι.
452 3114 501 3159 cc.
521 3090 575 3157 11.
594 3090 648 3158 18.
670 3089 739 3176 19.;
759 3089 784 3157 l.
799 3091 848 3158 II.
862 3114 891 3159 c.
903 3091 936 3158 6.
951 3091 993 3159 de
1006 3090 1263 3180 glorificatione
1280 3090 1374 3158 Trin.

208 3202 245 3262 et
267 3218 417 3285 process.
440 3195 563 3264 Sancti
586 3195 742 3285 Spiritus
766 3195 867 3285 (Opp.
885 3196 927 3263 Τ.
940 3196 1039 3281 ΠΙ.),
1065 3219 1245 3287 possemus
1268 3202 1376 3265 traus-

209 3300 375 3388 mittare;
401 3303 714 3393 quomodocumque
737 3302 829 3372 enim
852 3302 1105 3393 intelligatur,
1132 3325 1318 3396 numquam
1342 3323 1377 3369 ex

208 3429 248 3477 eo
271 3408 592 3494 demonstrabitur,
617 3431 693 3477 eam
716 3431 820 3501 quam
835 3410 1092 3500 impugnamus,
1112 3410 1226 3480 fnisse
1249 3415 1378 3479 senten·

209 3515 296 3583 tiam
320 3514 383 3584 SS.
399 3516 557 3584 Petrum.
575 3515 737 3585 Ceterum
761 3516 965 3601 videamus,
991 3517 1075 3608 quid
1091 3516 1233 3586 tandem
1249 3517 1312 3584 ille
1328 3517 1378 3584 do·

209 3629 298 3691 caat.
314 3623 503 3714 Triplicem
527 3622 580 3692 ait
610 3645 684 3691 esse
715 3623 871 3713 Spiritus
903 3624 1025 3694 Sancti
1057 3625 1311 3714 processionem
1340 3621 1378 3690 sd

209 3734 339 3814 extra,
364 3729 409 3797 ad
433 3730 670 3814 creationem,
695 3730 741 3798 ad
764 3730 978 3799 charismata
1000 3729 1115 3819 gratis
1131 3729 1217 3798 data
1232 3730 1378 3799 nomina·

209 3835 274 3905 tim
297 3837 342 3906 ad
358 3837 605 3927 prophetiam,
624 3837 669 3906 ad
684 3837 921 3907 remissionem
937 3842 1169 3927 peccatorum.
1187 3867 1205 3901 a
1215 3838 1312 3906 Ante
1327 3836 1378 3904 ad·

210 3949 354 4013 ventum
375 3943 465 4012 Filii
487 3945 553 4013 Dei
577 3945 728 4015 dabatur
751 3945 889 4037 quidem
913 3934 1173 4014 indivisionem
1187 3945 1379 4034 gratiarum

212 4049 552 4143 (prqphetiaeetc.),
579 4051 730 4120 sednon
761 4052 867 4120 etiam
900 4051 938 4119 in
972 4051 1209 4120 remissionem
1233 4056 1379 4143 peccac-

268 4208 311 4284 (l)
331 4216 366 4264 To
384 4217 410 4266 da
424 4233 467 4266 νυν
482 4220 642 4284 neheompos,
657 4211 701 4267 οὐκ
717 4212 756 4268 irs
772 4214 890 4287 ἒνεργειᾳ
909 4236 993 4288 napos
1013 4216 1045 4277 cit
1061 4236 1194 4289 προτερον,
1207 4213 1338 4292 duceudos
1350 4220 1380 4269 δι’.

211 4296 243 4361 ὥς
256 4295 288 4351 oia
301 4295 366 4354 ἒιποι
381 4321 427 4365 τις,
440 4320 631 4372 συγγινομενον
645 4323 672 4354 τε
691 4324 734 4356 και
750 4310 1018 4376 συμπολιτευομενον.
1034 4301 1131 4377 ἔπρεπε
1149 4327 1213 4376 γαρ,
1238 4305 1294 4361 dioc
1309 4324 1379 4372 συμα

211 4408 284 4450 retae
297 4388 359 4459 ἦμεν
373 4388 561 4459 ὀμιλησαντος,
576 4411 618 4442 και
632 4387 699 4443 doro
713 4405 824 4461 φανηναι
839 4413 1000 4464 superisne.
