3172 4950
678 351 716 364 -
738 319 799 380 345
819 351 857 364 -

188 424 279 490 tham
289 446 357 488 aon
369 445 446 489 vero
460 423 662 507 absolutum,
672 428 757 514 qaia
764 425 932 513 formalis
942 428 1036 493 ratio
1048 429 1271 497 relativorum
1283 445 1344 514 est,
1424 498 1429 505 ,

188 544 414 621 pentametros
432 529 604 613 distincti;
612 531 782 619 smalto
799 536 891 599 ratio
905 533 1055 599 absoluti
1072 551 1190 602 contra
1203 524 1345 605 estoom·

188 640 285 704 nenia
300 652 441 720 notura,
463 662 533 729 qna
558 653 624 704 tres
647 665 750 706 anum
765 655 856 707 sant.
876 641 970 710 Aliis
988 642 1116 711 verbis:
1129 668 1277 734 persona
1293 646 1345 713 di-

188 747 258 813 uisa
271 770 337 811 non
355 762 403 813 eat
415 747 541 813 relatio
558 748 733 815 abstracta
749 747 805 815 sed
819 750 1003 817 relativam
1017 749 1257 835 substantiale,
1270 754 1302 822 b.
1315 777 1342 823 e.

188 853 355 922 minam
369 857 492 923 babens
506 858 672 924 inclusam
688 874 719 925 et
733 883 840 926 seeum
853 859 1101 951 identificatam
1114 863 1288 950 infinitam
1300 885 1346 927 ee·

188 965 329 1032 nntium.
348 962 449 1045 Quod
465 965 604 1034 tandem
620 965 664 1033 ad
680 965 770 1035 hano
787 965 946 1035 ultimam
963 967 1216 1056 expressionem
1230 968 1345 1058 redigi

189 1074 307 1159 post:
330 1094 477 1159 persono
493 1071 614 1139 diuina
638 1088 686 1138 est
709 1075 852 1162 ipsomet
876 1074 997 1141 divina
1021 1077 1167 1142 essentia
1189 1076 1249 1141 aab
1267 1076 1346 1164 for·

191 1177 262 1243 noli
275 1181 411 1245 ratione
424 1181 567 1247 relativi
583 1179 628 1247 od
645 1183 754 1263 intro,
771 1183 832 1248 sub
849 1207 919 1274 qua
933 1186 1069 1250 ratione
1084 1197 1164 1250 sunt
1176 1199 1243 1250 tres
1257 1187 1348 1251 inter

192 1282 397 1370 &distinctu
413 1312 481 1353 non
497 1303 609 1355 autem
625 1289 684 1355 sub
700 1288 853 1376 formali
867 1293 1004 1358 ratione
1020 1292 1182 1373 absoluti,
1200 1292 1260 1359 aab
1277 1317 1345 1383 qna

191 1394 308 1458 ratione
323 1406 373 1458 est
386 1418 458 1459 aaa
475 1393 681 1461 indistincto
697 1399 910 1464 essentiam
931 1413 1069 1465 natura.
1091 1398 1134 1466 In
1157 1397 1251 1467 huno
1272 1421 1346 1467 sen·

191 1520 253 1569 nm
268 1500 428 1591 disputat
443 1502 684 1592 Augustinus:
706 1505 844 1573 oomnis
861 1506 1012 1574 essentia
1028 1526 1115 1597 quae
1129 1505 1278 1574 relative
1295 1493 1346 1574 di·

193 1606 280 1694 eitur,
293 1616 349 1678 est
363 1610 468 1679 etiam
484 1610 618 1702 aliquid
631 1619 773 1702 excepto
784 1612 977 1682 relativo...
995 1612 1033 1680 Si
1045 1636 1114 1681 non
1126 1621 1218 1682 esset
1232 1614 1344 1698 homo,

194 1712 281 1786 idest
293 1717 415 1810 aliqua
431 1720 639 1803 substantia,
654 1743 723 1789 non
738 1727 829 1790 esset
841 1722 901 1813 qui
917 1722 1066 1790 relative
1082 1721 1241 1791 dominus
1258 1722 1347 1792 dice·

193 1832 314 1895 ntur...
327 1826 548 1917 Quapropter
560 1828 590 1896 si
604 1836 640 1897 et
651 1830 756 1898 Pater
772 1852 839 1897 non
855 1838 909 1899 est
924 1829 1059 1922 aliquid
1077 1830 1121 1899 ad
1138 1831 1289 1922 seipsum
1302 1831 1348 1919 (si

194 1934 370 2003 meseratio
386 1937 564 2004 abstracta
579 1935 670 2004 nihil
685 1936 868 2006 includens
884 1938 1070 2023 absoluti),
1089 1962 1157 2007 non
1172 1946 1227 2008 est
1242 1938 1348 2007 omni·

194 2058 228 2107 no
240 2040 297 2134 qui
318 2041 469 2111 relative
486 2043 624 2113 dicotur
640 2045 683 2112 ad
701 2045 877 2138 aliquid...
896 2046 1001 2116 Pater
1016 2051 1053 2116 et
1066 2046 1195 2132 Filius,
1214 2053 1347 2116 utrum-

195 2168 245 2239 que
258 2151 455 2219 substantia
476 2156 512 2220 et
535 2157 719 2242 utrumque
743 2175 813 2220 una
833 2155 1034 2223 substantia
1050 2155 1282 2241 (absoluta)...
1300 2153 1349 2222 Et

195 2252 263 2326 bauo
277 2257 344 2326 duo
361 2281 438 2326 oum
454 2257 632 2343 dicuntur,
650 2258 687 2327 id
710 2265 765 2329 est
779 2275 864 2326 noto
885 2250 1073 2350 sapiintia,
1090 2261 1128 2328 in
1144 2285 1213 2330 uno
1231 2283 1348 2330 eorum

195 2364 320 2456 eoquod
336 2371 504 2447 estante,
523 2372 559 2434 et
573 2365 727 2434 Verbum
743 2372 780 2434 et
795 2367 910 2456 imago
926 2373 962 2435 et
977 2366 1093 2435 Filius
1109 2366 1345 2456 intelligatur,

196 2472 274 2540 etin
295 2471 353 2541 his
376 2474 534 2541 omnibus
556 2473 754 2542 nominibus
777 2497 845 2543 non
868 2475 1075 2544 ostendatur
1102 2472 1253 2543 essentia
1276 2473 1347 2560 (ab-

197 2575 293 2647 soluta
314 2586 352 2649 et
373 2580 590 2666 eommunis),
617 2581 699 2672 quia
721 2581 872 2650 relative
899 2582 1088 2669 dicuntur-3
1114 2588 1154 2649 at
1176 2581 1213 2648 in
1235 2579 1347 2648 altero

199 2687 270 2777 quod
290 2694 345 2756 eet
366 2692 554 2779 sapientia,
572 2689 733 2780 quoniam
756 2695 792 2757 et
815 2689 859 2758 ad
883 2712 918 2757 se
942 2688 1085 2773 dieitur,
1104 2710 1140 2756 se
1156 2687 1234 2777 ipsa
1256 2686 1347 2754 enim

200 2794 314 2885 sepiens
337 2803 402 2881 est,
429 2797 535 2865 etiam
558 2798 711 2865 essentia
727 2797 1026 2865 demonstretur...
1044 2795 1265 2886 Quapropter
1281 2817 1348 2862 non

200 2900 265 2991 quia
282 2906 388 2975 Pater
410 2927 479 2972 non
494 2910 548 2972 est
563 2904 679 2973 Filius
703 2911 739 2973 et
760 2903 877 2972 Filius
893 2927 961 2972 non
978 2911 1032 2972 est
1047 2905 1176 2989 Pater,
1202 2909 1265 2972 aut
1288 2901 1349 2971 ille
1465 2893 1467 2897 ¹

202 3005 356 3100 ingenitus
368 3012 431 3081 ille
447 3019 562 3081 autem
576 3013 727 3102 genitus,
748 3012 824 3080 ideo
848 3034 916 3079 non
937 3034 1006 3080 una
1020 3011 1182 3096 essentia,
1199 3010 1281 3102 quia
1293 3009 1349 3077 his

200 3120 373 3189 amnibus
396 3118 549 3188 relativa
574 3142 692 3187 eorum
717 3119 959 3188 ostenduntur.
986 3118 1141 3209 Uterque
1164 3123 1281 3185 autem
1305 3116 1349 3184 ei·

202 3224 258 3292 nul
276 3248 345 3295 una
360 3227 534 3318 sapientia
549 3233 585 3296 et
599 3249 669 3295 una
685 3226 848 3310 essentia,
868 3227 929 3294 ubi
948 3226 1011 3295 hoo
1027 3231 1171 3295 estesse
1187 3226 1278 3318 quod
1298 3245 1351 3293 sa·

204 3348 264 3416 pre
276 3339 475 3426 (utrumque
491 3341 545 3403 est
560 3335 759 3403 absolutum
770 3340 806 3402 et
818 3333 894 3402 ideo
911 3356 1018 3401 unum
1031 3333 1121 3403 citra
1138 3332 1349 3424 multiplice·

204 3433 308 3508 donem
330 3449 393 3511 aut
415 3442 673 3512 distinctionem
688 3442 844 3529 realem);
865 3465 933 3509 uon
950 3448 1064 3511 autem
1082 3441 1186 3510 simul
1203 3448 1350 3530 uterque

206 3536 333 3617 Verbum
355 3556 418 3618 aut
439 3549 576 3635 Filius,
603 3550 685 3642 quia
710 3573 780 3618 non
804 3550 869 3619 hoo
892 3557 946 3618 est
971 3572 1045 3618 esse
1077 3549 1166 3641 quod
1197 3547 1350 3618 Verbum

208 3658 255 3720 ut
269 3653 396 3725 Filium
418 3680 516 3742 esse,
542 3657 634 3726 siout
656 3657 725 3724 iam
757 3659 845 3727 satis
872 3657 1085 3726 ostendimus
1107 3655 1178 3722 ista
1200 3653 1350 3722 relative

210 3752 288 3827 diois
312 3764 367 3852 (h.
385 3788 416 3834 e.
436 3764 594 3835 formalis
617 3767 708 3835 ratio
724 3765 877 3834 absoluti
899 3766 987 3833 Esse
1010 3785 1031 3831 a
1054 3762 1192 3831 formali
1216 3761 1350 3829 ratione

188 3854 335 3936 *nodva
355 3870 473 3939 Patris
494 3877 531 3941 et
551 3871 660 3940 Verbi
684 3895 744 3940 seu
766 3871 854 3939 Filii
878 3870 1085 3939 virtualiter
1101 3867 1349 3957 distinguitur,

213 3964 251 4037 ia
267 3980 303 4042 ut
323 3978 383 4045 sub
406 3977 539 4047 ratione
560 3979 791 4048 relativorum
807 3979 901 4048 inter
917 4001 953 4047 ee
969 3977 1114 4047 realiter
1130 3976 1351 4065 distinguan-

214 4074 268 4162 tur,
282 4081 339 4149 sub
350 4083 486 4158 ratione
502 4106 585 4152 vero
606 4085 759 4153 absoluti
775 4084 848 4153 sint
863 4108 969 4153 unum
983 4084 1083 4165 Esse,
1101 4105 1172 4152 una
1187 4081 1349 4166 essentia,

217 4196 269 4250 ω
285 4190 446 4279 sapientia
467 4195 550 4277 eto.)
575 4191 611 4260 S.
628 4194 784 4282 August.
802 4193 900 4261 Trin.
916 4191 1000 4262 VH.
1014 4215 1050 4259 n.
1065 4192 1098 4260 2.
1114 4190 1148 4258 3.

264 4288 327 4363 Hae
348 4297 414 4364 iam
436 4299 596 4368 doctrina
625 4301 806 4390 supposita
833 4322 1017 4391 possumus
1048 4319 1228 4389 personam
1260 4295 1350 4365 divi·

221 4406 279 4463 um
294 4407 326 4468 et
343 4426 504 4494 personae
529 4407 811 4477 constitutionem
841 4407 1021 4498 concipere
1045 4404 1257 4496 dupliciter3
1282 4402 1354 4492 pri-
