3172 4950
656 359 836 423 -517-

178 490 229 538 lou
248 469 340 538 esset
350 465 503 537 eiusdem
517 465 688 537 essentiae
703 446 780 537 cum
795 468 900 538 Patre
915 469 1329 543 sermoncinatione

178 598 261 646 suam
283 575 540 668 iniquissimam
563 574 757 665 opinionem
780 598 841 645 seu
864 576 981 667 potius
998 577 1206 647 calumniam
1220 578 1328 647 Theo·

178 688 304 759 ioretus
325 683 470 774 ipsemet
485 681 524 751 in
538 705 593 772 ep.
611 681 656 750 ed
672 672 880 753 monasteria
895 689 1017 754 eontra
1031 684 1207 774 cyrillum
1223 691 1328 777 (quae

178 791 314 862 scitata
335 795 391 860 est
412 789 451 858 in
474 789 607 886 synodo
622 789 667 858 V.
689 788 855 876 Act.V.),
881 791 941 858 ubi
964 813 1071 880 agens
1094 791 1136 860 de
1166 791 1229 860 illo
1245 813 1326 860 ana·

178 896 387 967 hematismo
409 895 475 964 IX.
490 894 619 986 Cyrilli
641 894 716 964 ait:
745 895 992 985 ublasphemat
1014 921 1096 967 vero
1128 904 1164 967 et
1186 898 1224 967 S.
1239 898 1327 989 Spi-

178 1005 296 1089 itum,
322 1029 390 1070 aco
413 1027 454 1070 ece
477 1004 584 1071 Patre
607 1005 717 1092 ipsum
726 1001 907 1094 procedere
922 1004 1035 1071 dicens
1057 1005 1243 1074 meandum
1258 1006 1326 1074 Do·

178 1110 248 1180 uini
266 1133 406 1196 vocem,
432 1110 492 1179 sed
515 1132 557 1180 ex
579 1108 674 1178 Filio
696 1132 796 1196 esse,
821 1109 889 1180 iste
918 1133 1001 1180 vero
1031 1110 1248 1201 Apollinarii
1275 1135 1325 1182 se·
1429 1098 1434 1107 ’

178 1217 293 1288 Qum
317 1218 455 1287 fructus
477 1222 531 1286 est
548 1215 610 1305 (l),
629 1219 888 1308 appropinquat
910 1241 985 1284 cero
1008 1217 1204 1285 Macedone·
1214 1219 1329 1307 (ducis

178 1324 550 1397 'neumatomachorum
573 1347 616 1394 ex
640 1330 736 1395 secta
759 1324 993 1409 semiariana)
1016 1325 1191 1414 metipsos
1219 1326 1328 1391 calta-

178 1423 245 1500 αὶ»
261 1432 434 1502 Auctuar.
450 1431 614 1501 Garnerii
622 1432 708 1523 Opp.
719 1431 979 1502 TheodoretiT.
994 1433 1083 1523 V.p.
1099 1431 1155 1500 62.
1169 1432 1245 1501 Hac
1257 1433 1327 1500 iam

178 1539 357 1631 uspieione
379 1544 600 1631 praestructa
622 1540 950 1610 anathematismum
972 1539 1037 1607 IX.
1051 1539 1104 1609 ita
1127 1539 1324 1630 impugnat:

191 1647 366 1739 siqnidem
388 1647 562 1738 Spiritum
583 1647 761 1739 proprium
776 1647 864 1716 Filii
886 1653 928 1717 ut
948 1646 1101 1716 eiusdem
1116 1669 1193 1716 cum
1208 1669 1248 1716 eo
1263 1668 1324 1714 na-

178 1775 266 1824 urae
288 1760 325 1824 et
347 1778 389 1825 ex
412 1754 518 1823 Patre
540 1754 779 1845 procedentem
801 1752 919 1837 dixit,
953 1752 1059 1822 simul
1086 1753 1328 1822 confitebimur

178 1868 198 1931 t
219 1867 398 1953 tamquam
420 1861 514 1951 piam
537 1860 763 1950 suscipiemus
779 1882 907 1948 vocem3
923 1859 954 1928 si
970 1882 1065 1945 vero,
1091 1865 1266 1952 tamqnam
1282 1881 1326 1929 ex

178 1968 257 2061 lilio
279 1973 344 2038 aut
364 1991 426 2058 per
448 1968 580 2038 Filium
603 1966 824 2037 existentiam
847 1968 974 2038 habeat
996 1967 1058 2056 (2),
1083 1967 1149 2037 hoe
1171 1972 1213 2037 ut
1227 1966 1329 2037 blas-

225 2126 271 2204 (1)
288 2133 323 2185 In
343 2130 475 2184 doctrina
498 2129 532 2183 de
554 2131 756 2185 incarnatione
778 2145 862 2198 saepe
886 2130 1036 2185 Nestorius
1063 2134 1093 2184 st
1114 2129 1176 2183 eius
1198 2130 1328 2184 lautores

178 2221 304 2289 lyrlllum
323 2220 494 2273 accusabant
510 2219 746 2286 Apollinarianac
765 2220 922 2286 haereseos,
936 2218 1019 2287 qussi
1035 2221 1154 2283 negaret
1165 2216 1235 2271 duas
1248 2218 1329 2272 chri·

178 2309 202 2362 ti
224 2312 365 2375 naturas;
387 2307 519 2361 hisvero
539 2307 654 2361 videtur
675 2308 868 2362 Theodoretus
886 2307 1013 2361 iudicare
1033 2322 1156 2361 errorem
1178 2307 1327 2375 Apollina-

178 2399 199 2453 li
219 2398 256 2451 de
271 2396 383 2465 Spiritu
397 2396 509 2464 Sancto,
522 2400 552 2450 et
564 2397 595 2449 iu
615 2396 740 2450 eiusdem
754 2397 942 2465 suspicionem
960 2411 1061 2451 vocare
1074 2395 1225 2463 (lyrlllum.
1238 2395 1323 2463 Apol·

178 2490 290 2543 luarius
311 2488 435 2541 diversis
457 2487 631 2555 temporibus
657 2487 772 2542 diversa
791 2487 904 2556 docult;
929 2486 963 2540 ad
990 2503 1048 2541 rens
1066 2489 1246 2554 praesentem
1270 2502 1326 2539 me·

178 2582 260 2633 rorat
281 2579 397 2643 Gregor.
411 2577 480 2631 aaz.
503 2576 560 2649 (ep.
574 2579 597 2630 1.
606 2577 642 2629 ad
655 2577 771 2631 cledon.
783 2578 815 2631 Τ.
827 2578 866 2631 11.
880 2593 910 2630 n.
919 2575 978 2648 92.)
994 2576 1055 2630 eius
1075 2576 1198 2643 librum,
1218 2576 1251 2628 ln
1270 2589 1326 2642 quo

185 2684 223 2722 sx
246 2683 366 2747 magno,
392 2667 492 2720 maiori
515 2669 546 2720 et
562 2667 683 2720 maximo
701 2667 873 2720 Trinitatem
891 2667 1044 2720 coustituit
1065 2665 1149 2732 quasi
1161 2663 1313 2731 splendore

177 2757 268 2824 adio,
291 2760 322 2809 st
340 2757 417 2821 sole;
437 2755 548 2822 Spiritu
567 2755 679 2822 Sancto,
700 2754 776 2809 Filio
801 2760 831 2810 et
848 2756 943 2809 Patre.
960 2775 973 2803 a
993 2754 1071 2818 Quae
1090 2752 1203 2822 quidem
1221 2750 1327 2807 coinel·

178 2848 266 2901 ereut
282 2861 343 2899 cuns
362 2845 474 2899 haeresi
492 2843 610 2898 Ariana.

211 2932 258 3009 (2)
273 2934 313 2988 'Es
327 2939 353 2988 is
369 2935 401 2996 ὥς
420 2931 448 3000 ἒξ
468 2934 523 2990 ὑιου
542 2932 557 2994 ἦ
572 2934 598 2989 δι’
618 2933 675 2990 o‘soo
689 2954 734 2992 την
748 2933 858 3003 ὀπαρξιν
872 2931 944 3006 ἔχον,
962 2931 996 2997 ὦς
1013 2931 1329 3005 discooperuerunt

180 3045 193 3088 ς
214 3024 346 3093 δυσσεβες
365 3022 554 3096 αἶποῤῥιψομεν.

212 3115 295 3170 Unus
314 3129 348 3168 sx
368 3112 564 3167 defensoribus
585 3114 697 3167 «trium
715 3114 930 3181 capitulorum»
952 3116 981 3165 et
1006 3110 1124 3180 proinde
1144 3109 1232 3165 etiam
1251 3111 1329 3165 lucu·

178 3205 326 3261 rationum
344 3203 515 3257 Theodoreti
532 3190 632 3257 contra
644 3203 796 3270 Syrlllum,
811 3204 947 3257 Rusticus
961 3201 1106 3269 diaconus,
1122 3201 1172 3269 qul
1190 3200 1226 3254 ab
1238 3215 1329 3254 avun-

178 3296 222 3348 ulo
242 3308 294 3347 suo
312 3292 421 3357 vigilio
436 3292 573 3345 Pontiflce
592 3293 773 3346 anathemate
789 3294 937 3360 perculsus
953 3291 1067 3345 taudem
1089 3291 1120 3346 in
1145 3290 1268 3345 schisma
1288 3291 1330 3344 in-

178 3383 243 3446 ldit,
267 3382 354 3435 verba
367 3381 457 3435 citata
475 3381 645 3435 'l'heodoreti
665 3382 788 3435 fortasse
807 3381 959 3434 intellexit
985 3380 1157 3448 simpliciter
1175 3382 1258 3433 velut
1282 3395 1330 3435 na·

178 3474 307 3527 ationem
331 3470 521 3539 processionis
544 3472 671 3539 Spiritus
697 3471 796 3526 Sancti
812 3487 829 3522 a
847 3470 934 3524 Filio.
956 3469 1035 3524 Unde
1060 3471 1091 3522 in
1111 3469 1170 3523 acri
1195 3470 1250 3523 illa
1265 3483 1329 3522 con·

178 3561 319 3616 estatione
339 3560 372 3613 de
394 3561 518 3614 «tribus
536 3560 673 3628 capitulis
694 3581 707 3608 a
733 3559 830 3613 studio
856 3560 982 3627 partium
1004 3559 1137 3612 incensus
1163 3557 1225 3624 ipse
1250 3557 1330 3610 inter

178 3667 258 3705 mnes
277 3650 398 3705 Latinos
415 3651 516 3704 unicus
537 3667 555 3704 a
576 3650 650 3704 viris
671 3650 763 3705 doctis
783 3652 902 3717 putatur
920 3647 1068 3701 dubitasse
1091 3646 1124 3700 de
1147 3644 1328 3713 processione

180 3741 291 3811 pinitus
312 3739 411 3793 Sancti
430 3739 534 3793 aFllio
553 3738 666 3813 (Petsv.
679 3741 701 3793 1.
715 3739 780 3795 vn.
792 3755 816 3793 c.
828 3740 855 3792 8.
867 3753 896 3791 n.
908 3739 934 3804 75
955 3736 1082 3804 Lequlen
1095 3737 1259 3789 Damasocn.
1272 3731 1328 3786 dis·

178 3834 232 3885 ert.
244 3830 268 3883 Ι.
281 3844 311 3883 u.
322 3828 373 3901 4.).
391 3830 497 3884 Fateor
516 3846 559 3883 sne
582 3829 684 3884 adduci
706 3844 763 3883 non
780 3843 884 3896 posse,
905 3830 939 3880 ut
954 3827 1024 3880 haec
1042 3824 1155 3879 credam
1179 3822 1213 3876 de
1232 3823 1326 3877 latino

178 3918 302 3985 criptura
312 3917 508 3972 eruditissimo
519 3917 704 3985 quantumuis
714 3917 895 3970 schismatico
912 3915 1020 3969 saeculi
1029 3915 1091 3981 vl..
1103 3911 1261 3968 cuiusmodi
1271 3912 1330 3965 luit

178 4006 300 4061 lusticus
319 4004 454 4059 diaconus
476 4006 619 4060 Ecclesiae
636 4006 788 4058 Romanae.
806 4001 946 4068 Quomodo
966 4001 1041 4055 enlm
1061 4002 1093 4054 in
1116 4000 1328 4056 dissertissimo.

180 4093 295 4147 cetrina
320 4094 444 4148 omnium
463 4095 579 4147 Patruus
596 4094 674 4146 etin
694 4108 832 4146 consensu
851 4091 1011 4146 universali
1034 4091 1177 4145 Ecclesiae
1197 4103 1329 4158 praescr·

178 4182 216 4235 ins
234 4181 346 4235 latinas
367 4181 421 4234 illa
440 4185 534 4236 aetate
554 4180 646 4236 dicere
665 4182 778 4250 potuit,
797 4181 855 4234 sibi
875 4180 909 4233 de
921 4178 1100 4247 processione
1118 4178 1183 4246 ipss
1203 4174 1328 4229 nondum

178 4273 318 4327 erasure?
336 4271 429 4326 Verba
440 4277 535 4325 autem
553 4271 666 4325 Rustici
685 4271 774 4325 alium
793 4285 906 4324 sensum
926 4285 982 4323 non
1002 4270 1094 4322 solum
1106 4268 1268 4335 patiuntur,
1277 4263 1328 4317 ssd

179 4360 277 4413 nniuo
296 4360 474 4429 praeseferre
493 4359 639 4415 videntur:
660 4379 673 4406 s
685 4357 800 4429 quidam
819 4358 1002 4425 antiquorum
1021 4362 1050 4411 et
1073 4357 1124 4409 boo
1143 4352 1329 4423 proprietati·

178 4466 218 4505 lus
236 4445 447 4522 (personarum)
458 4449 632 4518 adiecerunt,
649 4449 716 4518 qula
733 4448 808 4502 sicut
826 4447 953 4518 Spiritus
963 4463 1025 4501 oum
1039 4447 1125 4500 Patre
1138 4443 1246 4497 Silium
1259 4457 1329 4496 sem·
