3172 4950
634 360 672 373 -
693 327 753 388 323
777 362 815 375 -

176 432 362 503 eductione
385 432 506 503 Verbi.
524 432 690 503 Ridicula
712 457 796 523 ergo
820 434 1035 525 sophismata
1065 458 1107 503 ex
1138 436 1312 506 axiomate

176 542 383 613 athematico
406 542 615 613 dimittenda
638 549 734 628 sunt,
761 544 791 612 si
814 544 1072 614 Rationalistae
1099 545 1224 615 nolunt
1240 547 1312 615 evi-

176 651 231 719 nti
254 651 390 719 rationi
413 674 628 741 repugnarc;
655 652 772 743 sicque
796 652 969 744 reliquum
986 653 1036 721 eis
1060 653 1142 738 crit,
1161 662 1202 722 ιιι
1218 655 1313 723 vires

176 758 398 829 credulitatis
422 760 648 849 experiantur
675 759 776 827 unice
800 760 836 827 in
860 759 1126 828 demonstranda
1157 761 1312 830 evidenti

176 863 385 957 pugnantia,
411 863 501 957 quod
525 863 717 934 intellectio
740 866 882 934 infinita
908 867 1080 956 producat
1102 868 1256 937 Verbum
1271 874 1313 936 ut

176 976 381 1041 rmanentem
412 972 599 1040 terminum
629 972 890 1042 intellectionis.
926 972 1081 1041 Conatus
1113 972 1311 1044 huiusmodi

176 1104 252 1151 unes
274 1081 471 1150 necessario
494 1081 533 1148 in
556 1081 697 1149 irritum
726 1083 862 1166 cadent,
882 1082 975 1174 quia,
1003 1089 1042 1151 ut
1065 1081 1231 1169 diximus,
1250 1104 1322 1153 nec*

176 1188 431 1258 :intellectione
443 1212 506 1279 per
522 1210 558 1258 sc
574 1210 636 1257 nec
651 1212 693 1257 ex
711 1189 948 1260 intellectione
965 1197 1136 1283 qnatenus
1152 1193 1312 1261 substan·

176 1296 235 1366 slis
257 1303 314 1366 est
336 1304 372 1365 et
394 1295 545 1380 infinita,
571 1320 634 1365 nec
657 1320 700 1365 ex
723 1305 852 1366 natura
875 1296 998 1365 divina
1021 1299 1133 1366 ullum
1158 1300 1313 1389 suppetit

176 1403 280 1473 idens
303 1401 517 1493 principium
539 1402 719 1472 evidenter
748 1425 947 1495 repugnans
963 1403 1046 1474 huic
1061 1404 1237 1474 revelatae
1254 1429 1311 1474 ve·

176 1512 252 1596 tati.
269 1512 391 1603 Neque
407 1511 549 1579 aliunde
565 1510 765 1580 huiusmodi
788 1513 1022 1601 repugnantia
1038 1512 1161 1582 deduci
1178 1518 1309 1603 potest;

176 1621 223 1690 sin
245 1620 350 1688 immo
372 1626 448 1687 tum
471 1617 602 1687 lumine
624 1618 774 1687 rationis
797 1642 838 1687 ex
863 1620 941 1709 ipsa
971 1620 1147 1688 infinitate
1171 1620 1313 1691 divinae

176 1726 389 1799 tellectionis
411 1732 466 1795 est
488 1726 631 1795 evidens
662 1732 738 1795 tum
773 1727 840 1795 fide
875 1726 1034 1797 revelata
1064 1728 1309 1813 certissimum,

176 1836 274 1905 ullum
307 1858 405 1925 posse
437 1848 511 1903 esse
549 1833 748 1902 huiusmodi
774 1834 918 1903 evidens
955 1834 1167 1925 principium
1202 1860 1312 1926 repu-

176 1964 260 2115 ³⁸33:-
271 2046 328 2115 his
340 2048 409 2115 iam
426 2045 533 2115 etiam
550 2069 749 2136 responsum
767 2045 882 2114 estad
900 2044 1055 2138 reliquas
1072 2046 1308 2132 difficultates,

176 2178 228 2227 uas
247 2156 354 2226 iidem
376 2152 632 2223 Rationalistac
649 2152 972 2240 (Schleiermaoher,
994 2154 1138 2223 Strauss
1154 2161 1220 2224 etc.
1236 2156 1309 2224 vid.

176 2264 217 2333 ol.
229 2261 549 2351 trimesttheolog.
567 2262 719 2351 Tuhing.
738 2261 826 2330 1843
843 2264 929 2330 fasc.
950 2263 1000 2347 1.)
1017 2270 1180 2352 repetunt
1194 2286 1235 2331 ex
1252 2285 1312 2332 an·

177 2371 249 2465 quis
271 2368 460 2440 haereticis
475 2369 519 2437 ad
535 2368 837 2437 demonstrandam
854 2369 1163 2438 contradictionem
1181 2370 1217 2437 in
1235 2367 1315 2438 couss

176 2488 241 2569 eptu
261 2478 370 2547 trium
394 2498 632 2567 personarum,
660 2497 746 2568 quae
769 2476 842 2544 sint
865 2498 956 2543 unus
985 2476 1090 2544 Deus.
1110 2476 1223 2544 Aiunt
1246 2477 1311 2545 soi·

176 2592 242 2655 cet:
265 2592 341 2653 tres
362 2605 529 2674 personae
552 2583 745 2652 necessario
775 2588 891 2651 essent
912 2588 985 2652 tres
1007 2584 1202 2669 essentiae,
1230 2585 1312 2676 quia

176 2714 284 2761 usone
315 2714 338 2759 a
368 2690 567 2759 substantia
598 2689 817 2758 intellectiva
848 2689 1023 2778 singulari
1048 2695 1089 2777 (a
1113 2690 1313 2759 substantia

176 2800 264 2886 rima)
287 2822 356 2867 non
381 2797 626 2887 distinguitur.
644 2797 831 2865 Praeterea
846 2796 877 2864 si
893 2818 1057 2888 personae
1075 2797 1218 2865 realiter
1241 2797 1310 2865 dis-

176 2908 365 2997 hguuntur,
390 2905 584 2975 necessario
607 2904 726 2996 aliqua
749 2904 917 2994 perfectio
932 2905 1037 2973 estin
1054 2926 1124 2972 una
1140 2927 1228 2996 quae
1243 2929 1311 2974 non

176 3016 252 3083 ain
274 3015 410 3098 altera,
436 3018 474 3081 et
496 3012 640 3102 proinde
669 3013 774 3080 etiam
798 3017 871 3081 tres
892 3034 1058 3102 personae
1082 3018 1198 3081 essent
1228 3013 1312 3105 quid

176 3124 330 3193 effectius
347 3143 450 3213 quam
467 3120 639 3210 singulae.
658 3121 837 3189 Postremo
854 3120 884 3187 si
902 3142 971 3188 una
987 3143 1132 3210 persona
1148 3127 1202 3190 est
1216 3120 1311 3211 prin·

176 3228 268 3319 lpinm
290 3229 458 3314 alterius,
483 3228 569 3297 haec
592 3227 705 3296 altera
728 3227 854 3316 pendet
883 3250 904 3294 a
926 3228 1057 3317 prima,
1090 3234 1126 3297 et
1148 3227 1213 3297 hoo
1237 3229 1311 3319 ipso

176 3344 232 3407 sec
251 3338 400 3407 inferior
422 3343 459 3405 et
482 3335 730 3425 imperfectior.

211 3446 249 3515 In
269 3444 496 3537 recoquendis
518 3442 718 3533 huiusmodi
745 3442 1027 3528 difficultatibus,
1054 3466 1141 3536 quac
1164 3446 1208 3512 ab
1231 3444 1312 3514 istis

176 3552 275 3623 ahulis
296 3553 506 3624 exhibentur
530 3551 628 3620 velut
650 3574 742 3620 nova
765 3550 899 3619 lumina
921 3551 958 3619 in
983 3552 1135 3642 ipsorum
1160 3551 1311 3640 philoso-
1337 3590 1347 3611 ·

176 3658 226 3729 hia
244 3668 376 3743 exorta,
394 3682 502 3727 unum
525 3665 579 3727 est
601 3659 846 3743 clarissimum,
862 3659 952 3751 quod
971 3659 1028 3727 vel
1043 3658 1195 3747 insignis
1212 3658 1309 3746 igno-

176 3769 256 3837 mtia
276 3767 428 3859 propria'
452 3766 509 3836 vel
537 3765 772 3855 praesumptio
805 3764 1025 3854 ignorantiae
1052 3764 1090 3831 in
1120 3763 1310 3832 lectoribus
1388 3766 1391 3773 '

178 3875 291 3945 omines
314 3874 432 3944 reddit
454 3874 563 3941 stulte
592 3872 832 3961 praefidentes.
860 3871 952 3939 Sunt
980 3871 1071 3938 enim
1102 3870 1310 3937 obiectiones

176 3980 221 4053 ude
248 4005 269 4052 a
298 3981 438 4052 saeculo
460 3982 518 4048 III
541 3982 585 4048 ab
611 3980 769 4071 antiquis
799 3978 985 4047 haereticis
1018 3978 1156 4046 omnino
1187 3978 1310 4045 iisdem

176 4092 253 4161 ubis
273 4090 495 4184 propositae,
523 4111 545 4156 a
568 4088 631 4156 SS.
650 4087 815 4157 Patribus
845 4088 1058 4170 confutatae,
1084 4088 1128 4154 ab
1151 4085 1310 4153 omnibus

176 4198 307 4289 colagis
329 4195 558 4266 Scholasticis
582 4196 764 4279 contritae,
792 4216 879 4285 quae
902 4216 964 4262 neo
992 4193 1132 4261 ruinam
1156 4192 1310 4260 haeresis

176 4306 368 4388 rbelliauae,
397 4303 564 4387 Arianae,
595 4301 863 4383 Tritheitarum,
881 4300 1084 4383 Roscellini,
1103 4296 1307 4380 Abaelardi,

176 4412 289 4485 ilberti
310 4408 508 4493 Porretani,
527 4408 678 4476 Abbatis
692 4406 859 4491 Ioachim,
880 4404 1144 4475 Socinienorum
1162 4409 1228 4473 etc.
1247 4402 1309 4470 im·

1110 4568 1113 4575 ,
1184 4528 1204 4568 s
