3172 4950
680 350 719 367 -
739 316 800 381 525
820 350 858 366 ..

252 423 330 493 Iam
346 424 509 518 quoniam
525 422 797 496 severissimum
813 430 887 511 est,
907 425 1079 517 Spiritum
1095 427 1263 498 Sanctum
1275 452 1353 521 pro·

191 532 308 602 cedere
332 554 374 601 ex
397 533 501 601 Patre
519 582 526 616 ‚
544 540 588 601 et
609 531 648 600 in
670 531 735 602 hoc
757 532 833 624 ipso
856 532 1026 623 implicite
1057 534 1255 605 continetur
1277 557 1364 628 pro·-

189 640 298 710 oessio
320 641 426 710 etiam
449 662 490 708 ex
512 639 605 708 Filio
621 639 738 710 Patris
754 691 761 726 ,
780 640 857 710 ideo
871 640 989 730 potuit
1002 640 1161 711 Ecclesia
1174 666 1236 734 per
1250 644 1354 735 plura

189 746 330 816 saecula
352 746 389 814 in
406 746 561 835 symbolo
577 746 734 838 profiteri
749 746 919 816 adversus
934 747 1263 819 Pneumatomachos
1275 773 1353 842 pro·

187 854 376 925 cessionem
398 877 440 922 ex
464 855 567 923 Patre
591 853 665 923 sine
689 854 857 945 explicita
880 856 1051 924 mentione
1066 857 1297 946 processionis
1309 879 1352 927 ex
1380 930 1382 934 ,

188 961 302 1050 Filio,
328 968 365 1031 et
385 962 502 1053 potuit
524 962 665 1031 eandem
689 962 835 1031 formam
858 962 1008 1052 symboli
1036 963 1180 1034 Graecis
1211 966 1353 1056 permit-

187 1076 262 1140 tere
285 1069 323 1139 in
346 1068 422 1160 ipso
445 1068 599 1139 Concilio
621 1069 849 1155 Florentino,
875 1076 1057 1162 postquam
1081 1071 1181 1139 fidem
1194 1094 1291 1140 suam
1315 1072 1354 1142 in

188 1178 438 1270 processionem
461 1201 504 1246 ex
526 1178 631 1246 Patre
654 1183 690 1248 et
710 1176 804 1245 Filio
828 1177 966 1267 publice
996 1184 1032 1247 st
1063 1178 1264 1249 authentice
1296 1180 1352 1248 de·

188 1284 423 1356 claraverant.
437 1284 597 1353 Ceterum
620 1284 711 1376 quod
735 1285 771 1352 in
795 1285 859 1354 hoc
889 1284 1048 1374 dogmate
1076 1291 1225 1378 utroque
1255 1293 1355 1377 (pro-

188 1392 355 1463 cessionis
377 1414 399 1460 a
420 1392 525 1461 Patra
552 1396 588 1461 et
607 1391 759 1460 unitatis
785 1390 873 1473 Filii
896 1414 974 1461 cum
1000 1392 1104 1460 Patre
1133 1391 1171 1458 in
1194 1393 1352 1462 omnibus

188 1506 333 1592 excepta
354 1499 565 1592 paternitate
588 1505 626 1568 et
648 1499 842 1584 filiatione,
867 1497 974 1567 simul
996 1503 1174 1590 assumpto
1197 1498 1354 1569 revelato

188 1607 310 1677 ordine
331 1610 569 1697 personarum)
592 1606 802 1698 implicitum
825 1612 890 1692 est,
910 1606 947 1675 id
964 1605 1117 1675 vidimus
1132 1606 1170 1674 in
1187 1606 1354 1677 universa

188 1715 446 1807 praedicatione
469 1714 704 1785 ecclesiastica
726 1722 762 1785 et
784 1715 822 1784 in
845 1714 1026 1784 intellectu
1050 1714 1220 1784 catholico
1242 1715 1353 1784 orien-

188 1822 237 1892 tis
259 1845 328 1892 non
352 1821 467 1891 minus
483 1844 585 1915 quam
601 1822 789 1891 occidentis
806 1821 1009 1912 explicitum
1027 1829 1063 1891 et
1077 1821 1113 1890 in
1130 1821 1262 1891 diserta
1276 1844 1353 1912 pro·

188 1928 340 1999 fossione
362 1929 589 2019 propositum.
608 1927 702 2010 Quid
724 1951 808 2018 ergo
838 1928 1025 1997 absurdius
1050 1933 1087 1996 st
1116 1927 1354 2018 impudentius

188 2034 276 2127 fingi
298 2041 426 2127 potest,
441 2056 543 2128 quam
568 2035 658 2106 hanc
679 2041 789 2106 totam
819 2035 1019 2126 explicitam
1041 2035 1297 2105 consensionem
1319 2042 1355 2105 et

188 2143 434 2236 professionem
458 2143 687 2234 processionis
713 2166 756 2212 ex
779 2143 883 2211 Parte
906 2149 941 2212 et
963 2142 1056 2212 Filio
1071 2142 1247 2212 exclusam
1262 2143 1354 2211 vella

188 2273 249 2342 per
272 2249 482 2319 sententiam
504 2248 722 2321 verissimam
746 2249 883 2340 quidem
906 2249 1137 2339 processionis
1167 2270 1189 2315 a
1217 2249 1350 2336 Patre,

188 2359 225 2427 in
249 2378 320 2451 qua
347 2356 425 2447 ipsa
446 2355 511 2425 illa
532 2356 630 2447 prior
660 2377 701 2427 ac
729 2355 932 2427 distinctior
958 2356 1127 2447 professio
1150 2357 1219 2425 iam
1244 2355 1353 2426 conti·

188 2469 292 2534 netur
313 2463 517 2556 implicita?

255 2574 365 2643 Porro
386 2573 647 2659 testimonium,
673 2594 740 2665 quo
763 2594 831 2641 non
854 2571 965 2641 solum
995 2569 1167 2662 processio
1195 2570 1353 2662 Spiritus

188 2682 315 2753 Sancti
336 2704 378 2749 ex
400 2682 506 2751 Patre
531 2681 586 2769 (de
610 2703 679 2773 qua
701 2704 739 2751 re
761 2681 930 2751 hactenus
953 2680 1084 2750 dictum
1108 2684 1188 2766 est),
1213 2679 1273 2748 sed
1295 2699 1353 2746 ne·

188 2791 287 2882 gotio
309 2789 539 2880 processionis
561 2811 604 2856 ex
626 2787 719 2858 Filio
741 2786 780 2856 in
802 2810 905 2857 sensu
929 2785 1163 2857 schismaticis
1182 2784 1354 2876 peculiari

188 2895 444 2980 enuntiaretur,
469 2895 607 2963 nullum
629 2895 766 2963 omnino
789 2900 907 2963 exstat
930 2894 1004 2964 sive
1020 2893 1058 2961 in
1070 2890 1353 2982 Scripturissive

188 3003 224 3072 in
248 3001 414 3072 Conciliis
447 3001 521 3070 sive
549 3000 586 3070 in
620 3000 695 3068 ullo
726 3005 808 3070 ante
840 3000 991 3069 schisma
1018 2997 1228 3068 Photianum
1257 2996 1353 3067 adito

188 3111 417 3193 documento,
443 3109 566 3178 saltem
583 3107 674 3201 quod
688 3130 756 3176 non
780 3106 993 3177 schismatici
1009 3106 1077 3197 ipsi
1093 3104 1234 3174 aliunde
1248 3127 1353 3196 agno·

188 3239 283 3287 scere
306 3215 454 3288 debcant
467 3237 530 3306 pro
547 3215 721 3284 haeretico
737 3213 795 3284 vel
810 3220 981 3304 suspecto.
995 3214 1210 3282 Documenta
1233 3213 1353 3281 huius·

188 3322 280 3393 modi
303 3322 486 3406 damnata,
512 3321 550 3389 iu
573 3321 701 3412 quibus
723 3319 842 3411 aliquo
872 3319 1008 3411 quidem
1042 3341 1147 3387 sensu
1177 3324 1352 3408 negatur,

188 3430 360 3521 Spiritum
384 3428 550 3497 Sanctum
574 3426 631 3497 vel
653 3448 695 3494 ex
711 3426 803 3495 Filio
818 3431 883 3494 aut
897 3447 958 3515 per
974 3424 1107 3495 Filium
1129 3414 1353 3494 existentiam

188 3536 359 3628 accepisse
381 3534 439 3603 vel
462 3534 649 3625 procedere
668 3555 709 3601 ex
731 3532 837 3617 Filio,
863 3525 947 3600 sunt
969 3529 1170 3628 symbolum·
1182 3530 1353 3599 Theodori

188 3646 391 3736 adoptatum
413 3640 692 3728 aNestorianis,
712 3639 941 3710 contradictio
960 3638 1168 3707 Theodoreti
1183 3638 1354 3706 adversus

188 3750 495 3821 anathematismos
518 3748 667 3840 cyrilli,
692 3747 1004 3818 Monotheletarum
1034 3743 1254 3835 impugnatio
1283 3741 1355 3833 epi·

188 3860 300 3930 stolae
317 3857 507 3948 synodicae
520 3855 702 3926 Pontifiois
714 3855 862 3923 Martini
873 3855 904 3925 Ι,
916 3853 977 3941 (1),
990 3853 1032 3921 de
1044 3874 1191 3946 quorum
1206 3851 1357 3919 omnium

237 4052 284 4130 (1)
300 4056 416 4111 Saeculo
439 4057 510 4111 VIII
534 4054 671 4109 videntur
695 4054 781 4107 ctiam
806 4053 997 4107 Iconoclastas
1015 4050 1143 4118 aliquam
1159 4049 1354 4118 quaestionem
1377 4078 1384 4089 ·

188 4149 313 4202 movisse
332 4147 365 4200 dc
388 4146 566 4215 processione
585 4144 711 4212 Spiritus
732 4144 830 4198 Sancti
851 4159 886 4197 ex
904 4144 990 4197 Patro
1010 4146 1040 4195 ct
1057 4141 1143 4209 aruc
1164 4139 1214 4194 sad
1232 4156 1293 4194 cum
1308 4140 1355 4192 do·

188 4240 320 4294 ramenta
336 4236 442 4303 desint,
462 4252 519 4290 non
538 4249 686 4304 possumne
706 4238 782 4288 certo
802 4232 893 4300 aetra,
916 4249 970 4300 qno
988 4247 1074 4286 sensu
1092 4228 1287 4294 controversia
1305 4229 1355 4282 ha·
1385 4262 1389 4271 ·

188 4328 250 4381 bita
272 4327 324 4380 eit.
354 4324 452 4379 Solum
471 4325 603 4379 novimus
616 4364 622 4392 ,
645 4323 863 4377 constantinum
887 4322 1093 4391 copronymum
1117 4320 1236 4373 torosam
1259 4320 1354 4372 Icono·

188 4417 308 4472 clasura
338 4416 449 4482 legatos
477 4413 590 4468 misisse
620 4412 656 4467 ed
677 4413 813 4480 Ptptnum
841 4425 935 4478 regom
956 4411 1146 4478 Francorum
1179 4412 1294 4475 tamque
1321 4407 1353 4462 tn
