3172 4950
715 342 753 356 -
773 309 836 371 ‘262
855 332 893 356 .-

218 413 309 482 enim
332 413 480 499 Patres,
505 419 548 483 ut
570 412 750 500 diximus,
775 437 853 484 cum
875 413 1065 483 haereticis
1097 420 1267 497 eatenus,
1296 434 1337 506 qn

219 520 378 589 fatentur
401 528 437 590 et
460 521 528 589 imo
551 521 701 612 impense
725 521 960 605 contendunt,
986 520 1201 590 Trinitatem
1229 541 1337 611 person

215 650 295 697 rnm
310 628 416 697 unius
431 628 602 699 essentiae
618 628 690 698 solo
707 628 838 698 lumine
853 628 1004 698 rationis
1018 627 1178 719 intelligi
1193 650 1262 696 non
1276 651 1337 718 pos

218 734 319 806 Sicut
341 759 425 826 ergo
448 736 616 805 haeretici
638 759 681 804 ex
705 759 770 805 sua
792 736 857 805 illa
880 739 1036 827 perfecta
1051 736 1197 806 divinae
1219 734 1337 804 essenti

216 844 403 913 secundnm
426 850 537 913 totam
568 845 738 914 rationem
768 845 883 914 divini
906 845 994 914 Esse
1015 844 1257 914 intellectione
1287 866 1337 933 neg

216 952 303 1020 bant
326 952 512 1021 veritatem
537 952 727 1023 Trinitatis
749 960 871 1045 utpote
893 977 962 1023 non
985 953 1256 1045 comprehensae
1277 950 1337 1020 ini

215 1058 452 1131 intellectione
475 1060 644 1131 rationali
660 1112 668 1147 ,
693 1067 870 1154 totumue
885 1061 1158 1152 disputationem
1173 1084 1245 1129 uon
1260 1059 1326 1129 iam

215 1171 409 1240 doctrinam
432 1171 470 1238 in
485 1168 681 1260 Scriptnris
697 1176 893 1238 contentam
909 1168 996 1239 etin
1013 1177 1182 1260 perpetua
1197 1168 1337 1238 traditio

214 1302 256 1350 ac
278 1280 488 1371 professione
511 1278 689 1346 Ecclesiae
712 1277 935 1367 explicatam,
954 1276 1027 1363 sed,
1045 1283 1087 1347 ut
1102 1277 1230 1346 Patres
1246 1300 1337 1370 conqr

213 1398 366 1472 ruutur,
395 1388 466 1455 aad
490 1384 743 1476 syllogismos»
762 1392 800 1454 et
821 1384 866 1453 ad
883 1383 1139 1475 philosophiam
1157 1384 1337 1465 deducebar

211 1497 265 1564 ita
288 1495 352 1565 SS.
365 1497 531 1564 Doctores
553 1495 717 1561 subverso
738 1492 802 1560 illo
825 1490 1051 1560 fundamento
1067 1500 1104 1560 et
1124 1491 1337 1582 imperiectio

213 1602 427 1695 cognitionis
450 1610 590 1671 nostrae
607 1601 716 1670 relate
734 1599 780 1668 ad
797 1599 907 1690 ipsam
924 1599 1080 1669 divinam
1097 1606 1263 1669 naturam
1280 1622 1337 1670 act

213 1713 361 1782 sentiam
385 1710 622 1779 demonstrata
643 1711 858 1794 effecerunt,
884 1714 926 1776 ut
957 1709 1290 1798 superrationalitaa
1307 1730 1337 1789 ιιι

213 1821 315 1891 nterii
338 1820 402 1889 SS.
422 1819 612 1888 Trinitatis
634 1819 705 1887 iam
727 1841 796 1886 non
813 1823 929 1908 posset
944 1817 1078 1886 adferri
1094 1817 1197 1887 velut
1213 1838 1337 1888 causan

212 1929 389 2019 gationis,
414 1950 479 1997 nec
500 1927 651 2018 amplius
674 1932 816 2017 possent
838 1925 1008 1995 haeretici
1030 1948 1081 2010 eo,
1096 1924 1190 2019 quod
1205 1934 1261 1998 est
1280 1950 1337 2017 sap

212 2036 489 2116 incensationem,
515 2034 719 2103 concludere
742 2055 816 2102 esse
840 2048 961 2101 contro
984 2035 1156 2100 rationes»
1167 2058 1182 2116 ,·
1204 2032 1337 2126 atqnei

213 2144 475 2228 demonstratio,
494 2143 585 2235 qnod
601 2142 700 2212 nobis
725 2142 849 2210 divina
871 2142 1024 2211 essentia
1046 2165 1115 2211 uon
1137 2142 1195 2212 est
1216 2140 1337 2230 intellig

212 2251 295 2322 bilis
318 2250 419 2320 utin
444 2273 480 2320 se
502 2256 580 2335 est,
606 2248 711 2318 simul
735 2255 813 2318 erat
836 2249 1105 2336 demonstratio,
1120 2272 1191 2318 uon
1206 2273 1249 2319 ex
1270 2248 1337 2341 phil

210 2359 335 2450 sophia
357 2366 393 2428 et
415 2359 615 2427 notionibus
638 2380 730 2427 mere
752 2357 985 2426 rationalibus
1008 2380 1086 2426 cum
1109 2357 1337 2440 haereticia,s

211 2471 313 2538 unice
336 2492 379 2536 ex
403 2467 618 2537 revelatione
640 2467 705 2536 Dei
730 2467 842 2557 ipsius
865 2491 942 2537 cnm
965 2466 1125 2536 Ecclesia
1141 2475 1177 2537 et
1199 2468 1245 2535 ab
1264 2460 1337 2534 Eccl

212 2577 267 2647 sia
290 2576 491 2645 discendum
514 2598 613 2662 ease,
639 2574 724 2667 qnid
747 2575 789 2643 de
811 2576 969 2667 personis
993 2575 1126 2644 divinis
1149 2597 1218 2644 non
1233 2582 1337 2644 mur

211 2685 307 2754 tione
330 2683 598 2774 intelligendum
622 2703 723 2773 qnam
748 2681 815 2752 tide
839 2683 1045 2752 credendum
1063 2682 1123 2752 sit.
1134 2681 1298 2752 Patribus
1309 2680 1337 2750 it

212 2814 278 2885 que
301 2791 633 2882 superrationalitas
656 2792 819 2880 mysterii
842 2814 911 2860 non
934 2791 1033 2860 modo
1049 2798 1147 2861 certa
1161 2797 1228 2877 est,
1246 2788 1337 2860 scdln

211 2899 292 2967 bent
316 2920 390 2966 eam
415 2905 458 2967 ut
479 2898 709 2967 necessariam
733 2898 1102 2989 praesuppositionem,
1120 2898 1197 2967 sina
1213 2920 1280 2992 qna
1294 2896 1337 2965 inl

211 3011 326 3098 gritas
338 3007 420 3075 fidei
432 3015 468 3076 et
479 3008 666 3098 explicatio
679 3007 816 3076 sincera
828 3008 1004 3098 dogmatis
1017 3008 1207 3077 consistere
1219 3028 1337 3100 nequas

276 3116 334 3184 Ad
358 3117 606 3185 abundantiam
631 3116 789 3186 describo
812 3138 924 3207 pauca
952 3116 1154 3186 testimonia
1185 3115 1337 3208 specialis

210 3231 253 3295 nt
275 3225 448 3294 sententia
471 3225 617 3293 Patrum
640 3248 683 3294 ex
707 3225 816 3293 dictis
847 3225 915 3291 iam
947 3224 1144 3293 certissima
1175 3222 1337 3293 distincti

209 3341 342 3426 pateat.
373 3333 496 3416 «Quia
519 3356 617 3402 nemo
640 3333 741 3401 novit
762 3332 896 3400 Filium
920 3332 992 3400 nisi
1014 3331 1144 3418 Pater,
1177 3355 1289 3426 neque
1316 3330 1337 3400 T

208 3448 298 3510 trem
314 3440 393 3534 quis
409 3440 510 3508 uovit
524 3440 593 3508 nisi
609 3438 738 3523 Filius,
754 3445 791 3507 et
803 3440 860 3508 cui
876 3438 992 3508 Filius
1007 3439 1236 3526 revelaverit,
1253 3439 1337 3510 idcir

211 3549 346 3633 Sancti,
365 3549 492 3642 quibus
515 3548 632 3616 Filius
655 3547 842 3632 revelavit,
863 3547 1051 3636 imaginem
1075 3548 1262 3639 quamdam
1283 3547 1337 3617 nol

209 3680 251 3727 ex
275 3658 477 3725 visibilibus
500 3657 736 3741 tradiderunt,
762 3655 843 3724 dum
875 3657 1021 3726 dicunt:
1055 3657 1221 3746 splendor
1250 3657 1337 3748 glori

209 3772 247 3833 et
270 3765 387 3854 figura
409 3765 628 3833 substantiae
643 3766 743 3852 eius;
769 3771 805 3833 et
827 3765 979 3833 iterum:
1005 3765 1097 3856 apud
1119 3773 1157 3835 ta
1174 3767 1256 3835 fons
1272 3765 1337 3834 vio

209 3871 246 3939 in
270 3870 401 3939 lumine
424 3879 485 3940 tuo
510 3871 704 3940 videbimus
728 3872 844 3941 lumen
868 3880 980 3941 etc...
1005 3872 1101 3941 Haec
1130 3881 1249 3943 antam
1271 3894 1337 3943 exer

209 3976 268 4068 pla
290 3975 375 4045 licet
397 3977 491 4045 levia
514 3978 587 4047 sint
608 3985 645 4047 et
666 3979 849 4047 admodum
873 3980 1020 4047 obscura
1042 3979 1087 4048 ad
1110 3979 1147 4049 id
1170 3982 1264 4073 quod
1286 4002 1337 4071 cn]

208 4104 308 4167 mus,
333 4085 617 4174 exprimendum,
643 4092 759 4176 potest
780 4094 896 4155 tamen
919 4109 961 4155 en
978 4087 1053 4155 illis
1069 4089 1233 4178 cognosci
1249 4088 1337 4181 aliqu

209 4190 300 4284 quod
324 4191 372 4261 sit
394 4215 501 4282 supra
524 4192 709 4261 humanam
733 4201 916 4280 naturam,
942 4218 1005 4265 nec
1019 4195 1107 4264 Filii
1123 4198 1337 4286 generations

208 4307 349 4369 nostrae
372 4323 445 4369 esse
469 4300 660 4372 similem...
686 4303 772 4370 Cum
796 4303 982 4394 Scriptura
1005 4303 1070 4372 has
1101 4303 1231 4375 habeat
1253 4305 1337 4395 imag

208 4429 292 4492 nes,
319 4408 508 4479 absurdum
531 4417 585 4480 eat
606 4419 643 4482 et
666 4411 770 4484 valde
791 4411 959 4503 impium,
985 4413 1079 4484 velle
1101 4434 1145 4482 ex
1161 4412 1248 4484 aliia
1263 4411 1337 4484 deI
