3172 4950
50 214 118 287 qno
140 191 235 259 olias
255 196 295 261 et
316 193 380 283 qui
402 191 446 258 cb
462 192 566 258 olion
584 86 733 261 illlless.
752 189 880 260 XVIII
895 189 1083 276 (Harduiu.
1100 191 1142 260 Τ.
1157 191 1223 262 ΙΧ.

10 390 13 401 Ι
50 299 181 391 μθθῦ.
195 297 291 385 203).
304 297 397 368 Vide
413 298 478 368 SS.
493 299 617 368 Patres
640 299 701 391 qui
724 298 777 367 ita
800 319 965 389 personas
988 298 1224 387 considerant,

51 404 147 497 apud
168 404 292 474 Didae.
306 404 398 474 Ruiz
412 404 454 474 de
468 405 566 473 Trin.
582 404 672 495 disp.
689 404 820 492 86-903
847 405 968 475 Petav.
987 404 1030 474 ‹le
1045 405 1117 474 Deo
1133 405 1224 475 1.11.

53 536 89 585 ο.
100 513 133 602 83
151 514 252 583 Trin.
268 513 294 582 l.
311 513 374 582 lv.
390 538 420 583 o.
439 514 495 583 10.
510 522 576 585 eto.

10 684 17 717 .=
120 620 194 690 Iam
218 621 250 691 si
272 622 461 693 secuudum
484 622 576 692 hunc
599 628 756 692 nostrum
783 620 1008 711 intelligendi
1031 621 1168 691 modum
1185 624 1227 693 de

10 730 17 797 i
53 730 302 801 constitutione
332 752 498 821 personae
526 729 668 800 divinae
699 729 901 821 loquamur,
927 752 1075 820 persona
1104 730 1228 799 divina

21 878 24 883 ·
47 834 271 929 'istelfigitur
293 839 432 932 quidem
448 838 622 908 relativus
638 838 739 908 velut
753 839 964 908 informatus
986 839 1149 924 essentia,
1168 835 1227 908 vel

56 949 205 1015 nentia
236 946 336 1016 velut
365 947 493 1016 affecta
523 946 715 1030 relatione,
748 968 816 1015 nou
849 953 965 1015 autem
995 969 1143 1038 persona
1173 954 1227 1017 est

56 1054 291 1124 tantummodo
313 1053 442 1123 relatio
464 1058 629 1144 concepta
645 1053 698 1122 ita
715 1055 889 1124 abstracte
912 1060 950 1122 et
981 1077 1059 1124 cnm
1082 1054 1224 1125 distino-

34 1158 147 1232 ·¹ioue
167 1160 320 1231 rationis
342 1161 386 1228 ab
408 1160 570 1231 essentia.
593 1160 661 1230 Sed
685 1160 881 1229 formaliter
896 1183 1042 1252 persona
1057 1169 1122 1248 est,
1141 1185 1224 1255 qua·

54 1270 153 1339 hus
174 1275 229 1340 eet
253 1269 311 1338 hic
334 1291 425 1337 unus
440 1269 623 1337 subsistens
638 1267 663 1337 i.
683 1290 715 1338 e.
733 1268 1106 1341 incommunicabiliter
1129 1276 1226 1340 totus

31 1374 96 1447 ·-ἰι
112 1399 148 1449 sa
168 1382 207 1447 et
227 1376 420 1448 ffistinctus
453 1379 499 1446 ab
527 1377 611 1447 aliis
637 1377 790 1446 eiusdem
816 1383 989 1464 naturae,
1016 1401 1084 1446 uon
1107 1385 1224 1448 autem

53 1482 186 1579 eliquit
208 1508 387 1556 commune
410 1485 592 1576 pluribus;
618 1506 725 1577 quara
742 1508 820 1555 oum
837 1485 1174 1556 incommunicabilia
1189 1492 1226 1555 et

56 1590 241 1663 &metus
263 1600 369 1685 atque
392 1593 470 1664 ideo
485 1593 679 1662 subsistens
705 1594 755 1661 sit
777 1597 917 1662 tantum
933 1594 998 1662 sub
1013 1593 1154 1663 formali
1169 1615 1224 1663 ra·

54 1696 146 1769 flore
166 1698 325 1784 relativi,
343 1699 496 1770 essentia
519 1722 603 1769 vero
625 1705 662 1769 et
683 1699 854 1792 quidquid
877 1699 1076 1770 absolutum
1093 1706 1158 1786 est,
1177 1701 1225 1770 ait

26 1834 32 1839 ·
56 1808 188 1877 anino
210 1830 319 1877 unum
342 1829 519 1877 commuue
533 1808 649 1876 tribus
665 1806 845 1876 distinctis
868 1814 905 1876 at
927 1806 1028 1877 nullo
1054 1808 1154 1877 modo
1174 1808 1226 1877 di·

10 1900 28 1989 ,j
59 1911 248 2004 stinguens,
267 1919 361 1983 recte
378 1912 513 1983 dicitur
526 1935 674 2004 persona
697 1912 820 1981 divina
839 1912 1044 2000 formaliter
1061 1918 1225 1982 constitua·

17 2016 24 2047 ²
56 2020 228 2090 daiam.
247 2021 350 2092 Licet
363 2020 468 2107 euim,
487 2027 530 2091 ut
545 2021 632 2106 dixi,
657 2019 695 2089 in
719 2021 784 2090 hoc
799 2021 898 2091 modo
915 2022 1132 2113 concipiendi
1148 2045 1224 2113 per·

57 2148 136 2199 nur
156 2128 280 2199 diviua
302 2150 371 2199 uon
394 2129 444 2197 sit
466 2127 541 2197 sola
563 2127 708 2213 relatio,
733 2127 826 2197 ratio
852 2135 969 2198 tamen
1000 2129 1224 2217 distinguens

56 2240 97 2307 et
113 2236 253 2328 proinde
286 2236 446 2306 formalia
476 2236 569 2305 ratio
592 2258 758 2326 personae
782 2237 833 2322 (1)
855 2259 924 2306 uon
948 2242 1004 2307 est
1025 2236 1223 2306 absolutum

30 2408 33 2413 .
58 2342 115 2413 nil
132 2345 208 2415 sola
227 2345 375 2434 ralatio,
400 2346 506 2414 Pater
521 2366 589 2413 nou
612 2351 666 2415 cst
688 2344 877 2414 distinctus
892 2367 914 2412 a
927 2345 1022 2413 Filio
1037 2353 1073 2413 et
1086 2344 1222 2434 Spiritu

31 2462 36 2467 '
61 2444 179 2521 &nuo
200 2451 338 2520 ratione
361 2451 564 2522 divinitatis
579 2473 641 2521 sen
657 2451 829 2521 essentiae
847 2452 907 2521 sed
922 2451 997 2519 sola
1012 2451 1148 2520 ratione
1163 2472 1221 2541 pa·

61 2558 249 2648 inuitatis,
275 2558 340 2629 hoc
363 2558 439 2651 ipso
461 2582 546 2649 ergo
563 2560 758 2649 paternitas
782 2566 837 2630 est
860 2558 1019 2628 formalis
1035 2557 1127 2627 ratio
1143 2581 1221 2628 oon-

65 2662 201 2737 rtituens
223 2687 417 2757 personam.

121 2772 221 2845 Clare
237 2773 323 2845 haec
337 2773 533 2865 explicavit
548 2774 651 2845 Card.
671 2775 858 2845 Bessariou
875 2776 913 2844 in
929 2774 1085 2844 oratioue
1101 2773 1224 2842 habita

27 2876 32 2887 '
61 2876 103 2949 tl
118 2879 268 2952 Graecos
291 2904 372 2951 suos
396 2882 433 2951 iu
460 2881 564 2952 Ceno.
581 2880 799 2952 Florentino.
820 2882 943 2965 «Quia
966 2883 1003 2951 in
1027 2881 1221 2973 quibusque

69 2983 222 3075 pluribus,
244 2988 282 3059 iu
305 2989 432 3081 quibus
455 2997 510 3060 eat
531 2989 668 3082 aliquid
687 3013 876 3076 commuue,
894 2997 948 3060 est
962 2990 1070 3059 etiam
1086 2988 1221 3082 aliquid

70 3088 306 3183 motivum,
324 3097 362 3166 in
378 3096 444 3167 hac
458 3097 564 3167 etiam
581 3098 781 3169 divinarum
794 3120 1017 3188 personarum
1031 3097 1220 3183 Trinitate,

71 3220 139 3291 qua
158 3203 228 3273 sibi
249 3204 288 3274 in
310 3205 450 3274 unitate
471 3206 643 3277 essentiae
666 3205 892 3292 conveniunt,
919 3205 1154 3297 quaerendum
1168 3210 1223 3274 est

71 3300 151 3397 lind,
174 3310 268 3404 quod
290 3331 349 3380 aas
372 3311 576 3403 distinguit.
594 3312 644 3383 Et
666 3337 744 3383 cum
766 3312 804 3381 id
826 3334 895 3381 uon
920 3313 969 3381 sit
996 3311 1159 3394 essentia,
1184 3310 1222 3378 in

71 3408 120 3487 lte
139 3419 231 3489 euim
253 3441 383 3490 snmme
406 3419 639 3508 conveniunt;
665 3421 703 3490 in
726 3420 861 3489 (livinis
883 3426 1000 3490 autem
1016 3424 1156 3509 praeter
1170 3438 1221 3484 es·

72 3525 197 3597 utiam
219 3532 256 3597 et
278 3526 466 3597 relationes
489 3533 594 3619 atque
617 3527 795 3597 diversum
818 3550 1040 3618 processuum
1069 3523 1218 3610 modum,

10 3704 14 3717 ,
70 3650 149 3721 qum
169 3635 293 3706 Lsfiui
315 3635 486 3726 originem
501 3637 701 3721 nominant,
720 3636 810 3739 nibil
828 3636 928 3705 aliud
943 3633 1144 3724 intelligere
1159 3632 1219 3719 ait,

10 3816 17 3825 ⁵
105 3822 144 3900 (1)
160 3830 216 3884 Per
233 3844 265 3883 se
282 3832 383 3897 patet,
404 3829 452 3883 hic
471 3846 527 3883 non
546 3831 647 3899 quaeri
665 3830 806 3884 rationem
819 3844 868 3885 cur
888 3844 944 3882 nou
965 3830 1056 3882 solum
1076 3827 1116 3880 stt
1134 3825 1222 3894 hypo·

61 3919 171 3983 uteris
190 3920 274 3973 reiut
285 3920 415 3985 generice
429 3919 478 3973 scd
491 3920 658 3988 hypostasis
672 3920 864 3986 nobilissima,
879 3934 951 3987 quae
965 3917 1073 3972 elicitur
1086 3931 1218 3985 persons.
1282 3986 1285 3990 .

59 4002 182 4070 watra
201 4013 249 4063 est
266 4010 349 4065 unice
368 4009 403 4065 ae
421 4010 538 4065 formali
557 4010 668 4065 ratione
688 4011 886 4077 hypostaseos,
908 4023 992 4077 quam
1011 4024 1073 4062 esse
1092 4007 1124 4059 in
1143 4005 1218 4059 divi-

56 4092 97 4149 ss
112 4097 522 4155 monitumnonitum
540 4099 750 4155 intellectualis
768 4099 909 4166 infinitae,
923 4112 975 4164 per
988 4112 1018 4150 se
1032 4093 1151 4151 evidens
1164 4095 1219 4149 est.

51 4182 258 4258 (vircomium
267 4188 363 4244 uraca
377 4188 411 4242 de
420 4185 548 4260 luceru.)
