3172 4950
710 327 748 340 -
770 294 810 354 88
831 327 869 340 -

199 378 437 472 testiinonium
458 400 635 469 bominum
664 399 875 491 accipimus,
900 397 1138 467 testimoninm
1166 395 1233 465 Dei
1264 395 1374 464 mains

154 580 157 585 ,
201 516 256 578 est
277 510 338 595 (cf.
357 509 408 576 Io.
423 508 468 577 V.
483 506 528 574 32
540 530 591 598 sq,
606 506 709 576 VIII.
730 506 784 575 17.
803 505 872 593 18);
892 504 1055 599 qnoniam
1070 504 1136 572 boc
1151 509 1206 573 est
1220 503 1373 572 testimo

200 617 298 685 nium
310 617 387 701 Dei,
403 616 493 708 qnod
505 615 617 684 maius
635 614 767 702 est,(1),
786 615 949 706 qnoniam
963 613 1174 684 testificatus
1189 620 1245 683 est
1260 611 1303 680 de
1317 611 1374 679 Fi·

200 725 248 793 lio
271 748 346 793 sno.
362 725 432 808 Qui
456 723 568 792 credit
590 725 628 792 in
651 724 783 792 Filium
805 724 893 811 Dei,
919 723 1025 794 habet
1047 721 1288 793 testimonium
1310 720 1376 789 Dei

154 826 158 831 ⁸
201 834 238 901 in
262 856 339 901 sa.»
359 832 609 902 Testimonium
632 832 873 923 appellaverat
894 833 1001 902 trium
1025 832 1287 915 distinctorum,
1311 828 1375 897 Pa·

128 986 133 995 ·
199 940 290 1027 tris,
316 939 424 1010 Verbi
447 946 483 1009 et
507 940 662 1031 Spiritus
679 940 812 1028 Sancti,
832 940 892 1009 sad
909 940 1015 1009 simul
1026 939 1286 1010 declaraverat:
1309 937 1376 1004 «hi

199 1056 272 1118 tres
293 1072 400 1117 unum
425 1055 519 1118 sunt.
536 1078 553 1112 n
579 1050 681 1119 Nunc
704 1048 795 1117 illud
818 1049 1058 1118 testimoninm
1083 1052 1189 1114 trium
1212 1047 1304 1117 dicit
1326 1052 1375 1115 te·

199 1155 400 1224 stimonium
413 1156 480 1223 Dei
489 1160 607 1238 unium
623 1163 727 1248 atque
743 1156 828 1225 adeo
844 1155 947 1225 illud:
968 1185 985 1220 a
995 1156 1033 1225 hi
1045 1161 1118 1237 tres
1129 1179 1238 1224 unum
1254 1160 1373 1240 sunto

199 1263 399 1356 aequivalet
421 1263 652 1354 propositioni
676 1264 795 1335 alteri:
824 1264 888 1333 ubi
911 1270 984 1334 tres
1007 1287 1099 1332 unus
1121 1265 1216 1334 Dens
1239 1269 1372 1333 sunt.»

198 1373 298 1441 Unde
328 1372 580 1458 Cassiodorus,
614 1373 675 1465 qni
702 1373 739 1442 in
771 1372 1074 1464 Complexionibus
1104 1395 1182 1441 cum
1211 1370 1376 1462 pluribus

200 1479 375 1549 codicibus
405 1487 441 1549 et
470 1481 636 1549 Patribus
669 1505 810 1550 versum
835 1472 888 1549 7⁶·
910 1480 1091 1571 postponit
1118 1485 1238 1548 nostro
1269 1480 1313 1563 8,
1340 1485 1376 1547 et

198 1588 251 1656 ita
272 1589 379 1656 etiam
404 1586 628 1657 collocatione
651 1588 827 1657 materiali
850 1589 1034 1658 verborum
1051 1593 1170 1657 servat
1192 1588 1374 1658 connexio

198 1718 275 1765 nem
296 1694 309 1781 ,'
331 1702 425 1765 recte
448 1696 597 1764 incisum
623 1720 761 1765 cunum
785 1703 898 1766 sunt»
931 1696 1189 1767 circumscribit
1216 1718 1279 1786 per
1310 1695 1375 1764 hoc

197 1804 360 1874 alterum:
389 1835 405 1868 c
423 1809 460 1872 et
481 1803 520 1872 bi
542 1809 615 1873 tres
639 1828 730 1873 unns
754 1813 808 1874 est
829 1806 966 1875 Deus.»
992 1804 1072 1896 Ipse
1094 1803 1210 1894 igitur
1224 1804 1374 1894 Aposto-

196 1910 281 1995 lus,
308 1932 377 2002 qua
399 1910 534 1980 ratione
557 1916 631 1980 tres
653 1934 760 1980 unum
783 1912 879 1997 sint,
905 1911 1085 1992 declarat:
1110 1912 1201 2005 quod
1223 1917 1298 1981 tres
1313 1910 1373 1990 ‚di-

197 2018 332 2104 stincti,
351 2025 523 2110 quatenus
539 2018 736 2088 formaliter
758 2043 850 2087 unns
873 2025 926 2089 eat
948 2020 1078 2105 Pater,
1104 2018 1195 2087 altar
1217 2017 1373 2086 Verbum

196 2126 326 2212 Patris,
340 2126 469 2195 tertius
493 2125 649 2217 Spiritus
672 2127 791 2196 Patris
814 2150 854 2198 ac
876 2127 976 2213 Filii,
1003 2134 1086 2195 sunt
1108 2151 1200 2195 unus
1222 2127 1372 2195 Deusac

194 2233 339 2324 proinde
362 2258 470 2304 unum
495 2243 579 2305 sunt
601 2237 739 2306 unitate
762 2242 912 2306 naturae
939 2237 1100 2323 divinae,
1126 2257 1214 2329 quae
1236 2235 1371 2304 nnllam

195 2342 354 2413 admittit
376 2344 715 2435 multiplicationem.

262 2450 394 2520 Nomen
418 2451 593 2542 Desuper
617 2475 653 2520 se
678 2459 733 2521 est
762 2475 884 2521 nomen
916 2477 984 2523 non
1014 2451 1205 2522 relativum
1239 2456 1371 2544 (nequa

195 2558 285 2626 enim
309 2558 399 2628 dicit
419 2559 661 2630 habitudinem
685 2561 730 2629 ad
752 2559 917 2649 alterum)
941 2562 1000 2632 sed
1023 2561 1232 2645 absolutum,
1259 2560 1369 2649 signi-

194 2663 303 2734 ficana
327 2666 483 2735 divinam
506 2674 669 2736 naturam
691 2690 753 2758 per
776 2669 914 2738 modum
938 2670 1091 2740 concreti
1110 2668 1248 2760 qnidam
1264 2673 1370 2758 atque

194 2771 269 2841 idco
284 2795 346 2863 per
369 2775 506 2843 modum
530 2773 756 2864 hypostasis,
783 2776 843 2844 sed
867 2776 940 2845 sine
957 2775 1244 2845 determinatione
1262 2774 1369 2842 buius

193 2880 252 2949 val
285 2881 385 2950 illius
415 2904 580 2972 personae
612 2883 811 2954 distinctae.
842 2884 928 2952 Cum
957 2907 1041 2975 ergo
1070 2892 1143 2954 tres
1173 2884 1247 2952 sint
1277 2906 1369 2952 unns

192 2987 287 3057 Deus
311 2996 385 3058 tum
409 2990 544 3080 singuli
566 2996 641 3060 tum
665 3016 781 3062 omnes
804 2994 933 3079 simul,
959 3016 1082 3063 noman
1097 2992 1192 3061 Dans
1208 2993 1285 3061 sine
1308 2993 1367 3061 ad·

192 3097 268 3166 dite
291 3097 579 3168 determinatione
602 3123 670 3168 non
694 3102 858 3192 supponit
873 3125 936 3192 pro
952 3124 1022 3170 una
1037 3123 1183 3192 persona
1198 3094 1369 3170 distincta

192 3206 236 3273 ab
259 3205 359 3290 aliis,
386 3205 445 3274 sed
469 3206 649 3295 significat
664 3206 830 3278 deitatem
848 3208 1093 3279 subsistentem
1108 3210 1146 3277 in
1162 3209 1278 3278 tribus
1293 3232 1368 3301 per·

192 3314 298 3381 sonis.
315 3312 408 3395 Quia
430 3320 547 3383 tamen
570 3338 735 3406 personae
763 3317 924 3406 singulae
950 3325 1034 3387 sunt
1056 3318 1159 3401 Deus,
1184 3340 1247 3407 per
1270 3317 1368 3385 addi·

192 3423 265 3487 tam
287 3420 537 3510 proprietatem
560 3423 776 3513 personalem
798 3446 920 3493 noman
936 3426 1030 3495 Deus
1046 3425 1311 3510 determinatur,
1326 3430 1369 3492 ut

189 3532 363 3616 supponat
384 3550 447 3618 pro
472 3550 541 3597 una
563 3551 721 3620 persona,
741 3530 841 3599 cuins
857 3531 1052 3621 proprietas
1068 3532 1292 3622 exprimitur.
1307 3531 1367 3600 Sic

188 3631 226 3699 in
249 3634 506 3724 propositione:
532 3635 627 3705 Deus
651 3643 798 3726 generat
819 3637 953 3723 Deum
985 3639 1181 3707 subiectum
1204 3637 1367 3707 determi-

188 3747 296 3809 natur
319 3742 364 3809 ad
389 3743 658 3834 suppositionem
681 3767 744 3835 pro
769 3745 842 3813 sola
865 3767 1012 3835 persona
1034 3746 1153 3814 Patris
1182 3769 1244 3836 per
1268 3745 1367 3832 addi·

188 3852 261 3916 tam
283 3849 529 3939 proprietatem
552 3852 790 3941 generationis
806 3853 956 3938 activae,
975 3859 1013 3923 et
1027 3852 1266 3944 praedicatum
1284 3875 1365 3943 snp-

188 3955 287 4045 ponit
300 3968 371 4047 ‘pro
394 3959 466 4026 solo
489 3957 582 4026 Filio
605 3966 747 4051 propter
771 3959 940 4029 inclusam
956 3961 1204 4052 proprietatem
1221 3982 1365 4052 genera·

185 4063 293 4133 tionis
305 4067 466 4156 passivae
481 4061 526 4158 (rc
535 4060 699 4157 yervatov).
710 4067 803 4136 Hinc
813 4074 921 4159 patet,
933 4070 1062 4162 absque
1074 4069 1150 4139 ulla
1160 4054 1365 4140 confusione

257 4323 299 4396 (1)
318 4326 352 4378 In
372 4329 454 4379 textu
473 4341 516 4392 gr.
531 4327 646 4380 omissis
661 4328 758 4381 verbis
775 4325 874 4395 equod
896 4328 989 4381 maius
1011 4331 1068 4382 cst:
1080 4347 1093 4377 a
1107 4327 1145 4384 ὁτι
1162 4325 1232 4385 dosa
1253 4327 1325 4380 ἐστιν
1346 4327 1363 4387 ἡ

184 4434 373 4488 papaveratae
387 4414 458 4482 Sacc,
470 4416 500 4476 ἦν
513 4437 696 4491 μιμορτυρηκε
710 4439 767 4490 περι
784 4437 829 4471 του
843 4418 899 4473 c‘rov
918 4417 1012 4474 dcccc.
