3172 4950
637 334 675 347 -
696 302 758 363 327
778 334 816 347 -

178 403 318 473 recessio
339 427 424 495 ergo
446 404 555 475 Verbi
577 406 773 475 necessaria
802 429 844 474 ex
875 408 1070 476 necessaria
1101 409 1312 498 perfectione

178 512 280 579 ‚vinae
302 520 451 607 naturae
474 519 619 582 nonest
642 512 868 602 dependentia
896 513 1112 604 indipentiae
1135 532 1167 581 et
1190 520 1310 605 imper-

178 621 323 701 ettonis,
348 620 408 689 sed
431 626 484 689 est
506 619 698 691 intrinseca
729 624 907 710 exipentia
930 626 1160 712 perfectionis
1183 625 1219 693 in
1244 626 1312 715 spi-

178 734 214 795 to
235 712 386 813 infinito,
412 735 454 797 nt
477 752 568 798 unus
591 729 748 820 idemque
773 729 921 820 spiritus
944 730 981 797 in
1006 754 1075 799 una
1098 754 1166 799 non
1194 732 1311 800 multi·

181 834 296 903 iesbili
319 842 473 904 attamen
497 836 775 905 communicabili
797 837 948 906 essentia
978 838 1027 907 sit
1056 844 1093 908 et
1118 840 1311 928 producens

178 943 290 1011 erbum
313 949 350 1011 et
372 943 537 1012 Verbum.
557 944 658 1027 Quod
681 951 806 1029 totum,
833 953 874 1014 ut
895 951 1005 1034 petet,
1031 968 1139 1038 aeque
1158 946 1254 1016 velet
1269 946 1311 1015 de

178 1050 353 1118 :cressione
376 1050 524 1135 amoris,
550 1074 612 1119 seu
634 1051 675 1120 de
699 1052 894 1120 necessario
924 1051 1133 1120 immanente
1163 1054 1311 1122 termino

178 1155 295 1226 :linitae
307 1157 508 1228 dilectionis
519 1159 637 1228 Petris
649 1183 688 1228 ae
702 1160 802 1228 Filii.
819 1161 914 1229 Haeo
929 1160 1124 1229 necessaria
1138 1163 1311 1251 processio

178 1265 322 1333 eundum
355 1268 550 1336 naturalem
581 1268 793 1358 exigentiam
823 1268 1049 1358 perfeetionis
1078 1268 1311 1359 intelligenda

178 1378 205 1455 e,
227 1372 364 1463 qnando
386 1373 511 1443 Patres
536 1374 660 1443 dicunt
686 1375 833 1464 pendere
847 1374 979 1443 Filium
1007 1396 1028 1441 a
1056 1374 1174 1458 Patre,
1199 1375 1308 1466 Spiri-

178 1502 215 1547 un
234 1480 402 1549 Sanctum
425 1504 447 1549 a
468 1482 574 1551 Patre
597 1489 633 1551 et
654 1481 760 1551 Filio.
779 1481 870 1550 Vide
892 1482 1014 1551 Didae.
1035 1482 1125 1552 Ruiz
1147 1483 1238 1573 disp.
1260 1484 1306 1553 X.

178 1587 668 1676 et.1.2.3;Suarezl.11.e.
688 1589 720 1657 2.

178 1806 201 1857 ie
218 1808 292 1859 entia
317 1810 447 1860 relation.
470 1807 550 1861 Unde
576 1824 625 1859 ene
652 1826 668 1857 a
696 1823 724 1859 se
753 1801 925 1873 simpliciter
948 1807 1052 1860 dictum
1081 1814 1126 1862 est
1155 1809 1306 1876 praediea·

178 1910 202 1947 m
222 1898 381 1950 absolutum
404 1898 570 1961 significans
594 1898 750 1951 intrinsece
773 1899 961 1950 necessariam
987 1898 1170 1952 existentiam
1191 1900 1306 1953 divinae

178 1988 295 2051 senfin,
322 1988 410 2039 etsie
433 1988 544 2041 ratione
558 1988 679 2041 subiecti
702 1993 789 2053 neget
810 2003 917 2041 omnem
937 1988 1162 2055 productionem
1177 1993 1305 2044 essentia

178 2074 214 2127 rin
232 2091 280 2128 ner
298 2062 422 2141 generet
437 2092 488 2129 nee
505 2084 660 2141 generetur
676 2092 726 2130 nec
748 2077 885 2144 procedit;
907 2082 1072 2131 nontamen
1085 2084 1171 2144 neget
1188 2095 1305 2133 eommu-

178 2164 253 2217 itatem
273 2166 361 2218 huius
380 2168 522 2219 essentiae
548 2169 683 2220 etunius
707 2168 833 2221 absoluti
852 2170 920 2219 Esse
941 2170 972 2220 in
991 2170 1084 2221 tribus
1108 2171 1253 2223 relativis.
1274 2170 1315 2227 Si.

178 2253 305 2307 'reterens
325 2258 475 2309 relativum
492 2275 509 2309 a
530 2273 624 2310 sessu
644 2257 678 2311 de
697 2258 848 2325 hypostasi
869 2258 921 2311 sub
940 2258 1055 2312 formali
1075 2259 1187 2311 ratione
1207 2260 1304 2327 hypo-

178 2358 262 2409 sseoe,
280 2364 329 2399 em
350 2365 368 2398 a
387 2364 415 2399 se
433 2349 555 2401 affirmat
573 2347 608 2400 de
626 2348 752 2413 singulis
771 2348 977 2414 hypostasibus
996 2349 1182 2402 intrinsecam
1209 2364 1304 2403 neees-

179 2438 249 2487 hten
265 2436 422 2503 existendi,
443 2441 471 2490 et
490 2441 576 2501 neget
593 2436 808 2503 productionem
828 2438 861 2487 ab
877 2438 936 2487 olio
956 2446 1019 2488 ente
1031 2434 1181 2509 (diverso):
1204 2458 1217 2485 u
1231 2440 1305 2491 sicut

178 2526 225 2576 ster
244 2525 330 2579 habet
349 2526 440 2578 vitam
459 2525 489 2578 in
510 2526 683 2592 semetipso,
705 2526 746 2578 sie
766 2524 846 2577 dedit
869 2529 899 2578 et
920 2526 998 2579 Filio
1023 2526 1128 2580 hebere
1154 2526 1245 2579 vitam
1270 2527 1301 2580 in

178 2612 283 2681 metipso
295 2634 319 2679 r;
341 2614 390 2667 sed
410 2615 617 2681 processionem
636 2615 836 2668 immerentem
857 2618 887 2666 et
905 2615 1095 2668 neeessariam
1109 2616 1302 2683 hypostaseon

178 2714 241 2756 isus
257 2704 418 2758 recesseris
437 2704 563 2757 essentie
581 2719 637 2757 non
657 2708 752 2769 neget,
769 2704 951 2756 uisitatione
966 2704 1088 2758 subiecti
1101 2704 1132 2757 in
1145 2705 1238 2772 prims
1249 2706 1302 2771 hy-

178 2792 259 2859 etesi,
279 2794 359 2846 cuius
379 2794 542 2860 proprietas
561 2796 606 2845 est
625 2812 653 2843 rc
674 2792 826 2862 ἀγεννητον.
