3172 4950
660 351 695 366 -
716 319 776 380 227
799 351 836 368 .-

216 415 299 493 curt
310 435 317 503 ξ
329 425 358 493 tt
371 429 477 502 auen
506 430 693 517 conceptas
721 426 829 503 baias
859 429 1077 518 praesentiae
1103 429 1198 500 nibil
1229 430 1336 501 babet

215 550 355 603 munere
371 559 439 604 oum
462 544 629 624 conceptu
654 555 895 626 περιχωρησεωςὶ
913 539 972 607 aed
988 562 1110 608 aeneus
1122 539 1225 630 plane
1240 540 1335 610 alius

211 643 260 711 ut
276 636 484 712 uertendas
499 693 507 727 ,
532 642 670 734 quaudo
693 642 810 711 Filius
832 644 932 713 dicit:
958 668 1022 735 ego
1045 645 1083 713 in
1098 646 1204 714 Patre
1219 653 1255 716 et
1269 647 1333 715 Pa·

208 752 254 829 ter
269 745 301 815 iu
315 771 359 820 me
378 756 450 833 est,
475 770 516 818 ac
539 751 677 841 quaudo
699 751 832 823 Paulus
854 752 928 821 ait:
956 752 994 820 iu
1017 753 1089 822 Deo
1112 754 1268 824 vivimus
1299 760 1336 824 et

201 876 346 939 uremur
364 864 399 926 et
420 880 551 926 sumus.
566 857 619 927 Na
642 867 758 929 eutem
782 859 934 945 dicatur,
959 861 1037 929 ideo
1060 861 1109 929 ibi
1135 883 1335 954 περιχωρωιν

195 986 249 1047 m
266 987 352 1050 olle,
376 965 458 1057 quie
481 972 642 1035 creature
665 989 734 1035 non
756 974 811 1036 est
832 968 973 1060 ubique,
993 969 1053 1036 ubi
1075 974 1130 1038 est
1151 969 1258 1054 Beue,
1272 970 1333 1040 ad·

191 1074 278 1155 detur
295 1074 521 1149 consideratio
537 1075 663 1144 altera.
678 1075 722 1145 2⁰.
737 1075 780 1144 In
792 1075 927 1145 Christi
939 1075 1156 1148 humanitate
1171 1100 1335 1168 praesens
1476 1082 1482 1093 ⁰

190 1188 309 1267 uuor
330 1184 446 1253 miuus
469 1185 574 1253 Pater
598 1191 634 1254 et
657 1185 816 1274 Spiritus
840 1186 995 1254 Sanetus
1014 1207 1120 1278 quam
1151 1187 1329 1272 Verbum,

190 1296 335 1374 ttamen
358 1291 423 1360 SS.
437 1293 561 1361 Patres
583 1303 780 1382 agnoscunt
799 1298 838 1362 et
860 1293 953 1361 ratio
975 1292 1054 1383 ipsa
1080 1294 1335 1380 incarnationis

190 1400 340 1481 'vincit
362 1421 563 1491 περιχωρησιν
590 1402 830 1470 tantummodo
860 1399 955 1471 inter
985 1409 1148 1470 naturam
1176 1403 1334 1483 divinam

190 1515 334 1588 ”mnus
357 1514 412 1577 est
434 1507 541 1576 Verbi
564 1513 600 1577 et
622 1507 715 1576 inter
737 1514 901 1577 naturam
934 1508 1119 1577 humanam
1150 1509 1236 1580 licet
1263 1533 1336 1597 nop

190 1615 288 1710 hiena
312 1622 529 1706 praesentem
553 1615 706 1685 eiusdem
729 1616 858 1702 Verbi,
883 1615 982 1684 nullo
998 1622 1114 1686 eutem
1131 1617 1336 1688 modciuter

189 1731 323 1803 tiaram
346 1725 533 1793 humanam
557 1730 594 1793 et
616 1722 704 1792 duas
727 1724 818 1793 alias
833 1746 1010 1815 personae.
1030 1724 1135 1794 Ratio
1150 1725 1256 1795 unice
1264 1733 1333 1811 est,

189 1837 244 1907 uia
266 1855 472 1924 σεριχωρησις
494 1832 593 1900 nullo
616 1832 714 1901 modo
733 1856 775 1901 ex
794 1833 920 1902 intima
937 1833 1134 1923 praesentia
1147 1834 1208 1904 aad
1221 1834 1336 1904 solum

189 1941 467 2018 {distinctorum
484 1937 712 2010 terminorum
728 1940 955 2011 substantiali
973 1940 1030 2009 val
1047 1940 1174 2017 uniens
1190 1941 1247 2010 vel
1258 1940 1336 2010 uni·

189 2056 233 2127 tte
255 2050 295 2118 iu
317 2069 389 2118 uua
412 2046 614 2120 substantie
644 2047 695 2132 (h.
711 2070 741 2118 e.
760 2049 818 2118 vel
848 2048 886 2116 in
917 2055 1046 2117 natura
1073 2048 1129 2118 vel
1160 2050 1198 2118 in
1228 2049 1337 2141 hype-

188 2157 263 2245 leai)
283 2154 422 2244 concipi
438 2160 565 2244 potest.
584 2153 636 2222 δ”.
651 2154 693 2223 In
707 2156 884 2225 sententia
897 2155 1075 2226 haeretice
1091 2156 1336 2226 tritheitarum

188 2287 242 2339 se.
254 2265 289 2334 si
311 2262 474 2352 singulae
498 2284 665 2351 peremere
688 2263 877 2334 distinctae
893 2286 991 2333 suam
1007 2264 1176 2335 haberent
1192 2288 1335 2336 numere

188 2371 366 2445 &tinctam
387 2375 553 2438 naturam
576 2368 754 2454 divinam,
781 2376 822 2438 ut
843 2382 918 2439 tres
941 2370 1096 2441 homines
1118 2377 1192 2440 tres
1208 2371 1339 2442 habent

188 2479 350 2558 intinctu
372 2482 542 2561 naturas,
566 2474 695 2555 intima
717 2477 809 2549 foret
831 2477 1060 2547 nibilominus
1082 2484 1118 2548 et
1139 2480 1337 2547 necessarie

188 2583 471 2676 cinsaparabilia
494 2584 695 2672 praesentia
716 2585 908 2655 secundam
938 2585 1206 2659 immensitatem
1229 2585 1335 2656 unius

187 2716 327 2767 arnonae
350 2693 388 2760 in
412 2691 570 2767 omnibus
599 2701 635 2765 et
658 2691 810 2764 omnium
833 2694 872 2761 in
887 2694 1051 2784 singulis,
1070 2692 1336 2761 attamenuulle

187 2805 215 2875 ti
233 2811 326 2875 esset
349 2821 562 2894 oeptxopcttts
586 2810 628 2874 ut
650 2825 692 2874 ea
707 2803 745 2877 iu
766 2802 961 2892 Scripturis
974 2802 1117 2871 docetur
1132 2808 1168 2870 et
1183 2823 1205 2868 a
1220 2800 1335 2872 Patri·

187 2912 456 2987 mdecleretur.
476 2914 572 2985 Haec
587 2915 679 2986 enim
694 2918 749 2981 est
765 2911 1013 2980 distinctarum
1035 2931 1261 3000 personarum
1284 2907 1335 2976 in·

187 3019 351 3092 metentis
365 3027 491 3090 mutua
506 3044 567 3112 per
581 3019 805 3090 identitatem
821 3024 982 3086 naturae.
994 3018 1194 3107 Propterea,
1210 3015 1336 3084 utiam

186 3150 269 3220 apra
291 3129 469 3214 diximus,
494 3136 570 3197 tum
594 3129 630 3197 in
656 3127 938 3217 scripturatum
962 3146 984 3193 a
1007 3124 1071 3193 SS.
1086 3124 1253 3192 Patribus
1269 3121 1336 3191 cir-
1458 3123 1461 3130 '

186 3236 388 3306 uminseasio
412 3242 484 3304 tam
508 3235 658 3304 sollicite
682 3232 941 3303 commendatur
964 3237 1001 3300 et
1023 3231 1236 3314 declaratur,
1253 3230 1337 3323 quia

186 3363 230 3415 rm
249 3365 322 3414 uua
345 3343 505 3412 doctrina
528 3347 710 3433 perspecta
742 3341 902 3409 haereses
933 3361 1050 3408 omnes
1078 3344 1247 3428 negantes
1280 3337 1336 3407 vel

186 3448 450 3545 iugularitetem
472 3456 621 3519 naturae
645 3448 703 3517 vel
732 3446 994 3516 distinctionem
1021 3466 1248 3536 personarum
1276 3465 1336 3511 ex·

185 3557 367 3635 hinem.
382 3559 496 3649 Atqui
522 3558 607 3627 haec
638 3554 802 3646 mysterii
833 3550 1058 3644 profunditas
1089 3559 1126 3622 et
1156 3548 1337 3620 doctrine

185 3668 327 3761 pavitas
349 3666 388 3736 in
411 3670 578 3755 conceptu
591 3663 657 3732 -illo
680 3660 898 3754 praesentiae
921 3661 1109 3731 secundum
1133 3659 1337 3728 immensum

185 3774 228 3847 ue·
245 3799 315 3848 non
336 3773 489 3866 amplius
511 3778 752 3843 conservatur.

230 3885 322 3957 Hinc
345 3882 494 3968 videas,
520 3881 604 3973 qaid
628 3878 845 3950 sentiendum
869 3879 910 3948 de
925 3876 1069 3946 Ioannis
1084 3874 1212 3945 Clerici
1228 3874 1337 3945 homi·

185 3990 224 4065 lie
242 3990 424 4065 Soeiuiaui
446 3989 670 4058 adnotatione
691 3989 772 4076 (sub
794 3985 931 4057 nomine
955 3984 1144 4076 Theophili
1159 3983 1337 4070 Alethiui)

184 4097 372 4171 ursarii
394 4098 421 4167 l.
447 4097 513 4168 IV.
528 4120 559 4166 c.
574 4095 629 4164 16.
656 4096 698 4165 de
722 4094 911 4164 Trinitatis.
937 4091 1003 4162 Ait
1024 4092 1074 4161 ibi
1098 4092 1167 4162 iste
1190 4093 1338 4162 mendax

184 4204 374 4281 hlethiuus:
402 4206 466 4274 usi
489 4211 624 4275 vetares
647 4203 785 4274 unicam
808 4223 951 4271 numero
975 4201 1207 4270 substantiam
1224 4200 1338 4268 anino

184 4321 388 4400 mut,
412 4334 601 4405 numquam
624 4312 666 4382 de
690 4308 1013 4381 circuminsessioue
1037 4308 1262 4398 cogitassent;
1280 4325 1337 4374 ne·

184 4442 236 4511 ιιι
253 4423 344 4495 uim
368 4421 554 4516 quisquam
578 4418 712 4490 dixerit
733 4438 838 4509 uuam
862 4415 1094 4487 substantiam
1116 4413 1338 4502 semetipsam
