3172 4950
663 336 702 349 ..
723 306 784 367 277
805 338 843 351 -

188 410 214 478 in
233 412 293 479 hac
316 409 617 501 comprehensione
633 408 775 482 infinita
789 411 939 481 beatitas
954 410 1020 481 Dei
1032 411 1167 500 (Tract.
1186 412 1228 482 de
1240 412 1339 500 Deo).

188 518 269 603 blood
291 543 353 612 per
376 519 594 589 intellectum
617 542 659 588 ex
682 519 876 590 intrinseca
898 520 954 588 sui
977 519 1113 590 ratione
1136 520 1343 611 producitur

188 629 344 714 terbum,
370 635 475 720 atque
498 628 550 696 ita
572 637 628 696 est
649 628 755 697 Pater
778 634 816 697 et
839 634 893 697 est
916 628 1082 713 Verbum,
1109 629 1238 717 figura,
1265 652 1342 698 con·

188 736 417 808 ubstantialis
439 736 555 826 imago
578 741 615 805 et
637 736 800 827 splendor
823 735 957 825 gloriae
980 735 1110 820 Patris,
1131 741 1235 827 atque
1258 736 1345 806 adeo

188 851 259 915 ecte
283 845 355 914 dici
378 850 494 934 potest
523 843 640 913 Filius
669 843 846 935 expressio
877 849 1042 935 paternae
1075 843 1232 932 gloriae,
1258 843 1294 913 h.
1309 866 1340 914 e.

188 944 240 1021 ma
260 951 378 1042 gloria
400 951 438 1020 in
460 952 566 1021 Patre
589 956 625 1020 et
645 951 752 1037 Filio,
773 951 833 1021 sed
851 973 872 1018 a
887 953 992 1021 Patre
1010 974 1070 1042 par
1086 951 1344 1041 generationem

188 1062 422 1130 ommunicata
444 1059 551 1146 Filio,
565 1060 651 1130 haec
674 1061 859 1130 verissima
882 1061 1021 1153 quidem
1035 1067 1140 1146 sunt,
1167 1060 1226 1130 sed
1246 1060 1345 1130 nullo

188 1170 267 1238 nodo
288 1170 423 1238 lumine
445 1160 594 1239 rationis
626 1169 887 1259 cognoscibilia.
905 1169 1003 1254 Quae
1026 1169 1141 1258 igitur
1164 1169 1280 1238 adtuli
1303 1192 1345 1239 ex

188 1286 311 1349 ructans
337 1280 379 1348 de
401 1279 517 1370 prima
539 1285 576 1348 et
598 1277 751 1348 secunda
773 1300 945 1370 persona,
970 1285 1117 1369 possunt
1133 1278 1270 1370 quidem
1283 1277 1344 1346 ha·

188 1410 248 1458 aare
271 1411 410 1457 sensum
434 1409 579 1474 sanum,
608 1389 667 1457 sed
691 1388 756 1457 hoc
779 1411 883 1458 sensu
906 1411 948 1457 ex
972 1386 1046 1456 sola
1061 1387 1276 1457 revelatione
1292 1409 1345 1456 co·

188 1504 389 1586 proscuntur
412 1504 448 1567 et
471 1497 675 1583 creduntur,
693 1521 761 1566 non
778 1519 861 1568 vero
885 1496 1022 1566 ratione
1045 1494 1342 1565 demonstrantur.

188 1606 225 1674 st
243 1606 415 1698 quidquid
438 1607 482 1674 ab
506 1613 650 1675 auctore
674 1605 806 1674 dicitur
829 1605 871 1674 de
902 1605 1011 1674 tertia
1042 1625 1189 1694 persona
1221 1625 1346 1694 proce-

188 1710 298 1798 dente,
324 1735 368 1781 ne
391 1712 506 1798 desit,
533 1713 590 1781 oui
614 1712 730 1802 gloria
752 1712 818 1781 Dei
841 1712 1113 1799 manifestetur3
1139 1710 1176 1778 id
1200 1734 1269 1778 non
1292 1734 1344 1778 so·

188 1817 246 1888 lum
266 1843 336 1888 non
359 1825 475 1911 potest
497 1819 757 1904 demonstrari,
784 1819 845 1889 sed
868 1820 992 1891 saltem
1016 1820 1197 1912 supposita
1213 1819 1346 1889 revela·

188 1925 266 1997 tione
289 1927 548 1997 demonstratur
571 1950 645 1998 esse
669 1928 811 1998 falsum.

239 2037 417 2107 Postremo
441 2037 555 2106 adhuc
571 2039 762 2106 memorabo
781 2038 1066 2130 «speculativam
1083 2036 1345 2131 cognitionem»

188 2142 239 2214 SS.
254 2145 465 2229 Trinitatis,
492 2167 594 2237 quam
617 2152 737 2215 nostra
761 2151 875 2214 aetate
899 2144 1136 2214 Guntheriani
1152 2168 1194 2213 ex
1218 2142 1349 2235 princi·

188 2251 246 2341 piis
267 2276 351 2322 suae
374 2252 615 2343 philosophiae
639 2277 675 2322 se
704 2254 874 2344 reperisse
905 2254 1162 2342 gloriabantur.
1189 2250 1347 2321 Giinthe-

189 2359 268 2428 riani
290 2361 483 2430 universim
506 2361 652 2448 docent,
679 2384 796 2430 omnes
819 2361 989 2431 veritates
1020 2360 1197 2431 revelatas
1225 2359 1348 2427 saltem

189 2488 258 2555 aas,
282 2493 370 2563 quae
394 2471 538 2540 suntin
562 2493 598 2540 sa
621 2471 863 2555 necessariae,
889 2492 962 2539 esse
986 2469 1117 2538 lumine
1132 2467 1281 2536 rationis
1293 2467 1349 2536 de·

191 2575 436 2665 monatmbileS,
463 2605 509 2647 att
531 2583 603 2646 aiat
618 2576 755 2672 etquid
782 2581 855 2646 sint
871 2578 933 2666 (1).
959 2576 1173 2649 Nominatim
1195 2575 1233 2644 id
1256 2575 1347 2644 affir-

234 2800 273 2875 (1)
291 2805 332 2858 Do
350 2805 399 2858 his
418 2806 525 2871 passim
540 2805 717 2858 Gdntherns.
740 2803 960 2858 «Revelationis
974 2802 1161 2868 theoreticae,
1176 2799 1284 2867 inquit,
1305 2802 1350 2852 aot

195 2893 289 2948 tentum
307 2895 494 2962 hypothetica
513 2896 680 2962 necessitas,
702 2895 731 2947 h.
745 2911 769 2948 e.
784 2894 890 2962 pendet
904 2895 973 2947 haec
987 2895 1145 2946 necessitas
1160 2909 1177 2944 a
1187 2889 1278 2957 gradu
1292 2903 1350 2943 cor·

195 2983 321 3050 ruptionis
340 2991 518 3051 posterorum
536 2985 658 3038 Adam...
673 2985 762 3038 Aetas
781 2989 882 3038 nostra
895 2985 987 3051 novit,
1003 3000 1033 3036 se
1044 2999 1100 3036 non
1114 3000 1131 3037 s
1143 2981 1197 3034 lida
1211 2979 1247 3033 ad
1261 2980 1350 3034 scien·

195 3069 258 3139 dam,
272 3073 319 3124 ted
333 3090 498 3139 pernotum
512 3075 657 3127 scientiam
672 3075 708 3125 od
722 3075 820 3126 intelli
821 3074 946 3140 qentiom
960 3074 1129 3125 obiectorum
1139 3069 1351 3138 outiqaoefidee'

192 3164 518 3231 mentemmentdm
537 3181 594 3217 non
614 3165 734 3232 patitur,
757 3168 791 3217 nt
810 3165 872 3217 eius
891 3165 1014 3218 scientie
1040 3164 1070 3215 in
1096 3161 1286 3229 suspicionem
1306 3174 1352 3212 vo·

194 3256 259 3306 tetur
275 3255 330 3307 illa
351 3256 472 3321 antiqua
490 3256 711 3322 criminatione,
732 3271 783 3323 per
802 3255 952 3308 solentiam
972 3255 1065 3322 perire
1085 3253 1217 3306 meritum
1237 3249 1349 3305 fidei...

191 3336 257 3396 tls.
270 3344 391 3397 Thomas
411 3344 604 3410 interrogaret
622 3360 693 3411 nos,
715 3345 831 3398 ubinam
850 3344 941 3396 locum
954 3344 1060 3396 habero
1078 3343 1172 3410 possit
1184 3339 1351 3394 obedientia

194 3433 291 3486 atinde
311 3436 444 3487 meritum
464 3436 494 3487 in
514 3436 569 3488 tali
597 3434 651 3487 flde
679 3436 808 3488 excultae
837 3433 1057 3501 philosophiae,
1086 3432 1199 3501 qnando
1228 3446 1288 3483 uon
1313 3437 1351 3483 eet

192 3525 297 3590 replica
308 3526 341 3577 io
362 3525 454 3576 litero
467 3533 605 3592 potestate
625 3525 748 3577 hominis
763 3524 909 3577 admittere
928 3528 971 3576 nel
986 3541 1046 3576 nott
1067 3523 1213 3575 admittere
1224 3521 1265 3584 sa,
1276 3520 1352 3586 qaod

190 3627 215 3665 te
232 3634 280 3670 eac
301 3617 400 3668 radice
418 3617 574 3669 intrinseca
593 3618 800 3670 demonstratur
818 3616 1021 3679 neceesarium,
1045 3614 1080 3667 ad
1099 3614 1173 3667 hanc
1191 3612 1351 3676 interroga·

190 3704 283 3762 dorem
306 3708 551 3776 responderemus,
574 3709 729 3762 essentiam
750 3707 930 3761 obedientiae
950 3706 1050 3775 utique
1070 3702 1228 3771 requisitae
1247 3701 1283 3754 ad
1297 3717 1352 3755 me-

188 3797 265 3853 ritum
284 3801 442 3854 consistere
462 3801 492 3852 in
506 3801 599 3853 libers
618 3801 794 3854 subiectione
814 3799 976 3851 voluntatis
996 3796 1129 3864 propriae
1147 3794 1200 3848 snb
1219 3794 1352 3846 volunta·

188 3892 235 3943 tem
253 3890 393 3944 divinam.
410 3912 423 3939 n
444 3890 594 3944 Inducitur
613 3892 654 3945 ibi
674 3891 702 3943 S.
715 3891 836 3944 Thomas
856 3886 1042 3941 mirabundus
1065 3886 1099 3939 de
1129 3900 1203 3938 nova
1229 3883 1353 3937 scientia

188 3982 359 4035 exclamans:
384 4002 397 4029 u
410 3983 496 4034 talem
515 3981 616 4048 fldem,
638 3982 725 4034 talem
744 3980 894 4032 scientiam
915 3994 976 4030 mea
995 3981 1089 4031 aetate
1115 3991 1172 4028 non
1197 3973 1298 4027 inveni
1321 3973 1353 4024 in

188 4067 279 4136 brool,
291 4070 471 4137 intelliqitur
480 4072 599 4134 ratione,
612 4070 688 4137 qaod
701 4069 733 4121 in
751 4067 925 4120 revelatione
936 4066 1107 4129 conticetur,
1120 4064 1243 4117 ereditur
1261 4071 1354 4114 tamea

188 4159 286 4213 tectum
302 4162 487 4213 revelationis
506 4169 539 4213 ut
553 4161 668 4229 foetam
686 4160 849 4212 historicum
865 4179 877 4207 e
896 4158 1028 4210 Giinther
1040 4157 1072 4209 in
1085 4157 1175 4223 Opere
1200 4153 1289 4207 “Iani
1303 4151 1353 4205 (la-

188 4252 241 4318 tita
252 4273 265 4300 n
285 4251 319 4303 P.
330 4252 371 4307 11.
383 4268 411 4318 p.
423 4252 549 4303 ata-279.
565 4252 601 4304 cl.
615 4251 654 4304 ib.
665 4268 693 4318 p.
704 4250 834 4304 334-340.
848 4251 883 4302 Iu
894 4264 954 4301 mea
973 4246 1175 4314 philosophia,
1196 4258 1281 4312 porro
1300 4242 1352 4308 ait,

188 4341 288 4408 aveni,
301 4356 374 4408 quae
392 4340 621 4406 intelligentiam
640 4340 780 4393 hactenus
798 4339 996 4405 imperfectam
1017 4337 1164 4388 ueoetcnt
1175 4332 1212 4384 ad
1224 4330 1355 4384 altitudi-

188 4447 239 4485 me
255 4447 328 4498 ecoe,
339 4447 413 4498 pace
432 4429 573 4484 destinata
593 4438 631 4484 eet
642 4431 718 4498 sitite
732 4429 804 4497 fidei
817 4429 877 4480 illie
890 4427 991 4481 certic:
1005 4426 1084 4481 votis
1102 4424 1199 4476 datam
1217 4429 1257 4475 eet
1275 4435 1355 4472 coece
