3172 4950
550 127 588 141 -
609 95 671 157 239
691 128 729 142 -

129 204 166 272 Ι.
183 202 275 287 Quia
297 223 321 269 a
342 199 527 271 ththero
549 207 699 271 naturae
727 201 869 273 divinae
900 200 1019 271 unitae
1048 201 1228 272 numerius

65 311 160 382 realis
180 309 285 381 simul
308 332 388 382 oum
412 308 588 379 Trinitate
611 331 837 400 personarum
860 332 929 379 non
953 312 1228 400 cognoscebatur

61 441 120 490 neo
138 442 180 488 ex
202 424 371 508 conseptu
393 438 486 486 mere
508 415 677 485 rationali
710 416 827 507 potuit
855 418 1037 507 eognosei,
1063 417 1145 487 hino
1163 416 1227 486 -ιιΙ-

59 533 113 597 tra
133 526 231 596 illam
255 529 413 594 mutuam
436 523 639 621 palationem
661 524 770 597 trium
795 525 1074 595 substantiarum
1089 525 1226 595 absolu·

57 642 170 707 arum
193 633 436 716 adinvicem,
462 631 504 701 de
527 652 596 724 qua
619 631 752 701 dietum
782 637 859 716 est,
885 655 953 700 non
982 631 1080 702 aliud
1110 634 1229 724 potuit

56 745 237 815 admittere
259 742 526 813 fundamentum
549 739 711 826 unitatis,
739 763 841 833 quam
870 742 1092 813 identitatem
1120 742 1227 812 ratio·

56 854 110 923 nis
131 862 168 923 et
190 850 442 943 aequalitatem
457 849 496 919 in
512 847 628 918 tribus
643 849 805 919 essentiis
828 849 1021 936 distinctis,
1048 872 1136 943 quae
1150 857 1227 920 tan·

58 960 129 1030 dem
150 960 350 1028 astaritae
373 958 539 1048 speesfleo.
565 956 666 1027 Hane
690 957 852 1027 Giinther
875 957 1033 1048 appellet
1063 958 1228 1026 identita-

13 1114 15 1125 ·
61 1083 120 1137 teas
143 1067 333 1149 maasiae,
357 1086 499 1158 samque
522 1064 667 1163 opponit
689 1065 845 1151 unitati,
864 1065 1041 1135 affirmans
1058 1065 1226 1133 identita-

63 1192 121 1245 tem
141 1182 179 1246 et
202 1175 335 1245 diserte
357 1195 490 1264 negans
513 1177 683 1242 unitatem
707 1174 947 1261 (numericam)
962 1175 1146 1244 essentiae.
1163 1173 1230 1244 Ait

61 1284 155 1369 enim,
181 1281 422 1351 affirmandam
436 1302 511 1351 esse
527 1280 635 1350 trium
652 1302 879 1372 personarum
898 1281 1149 1371 aperilieatem
1160 1305 1229 1349 oon

12 1406 15 1481 j
63 1395 223 1461 animem
244 1391 283 1459 in
306 1388 460 1460 essentia
482 1411 544 1459 seu
559 1389 597 1459 in
614 1391 704 1459 Esse
717 1390 839 1461 divino
855 1389 1113 1476 (Einerleibeit,
1127 1389 1229 1460 Iden·

12 1518 15 1569 ζ
64 1500 159 1571 timet
172 1499 276 1571 nieht
290 1497 450 1585 Einheit,
468 1497 507 1569 iu
523 1498 599 1569 dem
615 1497 757 1585 Weeen,
768 1500 866 1588 sein)
876 1526 893 1562 n
904 1498 1072 1589 Propaed.
1080 1497 1132 1567 11.
1146 1498 1225 1567 537.

12 1596 14 1601 ’
119 1608 213 1679 Hnio
235 1605 355 1677 sensui
377 1606 526 1676 absurde
549 1608 841 1677 aeaomondantur
865 1608 972 1678 rerba
993 1605 1230 1675 Praelationis

66 1714 259 1807 liturgicus:
287 1742 305 1779 ι
321 1736 391 1783 non
420 1713 458 1782 in
488 1713 595 1785 unius
625 1715 878 1806 singularitate
907 1735 1073 1806 personae
1104 1714 1164 1810 sed
1191 1713 1230 1784 in

11 1872 17 1907 ,
67 1824 163 1895 auios
186 1823 366 1895 Trinitate
389 1822 640 1893 substantiae»
647 1824 735 1909 ,ubi
757 1829 901 1894 auctora
924 1823 1109 1893 Gonthero
1128 1845 1228 1892 «vox

11 1922 15 2003 Ι
69 1935 159 2000 asise
180 1931 332 2004 meando
353 1931 429 2001 loeo
451 1954 522 2001 non
545 1930 663 2001 eodem
689 1954 794 2002 sensu
818 1931 1021 2023 aooipienda
1051 1939 1107 2002 est
1135 1930 1230 2001 sieut
1315 1946 1324 1964 ·

11 2020 22 2107 Ι’
71 2038 169 2131 priori
190 2040 291 2123 looo,
316 2038 378 2109 sod
399 2037 593 2129 euphoniae
615 2058 722 2109 eausa
745 2039 878 2108 dieitur
899 2039 1230 2106 aniussadstontine

11 2114 17 2217 Ι
71 2170 123 2239 pro
142 2147 289 2217 eiusdem
310 2147 541 2231 substantioe·
555 2168 635 2217 nom
659 2147 718 2218 hio
740 2147 954 2215 decenario
971 2172 1027 2214 sea
1045 2147 1230 2236 triplicato

10 2250 250 2359 ‚tortosonte
263 2279 369 2323 emo
387 2269 466 2323 ests
493 2255 541 2324 rb
552 2278 587 2345 p
604 2253 682 2324 539
711 2253 1003 2325 Commentariun
1020 2252 1229 2323 addithtn·

10 2328 149 2434 itan
170 2363 366 2456 disoipulus
388 2363 440 2433 Dr
454 2362 598 2433 Knoodt
613 2363 666 2451 (in
683 2362 789 2434 editis
802 2363 1019 2454 epistolis'l'.
1037 2362 1068 2431 Ι.
1082 2386 1118 2453 p
1133 2360 1225 2447 145)ι

77 2472 131 2541 ein
151 2472 373 2543 Praefatione
394 2494 464 2543 non
479 2471 638 2543 dieitur
627 2495 664 2541 ιιι
681 2473 786 2542 unius
801 2471 1052 2562 singularitate
1068 2472 1230 2541 substan

75 2577 147 2666 dae,
177 2580 279 2650 sed
268 2604 306 2648 ιιι
336 2579 443 2650 unius
474 2580 651 2652 Trinitate
678 2581 919 2666 substantiae,
954 2581 1081 2673 quibus
1111 2577 1230 2649 verbis

75 2687 287 2779 ripatorium
316 2692 480 2757 essentiae
505 2703 654 2779 nepotas·
666 2738 678 2770 ,
711 2692 798 2781 quio
836 2692 991 2759 lbiaites
1023 2703 1055 2756 et
1077 2686 1229 2778 proinde

72 2794 244 2883 plarnlitas
266 2795 530 2889 (substantioe)
554 2798 800 2889 affirmator.»
832 2799 884 2868 At
907 2798 1044 2890 quando
1067 2798 1228 2867 substan·

75 2901 113 2971 b's
140 2928 209 2975 non
238 2905 392 2976 sumitur
420 2929 483 2997 pro
505 2928 652 3000 persona
677 2907 737 2976 sed
767 2930 830 2998 pro
861 2906 1062 2976 substantia
1090 2906 1228 2976 absolu·

75 3015 119 3098 ta,
148 3013 433 3107 quemadmodum
460 3014 498 3085 in
520 3014 693 3105 liturgiae
724 3014 791 3085 hae
821 3014 1035 3106 professione
1058 3014 1141 3086 fidei
1171 3037 1229 3106 op·

75 3123 195 3208 putem
218 3120 420 3192 substantia
453 3121 610 3214 personis
634 3128 669 3193 et
696 3147 764 3190 ooo
790 3147 861 3189 arao
888 3146 1039 3213 persona
1070 3122 1128 3190 sed
1158 3146 1231 3189 aaa

75 3227 249 3297 demntia
272 3227 515 3320 praedieatur,
540 3252 584 3300 ex
607 3229 674 3300 fida
697 3229 872 3299 eatholiea
899 3229 1131 3300 nantissimum
1153 3234 1227 3313 est,

17 3354 23 3377 ·-
74 3333 209 3408 timeam
241 3336 475 3407 substantiam
499 3360 573 3408 esse
597 3358 701 3406 unam
725 3337 940 3427 singularem
966 3360 1035 3406 non
1059 3334 1229 3425 multipli-

8 3464 12 3495 ι
73 3445 199 3516 rabilem
230 3444 328 3533 (vid.
353 3444 406 3516 th.
433 3444 464 3515 I.
485 3444 569 3517 VH.
597 3445 663 3513 IX.
687 3445 733 3514 X.
759 3449 871 3533 eto.);
901 3446 1054 3536 adeoque
1083 3443 1121 3512 in
1152 3443 1230 3532 ipss

7 3564 10 3571 ’
71 3549 122 3624 lue
142 3553 359 3645 oppositione
385 3553 523 3623 omnino
554 3553 699 3623 evidens
728 3560 804 3640 est,
835 3554 951 3626 eodem
983 3575 1087 3623 sensu
1112 3573 1228 3622 nume·

69 3661 129 3733 riou
155 3662 247 3735 reali
280 3684 348 3755 quo
382 3667 533 3753 negatur
568 3662 687 3732 unitas
720 3684 910 3753 personae,
946 3661 1113 3731 affirmari
1142 3659 1230 3731 uni-

66 3774 161 3841 tatem
191 3770 422 3841 substantiae.
445 3770 596 3840 Proinde
625 3791 748 3840 noman
780 3771 939 3842 Trinitas
969 3794 1038 3840 non
1067 3774 1231 3841 numerat

64 3881 272 3951 ubstantiae
285 3929 294 3966 ,
320 3884 362 3950 nt
385 3877 621 3949 ththeriani
635 3884 833 3970 putarunt,
860 3880 919 3950 sed
935 3900 1113 3971 personae.
1128 3878 1229 3949 Unus

60 3987 173 4076 Deus,
199 4009 293 4059 nnus
315 3987 484 4057 Dominus
506 4010 576 4057 non
598 3986 636 4056 in
660 3987 912 4077 singularitate
935 3989 1041 4059 unius
1063 4007 1230 4080 personae

60 4097 175 4168 sedin
199 4096 378 4167 Trinitate
401 4095 507 4166 unius
529 4095 759 4182 substantiae,
785 4096 876 4168 idem
898 4104 954 4169 est
967 4119 1009 4168 ao
1026 4097 1058 4168 si
1073 4095 1227 4167 dicatur:

58 4230 147 4279 unns
167 4208 265 4278 Dens
280 4210 337 4277 ast
351 4227 420 4276 nou
442 4227 547 4276 sensu
571 4203 781 4292 Sabelliano,
801 4207 892 4299 quod
908 4227 979 4275 una
994 4206 1069 4275 sola
1091 4203 1140 4273 sit
1154 4223 1228 4293 per·

969 4376 981 4393 ,
1054 4343 1066 4386 ι
