3172 4950
711 329 749 345 -
771 298 833 360 252
852 328 891 344 -

115 494 118 500 ,
214 403 289 473 sint
303 423 374 472 una
399 422 542 473 numero
568 401 732 488 essentia,
749 423 937 495 numquam
952 399 1300 492 apprehendemus,
1316 397 1376 468 nisi

215 512 436 601 praecederet
460 511 615 603 positiva
635 511 796 581 doctrina
807 518 844 581 et
853 509 1039 581 revelatio.
1056 508 1245 600 Proposita
1256 507 1377 576 demum

214 620 431 690 revelatione
453 619 654 712 quaerimus
681 619 865 709 analogias
892 620 930 688 in
957 618 1087 687 creatis
1101 617 1148 687 ad
1163 617 1316 708 aliquem
1334 615 1376 684 ei·

216 729 436 799 formandum
459 734 674 818 conceptum3
688 728 840 820 adeoque
863 726 948 796 licet
967 725 1061 813 ratio
1076 724 1136 795 hic
1150 723 1291 817 aliquid
1305 727 1377 813 agat

215 837 347 908 lumine
362 836 512 928 proprio,
534 859 596 907 seu
619 859 661 906 ex
678 835 768 905 ideis
790 835 1037 921 rationalibus,
1055 857 1189 925 semper
1204 840 1320 902 tamen
1332 830 1375 898 in·

215 946 347 1017 nititur
370 945 780 1038 positivae-revelationi
799 997 808 1031 ,
830 946 949 1038 sicque
978 967 1001 1013 a
1019 948 1136 1036 primo
1163 943 1314 1033 anclopc
1332 962 1375 1010 re

216 1056 392 1126 velatione
406 1054 583 1146 proposito
605 1054 700 1125 ratio
734 1053 835 1123 velut
857 1052 1038 1123 descendit
1059 1054 1104 1123 ad
1120 1050 1376 1142 investigandae

92 1212 96 1220 -
215 1163 497 1234 adumbrationes
519 1162 558 1230 in
586 1161 773 1250 creaturis,
787 1185 857 1231 non
873 1171 916 1232 ut
938 1161 1199 1232 demonstretur
1223 1158 1374 1226 ἰυάἰσίαι
1407 1212 1409 1237 2

214 1274 375 1343 veritatis
398 1275 457 1360 (an
473 1270 554 1357 sit),
581 1269 646 1341 hoc
669 1272 760 1340 enim
786 1270 855 1339 fide
879 1270 954 1340 sola
981 1276 1143 1355 constat,
1169 1268 1235 1339 sed
1257 1274 1298 1338 ut
1316 1269 1373 1337 for
1405 1276 1409 1311 ³

217 1387 332 1450 metur
355 1385 540 1469 conceptus
566 1377 696 1470 aliquis
726 1378 897 1468 analogus
923 1378 976 1448 rei
1000 1377 1207 1447 credendae.

280 1487 396 1558 Radix
412 1494 450 1557 et
472 1487 735 1556 fundamentum
751 1488 859 1556 huius
873 1487 1088 1557 discriminis
1103 1490 1172 1572 est,
1191 1484 1284 1578 quod
1293 1484 1371 1553 Deus

214 1603 351 1666 creator
377 1602 414 1664 et
443 1595 557 1686 prima
581 1617 688 1665 causa
719 1594 766 1663 ad
796 1611 896 1663 eecra
920 1617 1067 1687 operans
1090 1593 1322 1684 intelligendo
1339 1612 1370 1661 ao

214 1704 362 1775 volendo
384 1709 421 1774 et
450 1703 644 1774 universim
671 1705 861 1774 secundum
885 1703 1060 1774 attributa
1086 1701 1276 1788 absoluta,
1300 1703 1368 1769 haec

214 1814 291 1904 ipsa
319 1813 494 1883 attributa
528 1813 810 1904 «sempiternam
845 1813 1016 1882 virtutem
1047 1818 1084 1882 et
1115 1811 1366 1881 divinitatems

213 1921 355 1990 exhibet
380 1920 594 1991 «intellectu
623 1922 866 2012 conspicienda
888 1945 949 2013 per
973 1942 1026 2007 ea,
1044 1942 1134 2013 quae
1154 1921 1364 1990 factasunt·

214 2029 326 2115 (Rom.
338 2029 368 2097 l.
379 2028 434 2098 19.
445 2052 520 2123 sqq.
531 2029 613 2098 vide
625 2029 744 2099 Tract.
756 2028 798 2099 de
805 2030 904 2117 Deo);
920 2035 1042 2099 contra
1053 2052 1137 2099 vero
1152 2050 1315 2121 personae
1327 2047 1364 2094 re

213 2137 347 2207 lativae
370 2137 414 2206 ad
442 2137 592 2208 invicem
616 2138 776 2231 interque
800 2161 836 2209 se
851 2140 997 2210 realiter
1020 2138 1213 2208 distinctae
1235 2141 1363 2206 suntrc

212 2243 362 2314 lationee
384 2245 625 2330 immanentes,
643 2269 706 2315 nec
718 2247 898 2336 generatio
918 2254 956 2316 et
972 2246 1146 2338 processio
1161 2245 1363 2316 adextrare

213 2354 397 2440 feruntur;
422 2352 574 2446 adeoque
601 2375 767 2445 personae
793 2359 984 2445 operantur
999 2360 1174 2446 quatenus
1190 2359 1273 2422 sunt
1289 2371 1362 2420 unus

211 2459 317 2546 Deus,
331 2484 399 2529 non
422 2467 538 2530 autem
560 2469 733 2554 qnatenus
756 2461 801 2530 ad
825 2486 862 2532 se
885 2462 1037 2532 invicem
1052 2463 1259 2531 referuntur
1279 2465 1361 2529 etre

211 2567 403 2639 lotionibus
430 2571 715 2660 distinguuntur.
732 2571 791 2641 Sic
807 2593 891 2661 ergo
906 2571 1002 2640 Deus
1018 2570 1209 2640 secundum
1224 2567 1361 2639 absoluta

211 2699 254 2747 ex
277 2680 438 2769 operibus
454 2679 700 2770 cognoscibilis
717 2687 772 2749 est
793 2686 835 2749 ut
858 2701 965 2750 causa
980 2679 1024 2747 ab
1046 2681 1188 2765 effectu,
1215 2679 1298 2771 qaia
1311 2679 1359 2757 est,

211 2792 248 2856 et
271 2787 453 2878 analogice
477 2787 563 2881 qaid
588 2793 663 2877 est3
688 2789 747 2858 sed
775 2790 839 2858 sub
867 2788 1009 2857 formali
1021 2787 1157 2857 ratione
1172 2786 1362 2856 relationum

211 2896 256 2965 ad
279 2896 376 2966 intra
399 2919 467 2966 non
492 2902 547 2966 est
566 2919 672 2967 causa
695 2919 836 2990 operum
864 2898 908 2966 ad
932 2902 1055 2983 extra,
1089 2902 1197 2989 atque
1222 2896 1298 2965 ideo
1321 2912 1363 2962 ne

212 3025 278 3094 qne
293 3010 337 3072 ut
351 3023 457 3074 cansa
471 3026 514 3073 ex
529 3004 659 3075 effectu
674 3002 933 3095 cognoscibilis,
948 3029 992 3071 aa
1005 3006 1065 3086 eit,
1079 3008 1115 3073 et
1130 3001 1220 3094 qaid
1234 3005 1292 3070 eie.

277 3111 465 3205 Postquam
487 3113 664 3184 revelatae
691 3121 776 3183 sunt
801 3113 960 3183 internae
986 3112 1072 3181 illae
1097 3107 1368 3203 processionesot

210 3241 376 3311 personae
397 3221 609 3309 distinctae,
628 3244 810 3313 possumus
834 3222 972 3315 quidem
993 3220 1031 3289 in
1047 3222 1223 3292 creaturis
1238 3219 1369 3289 maxine

211 3327 249 3396 in
275 3328 408 3420 spiritu
431 3336 570 3415 creato,
597 3330 749 3421 reperire
776 3329 960 3420 analogias
986 3331 1031 3400 ad
1050 3330 1307 3400 efformandnm
1320 3322 1370 3394 ali·

210 3460 311 3530 quem
336 3445 539 3529 conceptum
561 3439 819 3530 processionum
839 3444 875 3508 et
898 3460 1121 3529 personarum
1156 3438 1370 3518 divinarum,

209 3544 297 3638 qaid
319 3549 402 3616 einr.
421 3547 463 3617 Id
475 3570 558 3618 vero
575 3546 655 3616 inde
674 3552 739 3632 est,
767 3548 857 3640 quod
873 3547 1022 3638 spiritus
1042 3552 1183 3617 creatus
1206 3553 1373 3640 tamnen

209 3654 325 3745 imago
339 3648 406 3725 Dei
421 3654 563 3727 exhibet
584 3655 782 3725 immediate
798 3655 996 3744 analogiam
1012 3653 1154 3725 divinae
1174 3654 1373 3725 intellectio

208 3761 266 3831 nis
280 3766 317 3832 et
332 3762 514 3832 volitionis
529 3762 757 3850 (dilectionis)
773 3786 781 3851 ;
798 3763 890 3832 unde
904 3767 1086 3855 postquam
1105 3785 1148 3831 ex
1168 3762 1375 3834 revelatione

208 3868 370 3940 novimus
382 3869 616 3960 processiones
636 3870 675 3939 in
696 3871 768 3940 Deo
788 3871 976 3940 secundum
991 3869 1215 3941 intellectum
1229 3878 1268 3941 et
1282 3869 1375 3940 dilec-

209 3976 351 4063 tionem‚
370 4001 553 4069 possumus
564 3979 747 4070 pervenire
764 3979 911 4047 mediate
928 4002 990 4071 per
1010 3985 1218 4070 conceptum
1229 3979 1375 4050 intellec

208 4085 316 4156 tionis
343 4090 380 4156 et
401 4087 601 4158 dilectionis
623 4088 668 4157 ad
694 4088 945 4158 efformandum
970 4094 1172 4181 conceptum
1197 4087 1375 4181 processio

208 4216 302 4264 num.
320 4194 463 4285 Proprie
486 4218 569 4286 ergo
593 4196 778 4266 dicendum
793 4205 902 4267 esset:
926 4220 968 4267 ex
992 4196 1165 4267 creaturis
1190 4196 1376 4266 immediate

206 4301 496 4393 apprehendimus
519 4303 699 4394 analogice
722 4304 883 4375 absoluta
907 4305 1105 4391 attributa,
1127 4310 1163 4374 et
1190 4302 1376 4397 (supposita

205 4408 420 4481 revelatione
435 4407 681 4498 relativorum)
697 4435 739 4482 ex
762 4411 948 4483 attributis
963 4411 1135 4483 absolutis
1153 4402 1322 4506 (adeoque
1339 4427 1373 4478 ex
