3172 4950
186 468 270 532 ous,
295 444 465 517 discimus
499 445 677 536 corrigere
699 468 742 516 ex
765 444 877 515 altero
900 447 1085 539 dogmata,
1112 450 1203 542 quod
1234 456 1307 520 tres

186 562 216 625 rt
237 578 326 622 unus
349 554 440 622 Deus
462 576 531 622 nou
554 559 628 622 tres
652 553 712 622 Dii
736 554 911 626 distincti.
934 555 1020 625 Inde
1051 555 1143 624 enim
1175 556 1305 627 intelli·

187 686 271 748 uus,
296 669 446 732 naturae
476 661 659 754 totiusque
679 663 906 752 perfectionis
929 663 1109 733 absolutae
1132 665 1306 734 unitatem

187 795 204 839 u
224 769 337 840 solum
361 769 555 861 specificam
579 793 654 839 esse
676 769 770 840 sicut
792 770 829 839 in
853 772 982 841 creatis
1005 772 1064 841 sed
1081 772 1304 856 numericam,

195 876 454 948 distinctionem
476 898 701 968 personarum
724 899 792 946 non
822 901 896 948 esse
927 878 1115 948 secundum
1146 880 1306 949 substau-

187 1011 223 1055 ιιι
243 986 438 1055 absolutam
464 987 523 1056 sed
547 968 735 1057 secundum
760 988 924 1057 formales
946 988 1101 1058 rationes
1121 987 1304 1073 relativas,

187 1116 226 1165 tec
251 1093 448 1163 nominibus
477 1094 598 1163 Patris
629 1099 666 1163 et
695 1093 785 1163 Filii
814 1102 850 1163 et
880 1094 1016 1188 Spirati
1046 1095 1303 1186 exprimuntur.

187 1201 390 1293 susspiritus
402 1207 467 1288 est,
486 1202 766 1293 imperfectiones
782 1225 864 1293 ergo
881 1227 1008 1289 omnes,
1027 1225 1115 1296 quas
1128 1203 1163 1271 in
1178 1202 1307 1272 creatis

187 1309 325 1380 haerent
346 1308 548 1378 notionibus
574 1309 706 1400 petris,
737 1310 824 1395 filii,
851 1310 1102 1401 generationis,
1129 1311 1308 1401 negandae

187 1424 241 1505 nt3
266 1416 389 1485 modus
413 1437 496 1485 vero
513 1418 664 1507 positive
687 1416 772 1487 haec
804 1417 1020 1508 concipiendi
1050 1417 1237 1487 exhibetur
1268 1418 1306 1487 iu

187 1524 299 1615 alogia
321 1523 436 1594 altera
463 1523 646 1615 desumpta
675 1547 718 1594 ex
749 1525 869 1595 ordine
899 1525 1055 1617 spiritali
1085 1532 1122 1594 et
1151 1525 1307 1596 intellec·

212 1741 297 1811 llum
326 1741 372 1808 ἲ.
404 1738 495 1808 idem
526 1739 588 1831 qui
616 1739 755 1826 Filius,
789 1747 843 1810 est
875 1741 1028 1812 Verbum
1058 1743 1125 1813 Dei
1157 1743 1172 1806 ὁ
1207 1741 1304 1831 loyce.

187 1870 229 1918 ru
249 1849 334 1918 haec
356 1845 521 1937 analogia
544 1868 622 1915 cum
636 1847 747 1938 priori
764 1848 1004 1940 coniungitur,
1023 1872 1097 1919 sese
1114 1857 1234 1920 mutuo
1250 1872 1307 1920 ve·

188 1955 427 2048 tiperficiunt,
445 1954 586 2046 siquod
610 1953 647 2022 in
671 1976 742 2023 une
764 1956 877 2043 deest,
904 1978 947 2025 ex
971 1957 1084 2026 altera
1107 1956 1302 2049 suppletur.

188 2063 322 2155 opriori
360 2060 564 2130 distinctius
594 2061 780 2131 exhibetur
809 2069 885 2132 tum
915 2064 1202 2133 substantialitas
1232 2070 1307 2135 tum

188 2171 244 2241 rlis
264 2169 448 2242 distinctio
470 2189 694 2260 personarum
717 2170 761 2239 ad
784 2170 953 2257 invicem,
979 2171 1017 2240 iu
1040 2171 1153 2241 altera
1176 2170 1309 2242 clarius

188 2280 332 2372 ncipitur
348 2284 424 2347 tum
439 2277 561 2346 modus
576 2277 814 2367 generationis
837 2279 1103 2365 intellectualis,
1122 2279 1308 2348 immanen-

188 2410 212 2476 ι,
233 2387 462 2472 necessariae,
487 2393 660 2472 aeternae,
686 2393 762 2457 ium
785 2388 907 2457 unitas
929 2390 1101 2458 essentiae
1124 2396 1160 2458 et
1186 2395 1309 2458 mutua

188 2517 363 2564 menarum
378 2493 605 2563 immanentis
620 2517 683 2563 sau
699 2517 911 2588 ωεριχωρησις.
936 2496 1102 2567 quannes
1125 2495 1211 2588 ipse,
1231 2520 1308 2567 cum

188 2611 307 2675 durus
334 2607 449 2686 esset,
479 2600 544 2671 hoo
570 2601 723 2672 Verbum
754 2625 827 2673 esse
842 2604 1064 2694 unigenitum
1081 2604 1213 2674 Filium
1229 2604 1306 2692 Dei,

205 2713 282 2806 quie
306 2708 567 2801 generationem
589 2710 789 2800 passibilem
822 2713 1084 2804 suspicaretur,
1117 2713 1308 2802 praemissa

188 2821 241 2888 rbi
249 2817 483 2911 appellatione
498 2840 629 2887 omnem
641 2818 740 2887 tollit
753 2819 908 2910 iniquam
922 2821 1164 2912 suspicionem,
1175 2821 1309 2890 Filium

205 2928 279 3021 ipso
304 2927 437 3014 (Patre)
458 2948 533 2996 esse
548 2934 585 2996 et
600 2927 864 3017 impassibiliter
881 2953 955 3000 esse
971 2931 1193 3001 declarans...
1209 2932 1310 3015 Quod

195 3058 306 3130 neque
332 3035 398 3103 hae
427 3034 710 3105 adumbratioues
743 3030 1015 3130 (ucpadetyparc)
1055 3040 1236 3109 sufficiunt
1264 3039 1310 3110 ad

189 3170 212 3214 n
232 3150 346 3214 totam
369 3141 624 3229 exhibendam,
649 3143 723 3213 noli
746 3145 884 3233 mirari,
910 3148 951 3215 de
974 3146 1045 3215 Deo
1076 3146 1167 3216 enim
1199 3169 1310 3216 sermo

189 3276 218 3338 t,
242 3248 430 3346 quem‘nec
453 3249 588 3321 edicere
612 3275 674 3323 nec
699 3254 855 3343 cogitare
879 3255 1069 3324 secuudum
1100 3254 1310 3345 dignitatem

189 3382 320 3429 ssumus
339 3385 355 3422 n
380 3358 564 3449 Chrysost.
583 3358 679 3428 iqu.
695 3361 785 3430 hom.
799 3361 850 3429 H.
867 3386 902 3431 n.
918 3363 952 3431 4.
967 3362 1025 3431 Ite
1048 3362 1163 3432 etalii
1187 3364 1311 3434 Patres

189 3467 310 3537 nmuni
334 3488 516 3536 consensu.
545 3465 662 3535 «Cum
685 3469 726 3537 do
749 3468 940 3558 Unigenito
970 3469 1197 3562 loqueretur,
1223 3469 1309 3540 Ver·

189 3598 223 3645 m
244 3577 359 3668 ipsum
382 3573 517 3644 dixit...
533 3572 606 3643 Cur
628 3575 809 3645 Verbum?
827 3584 869 3646 ut
882 3578 1106 3668 perspicuum
1121 3577 1181 3661 sit,
1197 3577 1311 3667 ipsum

189 3686 349 3757 oosssisse
370 3706 413 3754 ex
436 3687 561 3753 mente.
581 3683 652 3753 Cur
682 3684 861 3755 Verbum?
892 3686 974 3779 quia
998 3686 1089 3755 citro
1118 3685 1310 3777 passionem

190 3795 299 3864 nitunt
326 3799 392 3862 est.
426 3791 497 3861 Cur
527 3790 720 3862 Verbum?
755 3795 838 3886 quia
870 3795 985 3884 imago
1025 3800 1080 3863 est
1113 3792 1308 3884 genitoris,

189 3908 253 3972 tum
285 3901 323 3970 iu
356 3923 391 3970 se
425 3899 502 3992 ipso
532 3901 725 3990 genitorem
761 3901 966 3987 ostendens,
993 3899 1084 3970 nihil
1113 3901 1193 3969 inda
1215 3922 1311 3992 sepa·

189 4032 248 4097 ns,
279 4016 316 4080 et
348 4031 411 4101 per
445 4031 481 4077 se
517 4009 630 4100 ipsum
659 4010 851 4099 perfectum
885 4010 1060 4096 existens3
1095 4008 1310 4101 quemadmo-

189 4140 224 4187 uu
244 4123 281 4189 et
302 4117 448 4188 verbum
470 4121 629 4186 nostrum
652 4117 764 4186 totius
787 4124 927 4187 nostrae
951 4117 1179 4207 cogitationis
1202 4118 1313 4186 refert

189 4227 370 4318 aginam...
384 4224 538 4294 Verbum
562 4223 678 4314 igitur
701 4224 812 4310 dixit,
839 4232 880 4294 ut
901 4224 969 4293 tibi
1000 4225 1162 4294 ostendat
1192 4222 1311 4293 Patris

191 4333 398 4404 cantionem
421 4331 575 4422 passioni
597 4354 666 4400 nou
689 4331 828 4416 subiici,
854 4337 958 4424 teque
981 4333 1102 4402 doceat
1124 4331 1224 4416 Filii,
1247 4329 1308 4423 qui

189 4438 306 4511 delicet
327 4440 425 4509 Deus
447 4443 524 4524 est,
549 4441 738 4528 perfectam
761 4439 984 4509 existentiam
1002 4439 1307 4526 (subsistentiam),

1156 4565 1172 4601 7
