3172 4950
653 346 691 362 -
712 315 773 377 349
793 347 831 362 -

188 427 275 492 atur
297 442 356 491 res
387 421 490 512 ipsa,
515 426 557 490 ut
578 426 634 492 est
656 421 864 509 obiective),
890 440 962 490 am
992 422 1118 491 relatio
1146 422 1267 492 diuina
1290 449 1332 493 ne

188 532 320 599 licetine
341 528 479 621 quidem
497 533 609 620 possit
619 530 860 620 praescindere
875 532 918 597 ab
936 530 1121 598 identitate
1136 557 1210 599 cum
1226 557 1330 601 escen·

188 642 225 721 le,
248 640 372 730 atique
394 661 543 726 persona
566 638 688 706 diuina
711 637 799 705 dicit
830 641 1002 728 integrum
1029 654 1220 728 conceptum
1243 641 1330 730 relc-

188 748 264 813 'om‘s
286 745 338 832 (h.
353 768 384 815 e.
399 746 477 836 ipse
499 746 624 815 relatio
647 746 822 815 autsimul
839 746 1037 815 substantia
1052 747 1186 832 divina,
1204 747 1331 817 relatio

188 855 404 925 ebetantialis
420 855 478 926 vel
501 855 700 925 substantia
714 855 881 942 relativa)
898 871 1071 947 tamquam
1085 856 1171 948 quid
1187 857 1331 946 simplex

188 978 195 1030 t
209 964 403 1055 perfectum
417 991 434 1026 r
453 964 591 1033 Pallav.
608 963 709 1033 Cure.
728 963 835 1033 theol.
855 965 881 1033 1.
899 964 1001 1033 VIII.
1021 987 1050 1034 c.
1072 965 1127 1034 54.
1144 989 1179 1033 u.
1194 965 1273 1034 412.

226 1071 423 1141 Secundum
446 1072 511 1141 has
533 1073 693 1142 notiones
715 1075 820 1164 paulo
843 1073 948 1142 aliter
973 1074 1108 1164 concipi
1123 1079 1238 1164 potest
1254 1097 1331 1142 con·

188 1180 300 1251 litutio
328 1181 470 1250 divinae
499 1203 665 1271 personae
693 1204 755 1271 per
785 1181 1001 1250 relationem.
1027 1182 1217 1251 Dummodo
1240 1183 1331 1251 enim

188 1288 410 1379 rprincipiis
433 1289 561 1380 positis
592 1290 732 1359 nomina
764 1295 858 1359 recte
888 1289 1159 1380 intelligantur,
1186 1312 1332 1380 persona

188 1394 282 1466 irino
303 1418 373 1464 non
395 1401 450 1465 est
472 1396 570 1464 aliud
591 1419 694 1488 quam
716 1397 823 1466 realis
846 1397 970 1463 relatio
996 1397 1128 1465 diviua.
1146 1397 1225 1466 Non
1241 1397 1331 1482 dieo,

188 1526 231 1575 ur
251 1526 325 1574 esse
347 1504 447 1573 aliud
466 1504 573 1596 'quam
597 1505 816 1585 relationem,
842 1504 902 1572 sed
928 1502 985 1572 aio
1014 1526 1083 1572 non
1106 1504 1204 1573 aliud
1228 1526 1332 1595 quam

188 1613 360 1682 aaronem
384 1611 551 1680 divinam.
569 1613 709 1681 Relatio
733 1612 824 1681 enim
845 1611 967 1679 divina
995 1634 1063 1679 non
1090 1619 1144 1680 est
1170 1613 1330 1682 accidens

188 1745 270 1816 aque
293 1723 377 1815 quid
397 1724 613 1792 abstractum
628 1744 651 1789 a
665 1721 789 1789 divina
809 1720 1020 1806 substantia,
1039 1720 1100 1789 sed
1116 1726 1169 1791 est
1184 1720 1333 1811 ipsamet

188 1829 283 1901 livine
305 1831 459 1899 essentia
480 1829 537 1897 vel
561 1829 771 1913 substantia,
790 1829 990 1898 substantia
1013 1829 1154 1919 inquam
1170 1852 1237 1897 nou
1255 1826 1329 1921 qui·

188 1936 240 2007 lem
259 1938 323 2006 sub
346 1935 488 2004 formali
510 1935 645 2005 ratione
668 1936 822 2004 absoluti
845 1936 905 2004 sed
937 1937 1001 2005 sub
1033 1936 1174 2004 formali
1196 1926 1333 2007 ratione

188 2046 322 2134 ulativi3
350 2044 638 2138 qnandoquidem,
664 2050 706 2114 ut
729 2065 829 2134 saepe
853 2044 921 2112 iam
941 2045 1006 2113 hoc
1022 2044 1233 2135 principium
1252 2047 1331 2113 fun-

188 2152 355 2224 lementale
377 2152 652 2236 enuntiavimus,
678 2151 827 2241 ipsamet
854 2151 1114 2241 simplicissima
1137 2152 1260 2222 divina
1275 2175 1332 2222 en·

188 2261 251 2331 ibis
270 2262 375 2331 habet
398 2261 504 2329 simul
526 2267 603 2330 tum
625 2260 795 2329 rationem
824 2259 977 2329 absoluti
1001 2265 1051 2346 (et
1075 2261 1125 2330 sic
1148 2267 1203 2329 est
1227 2282 1267 2330 ac
1282 2261 1333 2330 di·

188 2367 257 2439 em
277 2369 432 2438 essentia
455 2390 525 2437 una
547 2367 708 2436 absoluta
731 2374 767 2436 et
789 2367 1102 2455 communicabilis)
1125 2375 1201 2437 tum
1227 2369 1333 2438 ratio·

188 2498 242 2548 rem
261 2477 424 2562 relativi,
451 2482 487 2546 et
509 2476 647 2570 quidem
678 2477 785 2544 trium
805 2477 869 2545 sub
892 2476 957 2544 hac
976 2477 1116 2545 formali
1131 2477 1266 2546 ratione
1282 2478 1332 2546 in·

188 2586 273 2658 ricem
295 2586 542 2655 distinctorum
565 2584 806 2667 relativorum.
828 2584 887 2653 Sic
911 2607 993 2652 vero
1010 2585 1163 2655 essentia
1186 2586 1249 2652 sub
1265 2586 1333 2654 fcr-

188 2695 249 2764 nali
268 2695 403 2764 ratione
421 2693 665 2762 substantialis
684 2692 868 2762 relationis
883 2699 938 2761 est
953 2692 1076 2761 divina
1092 2714 1250 2783 persona;
1270 2694 1334 2763 sub

188 2804 295 2872 suone
319 2801 425 2871 unius
448 2801 699 2870 determinatae
723 2799 905 2868 relationis
933 2799 1179 2869 substantialis
1196 2806 1249 2868 est
1264 2822 1335 2868 una

188 2932 317 3001 peona,
344 2911 409 2978 sub
431 2909 567 2978 ratione
589 2908 738 2976 alterius
762 2907 1011 2976 determinatae
1042 2908 1225 2976 relationis
1256 2910 1333 2977 sub·

188 3018 343 3088 muralis
353 3022 409 3087 est
419 3016 533 3085 altera
547 3036 706 3105 persona:
720 3015 836 3099 Pater,
852 3015 979 3099 Filius,
996 3014 1151 3106 Spiritus
1168 3016 1330 3085 Sanetus.

188 3122 375 3216 degreditur
397 3126 533 3195 scilicet
560 3129 636 3193 tota
659 3123 851 3192 declaratio
866 3123 911 3191 ad
926 3122 1137 3213 principium
1155 3123 1237 3199 fidei
1252 3124 1333 3192 defi·

188 3230 286 3319 sitnm,
311 3234 403 3303 unde
426 3255 612 3324 progressa
633 3238 707 3301 est:
736 3229 917 3298 cessantia
941 3231 1019 3317 (sub
1043 3231 1182 3300 formali
1198 3232 1334 3302 ratione

188 3342 332 3411 mantiae
353 3341 548 3426 absolutae)
572 3345 709 3409 nonest
725 3360 896 3429 generans
918 3360 1028 3429 neque
1045 3339 1166 3428 genita
1181 3362 1243 3409 nec
1259 3364 1336 3432 pro-

188 3448 296 3536 ludens,
322 3450 382 3519 sed
407 3450 486 3535 (sub
509 3448 650 3518 formali
672 3447 809 3516 ratione
824 3446 986 3531 relativi)
1009 3453 1064 3514 est
1079 3447 1184 3516 Pater
1201 3448 1262 3540 qni
1277 3471 1334 3539 ge·

189 3564 275 3643 urat,
300 3564 336 3627 et
358 3557 475 3626 Filius
499 3557 560 3649 qui
583 3556 756 3645 gignitur,
776 3560 812 3622 et
828 3553 987 3644 Spiritus
1004 3553 1155 3623 Sanctus
1179 3556 1240 3646 qui
1258 3578 1334 3645 pro·

190 3663 299 3735 ulit».
318 3666 546 3749 Quamobrem
567 3688 644 3733 cum
668 3683 815 3753 persona
830 3660 953 3729 divina
969 3683 1038 3728 non
1053 3660 1107 3729 sit
1116 3660 1213 3728 aliud
1232 3682 1335 3752 qnam

191 3764 285 3842 lirina
314 3773 441 3843 relatio
473 3771 740 3855 substantialis,
767 3793 829 3838 seu
859 3768 985 3838 relatio
1015 3769 1233 3838 identificata
1256 3792 1334 3838 cum

189 3884 323 3968 mentia,
349 3904 412 3950 seu
434 3881 586 3950 essentia
609 3881 674 3948 sub
697 3877 839 3946 formali
861 3876 997 3945 ratione
1019 3876 1227 3963 relationis,
1253 3900 1335 3948 sane

188 3999 308 4067 ursona
330 3989 456 4059 divina
476 3995 571 4058 recte
595 3987 727 4057 dicitur
751 3984 920 4055 constitui
942 3982 1112 4054 relatione
1136 3984 1200 4073 (l).

223 4169 258 4245 (1)
277 4174 498 4242 «Proprietates
517 4175 683 4240 personales
699 4163 882 4243 (relationes)
896 4182 952 4219 nou
971 4168 1013 4221 sic
1024 4168 1233 4236 intelliguntur
1252 4171 1337 4225 adve-

188 4253 231 4314 'lts
246 4262 355 4317 divinis
373 4263 596 4330 hypostasibus,
623 4263 698 4316 sicut
717 4262 807 4314 forma
826 4256 970 4321 subiecto,
993 4257 1042 4309 sed
1061 4258 1159 4312 ferunt
1178 4275 1270 4314 secum
1284 4274 1336 4314 sua

188 4352 330 4497 {vellaus
351 4354 382 4406 in
392 4355 541 4496 galim
560 4356 629 4407 sunt
646 4353 727 4419 ipsas
745 4341 927 4424 (relationes)
953 4361 1090 4414 personae
1116 4349 1307 4404 substatentes
1320 4370 1333 4397 ι

194 4473 201 4489 ·
247 4460 300 4499 orn.
331 4460 380 4511 .q.
431 4459 478 4498 .a.
507 4481 514 4496 .
