3172 4950
469 456 843 573 TRACTATUS

154 704 222 785 ou
251 703 358 785 ouo
386 698 544 782 ramo
572 695 859 779 suoououu
886 692 1153 775 cussonis

501 904 818 956 -ss-amoxoomm

552 1083 704 1158 SECTIO
732 1084 758 1156 l.

459 1229 645 1289 oboram
663 1227 860 1286 caveam

250 1362 294 1408 DE
314 1358 458 1408 UNH‘Al'E
473 1357 630 1405 aarum
646 1358 688 1403 ΕΤ
704 1356 806 1403 asem
822 1354 1054 1406 nrsrmcalomt

444 1437 665 1486 remotum
680 1434 870 1484 mvlmuu

553 1557 706 1628 CAPUT
729 1557 762 1627 I.

195 1714 358 1759 nocrarun
379 1711 626 1758 scarrruaaaou
644 1710 815 1754 sncnsnou
833 1709 875 1752 or
894 1708 958 1753 nno
976 1708 1116 1753 ousrern

516 1802 558 1843 nr
575 1770 813 1843 nrsrmomoun'

509 1992 521 2013 ,
560 1922 705 1983 Tuasss
727 1924 752 1983 1.

197 2053 374 2114 Nomerico
393 2052 508 2111 caitae
528 2049 662 2111 deitatis
683 2049 721 2107 in
742 2048 900 2108 uniuersa
919 2048 1118 2109 revelatione
1134 2098 1136 2102 ,

286 2154 370 2213 siout
382 2152 502 2212 veteris
516 2151 566 2210 itc
578 2151 658 2209 noui
675 2147 875 2209 Testamenti
888 2147 1032 2209 docetur.

138 2337 249 2389 cneum
268 2349 355 2387 nnnm
374 2345 511 2386 essenon
529 2328 642 2384 unitate
669 2328 800 2397 specifica
819 2327 870 2381 sed
888 2327 1002 2381 unitate
1025 2327 1247 2393 singularitatis

71 2442 147 2481 rnen
165 2425 319 2489 numerica,
346 2425 376 2476 in
402 2421 580 2476 revelatione
602 2420 712 2473 veteris
732 2421 762 2473 et
779 2419 849 2473 novi
867 2418 1044 2472 Testamenti
1062 2420 1246 2475 manifestum

68 2539 81 2553 ·
96 2520 159 2583 est;
179 2515 256 2570 unde
275 2515 376 2582 quiin
395 2512 582 2566 distinctione
605 2510 770 2564 divinornm
795 2524 982 2577 personarum
1008 2508 1095 2562 etiarn
1114 2513 1245 2565 naturam

69 2630 80 2641 ·
95 2606 312 2672 distinguerent
330 2607 360 2658 et
377 2604 481 2671 quavis
500 2602 647 2656 doctrinae
666 2600 888 2654 conformatione
908 2600 981 2652 Deos
999 2604 1201 2668 numerarent,
1222 2601 1246 2654 li

69 2693 346 2764 »comperiretur
364 2695 433 2748 sunt
452 2709 469 2747 a
487 2692 699 2747 fundamentali
723 2690 852 2756 dogmate
871 2690 963 2745 totins
991 2689 1181 2745 revelationis
1199 2688 1245 2744 de·

71 2785 209 2839 »temese
226 2805 240 2833 n

133 2932 303 3004 Doctrina
325 2930 367 3001 ds
397 2930 536 3001 unitate
567 2928 707 2999 divinae
737 2915 886 3000 naturae
917 2936 954 3000 et
982 2930 1175 3001 universim
1203 2931 1245 3002 de

67 3040 341 3135 perfectionibus
362 3039 428 3110 Dei
450 3037 622 3107 absolutis
637 3042 862 3129 praestructa
884 3039 922 3108 in
942 3044 1100 3110 tractatu
1117 3038 1158 3108 de
1172 3041 1243 3109 Deo

68 3176 133 3217 iano
155 3149 214 3219 hio
237 3147 376 3240 quidem
398 3152 575 3238 tamquam
599 3147 865 3217 fundamentum
889 3148 1110 3239 supponitur.
1135 3148 1242 3218 Reve-

67 3257 155 3326 latio
176 3258 268 3327 enim
291 3256 334 3327 de
356 3255 582 3325 distinctione
612 3277 836 3346 personarum
868 3256 958 3326 hano
989 3257 1161 3327 unitatem
1191 3257 1243 3327 in·

68 3363 202 3449 eludit,
227 3370 263 3433 et
285 3362 356 3432 nisi
378 3363 464 3432 haec
486 3368 654 3453 perpetuo
677 3363 719 3430 ob
742 3362 859 3445 oculos
882 3362 1065 3450 habeatnr,
1091 3365 1169 3456 ipsa
1191 3364 1243 3433 di·

68 3472 211 3541 stinctio
233 3470 392 3560 intelligi
412 3493 481 3538 non
503 3475 630 3561 potest,
649 3470 744 3539 utin
761 3469 946 3562 Scriptura
968 3476 1004 3540 et
1025 3471 1171 3541 Petrum
1186 3493 1243 3540 ex·

68 3579 255 3671 plicatione
282 3578 411 3648 iudea
439 3578 653 3670 temporibus
682 3578 883 3669 apostolicis
916 3578 1126 3648 continetur.
1152 3579 1244 3650 Hinc

68 3712 154 3779 opus
176 3694 232 3757 est
253 3693 471 3779 perspectum
494 3687 627 3757 habore
652 3688 816 3773 modum,
843 3710 910 3780 qno
938 3687 1135 3780 Scriptura,
1161 3687 1244 3756 fidei

67 3797 297 3888 professiones
320 3802 356 3865 et
379 3795 443 3865 SS.
457 3795 580 3865 Patres
603 3794 669 3864 illa
691 3796 896 3886 praesertim
924 3801 1057 3881 aetate,
1092 3816 1161 3888 qua
1191 3795 1243 3865 di-

67 3905 210 3975 stinctio
232 3925 460 3996 personarum
482 3903 702 3994 potissimum
731 3909 768 3972 et
794 3905 868 3973 fere
897 3904 999 3974 unice
1027 3903 1244 3972 defendenda

66 4020 154 4099 erat,
175 4013 266 4083 banc
289 4011 472 4082 veritatem
494 4011 647 4081 unitatis
669 4019 866 4103 supponant
888 4017 925 4082 et
947 4016 1142 4104 proponant
1154 4017 1242 4081 tam-

67 4143 169 4215 qnam
192 4120 488 4191 fundamentalem
512 4126 549 4190 et
571 4121 646 4189 sino
668 4121 907 4191 controversia
936 4143 1040 4212 penes
1063 4143 1180 4190 omnes
1202 4120 1242 4187 fi-

66 4230 160 4301 deles
176 4230 418 4302 certissimam.
436 4229 541 4300 Sicut
563 4230 653 4298 enim
676 4229 838 4299 doctrina
853 4227 1092 4298 distinotionis
1104 4227 1244 4319 perficit

65 4338 339 4430 intelligentiam
362 4338 536 4425 unitatis,
561 4338 616 4407 ita
631 4336 788 4408 vicissim
802 4338 1016 4429 praedicatio
1032 4338 1181 4408 unitatis
1199 4337 1242 4405 il-

64 4450 198 4520 lustrat
219 4446 514 4539 praedicationem
544 4446 803 4535 distinotionis,
829 4446 861 4517 si
884 4445 1021 4538 quando
1043 4447 1168 4515 Patres
1199 4444 1241 4513 de

1129 4553 1147 4586 s
