3172 4950
662 347 840 412 -469-

197 452 345 525 biuros
368 455 458 548 loyce
480 454 660 549 γεγονεναι),
678 462 793 532 videri
809 485 1017 554 repugnare,
1037 464 1129 557 quod
1144 464 1333 558 aliquando

197 566 223 634 iu
239 566 423 657 scripturis
438 567 592 656 Spiritus
608 568 758 639 Sanctus
772 571 999 660 praeponitur
1013 571 1164 657 Christo,
1184 580 1220 642 et
1234 573 1333 644 Chri·

198 678 253 742 stus
270 673 394 743 missus
416 674 548 744 dicitur
577 697 599 743 a
629 675 766 766 Spiritu
790 677 929 748 Sancto.
957 678 1147 769 Responsio
1170 680 1333 771 Origenis

197 784 236 848 est
251 780 373 865 udem,
399 802 502 872 quum
525 803 630 871 supra
653 787 700 872 (p.
717 783 796 851 457.
809 784 891 870 458)
914 784 1082 870 dedimus,
1107 786 1145 854 in
1167 785 1224 855 his
1246 782 1351 858 locis'

199 908 356 957 sermonem
377 910 451 956 esse
474 887 516 956 de
532 887 671 957 Christo
690 890 878 959 secundum
900 890 1085 960 humanam
1109 915 1207 961 suam
1229 900 1330 965 natu·

197 1014 252 1063 ran
268 995 314 1082 (1)
337 994 478 1084 Origen.
497 994 583 1087 Opp.
611 997 707 1065 Tom.
733 996 797 1066 IV.
819 1021 852 1089 p.
879 998 1001 1066 aaut.
1027 999 1116 1068 Item
1138 999 1332 1090 Dionysius

197 1101 287 1172 ileu:
313 1103 459 1172 «Filius
480 1126 548 1171 non
572 1110 754 1194 separatur
776 1105 959 1176 aPetre...
981 1109 1019 1172 in
1042 1109 1197 1176 manibus
1220 1123 1332 1176 autem

197 1209 308 1279 mmm
322 1226 372 1279 est
383 1205 548 1302 Spiritus,
565 1213 629 1302 qui
643 1236 750 1303 neque
766 1237 788 1279 a
802 1215 957 1280 mittente
973 1238 1079 1305 neque
1096 1239 1118 1281 a
1130 1216 1268 1302 serente
1280 1217 1330 1302 (2)

196 1323 323 1407 ιφιιανι·
342 1334 483 1408 potest»
509 1320 616 1410 (apud
637 1319 810 1388 Athenas.
828 1321 870 1388 de
886 1326 1034 1390 sentent.
1051 1321 1198 1412 Dionys.
1218 1347 1254 1391 u.
1273 1324 1328 1394 17.

197 1421 228 1491 i.
236 1425 261 1494 Ι.
272 1451 303 1518 p.
317 1427 410 1512 255).
424 1424 634 1516 Expressius
649 1425 763 1494 adhuc
775 1424 933 1518 loquitur
945 1428 1331 1517 Gregor.Thuumatur-

194 1533 320 1618 gusioco
331 1535 439 1604 citato
451 1556 558 1625 supra
569 1558 604 1624 p.
616 1534 692 1602 149.
716 1534 804 1603 Tum
815 1535 1070 1624 Apollinariue:
1097 1536 1329 1606 «confitemur

193 1655 275 1710 unum
283 1643 394 1712 Deum
409 1664 573 1711 verum...
587 1648 623 1711 et
637 1663 743 1711 unum
757 1640 889 1709 Filium
901 1643 1011 1711 Deum
1021 1642 1063 1712 de
1072 1642 1143 1713 Deo
1155 1666 1279 1714 vero...
1294 1652 1331 1716 et

190 1760 273 1818 unum
283 1758 411 1821 natura
422 1757 458 1820 et
470 1749 619 1819 veritato
629 1749 799 1839 Spiritum
808 1749 975 1819 Sanctum
987 1752 1329 1822 omneseenctifioan·

189 1850 243 1924 itu
259 1864 292 1927 et
313 1856 543 1941 deificantem,
557 1856 618 1948 qui
633 1856 757 1925 existit
772 1880 813 1923 ex
828 1857 1022 1924 substantia
1035 1858 1101 1924 Dei
1118 1883 1182 1947 per
1197 1861 1329 1927 Filium

189 1947 296 2052 [werpe
313 1965 447 2057 ὕπαρχον
458 1961 491 2030 ἐκ
504 1987 555 2037 της
571 1960 672 2037 inuras
687 1987 738 2030 του
753 1965 827 2029 θεον
843 1959 879 2029 δι’
891 1957 1011 2053 dcv)...
1022 1965 1136 2033 omnia
1149 1988 1232 2035 vero
1246 1991 1323 2058 pro·

189 2058 304 2143 itenur
326 2080 444 2144 crecta
464 2072 569 2140 aDeo
591 2095 652 2162 per
666 2071 797 2140 Filium
822 2063 871 2160 (δι’
887 2067 960 2157 beo)
975 2070 1012 2140 in
1021 2071 1158 2161 Spiritu
1171 2073 1325 2143 Sanctus

188 2191 281 2258 penes
305 2183 429 2251 Leont.
455 2180 491 2248 in
518 2178 684 2272 Spicileg.
712 2181 811 2249 Rom.
841 2179 942 2248 Card.
973 2178 1045 2247 Mai
1072 2180 1113 2249 Τ.
1139 2182 1184 2250 X.
1210 2182 1250 2250 P.
1275 2181 1326 2253 H.

191 2331 199 2346 ·
217 2290 290 2377 148,
306 2289 398 2376 149).

232 2398 282 2467 At
301 2396 550 2468 demonstratio
579 2393 793 2466 luculentior
824 2393 905 2464 fidei
935 2392 1113 2463 Ecclesiae
1147 2393 1241 2464 circa
1263 2395 1328 2466 hoc

188 2511 269 2594 lput
290 2505 468 2574 doctrinae
490 2503 638 2594 petenda
660 2508 777 2571 estex
801 2506 915 2570 aetate
937 2502 1176 2593 subsequente,
1191 2503 1328 2594 quaudo
1380 2567 1383 2571 ,

192 2613 307 2682 1nulta
322 2610 367 2680 ad
390 2612 491 2680 iidem
507 2610 713 2681 catholicam
736 2609 959 2700 pertinentia,
979 2610 1059 2678 dum
1075 2609 1327 2679 haereticorum

187 2715 291 2791 ulida
311 2717 553 2812 inquietudine
571 2717 853 2808 exagitabantur,
874 2723 916 2786 ut
934 2718 1102 2787 adversus
1116 2741 1174 2787 eos
1188 2718 1327 2787 defendi

187 2833 312 2912 ment,
336 2833 373 2897 et
395 2825 701 2895 considerabuntur
725 2823 952 2914 diligentius,
978 2830 1014 2893 et
1036 2823 1327 2912 intelligebantur

187 2935 305 3020 arius,
328 2939 366 3004 et
386 2932 578 3001 instantius
604 2930 896 3021 praedicabuntur
909 2957 941 3014 n,
966 2935 1007 2999 ut
1029 2930 1187 3022 loquitur
1201 2930 1326 3020 Augu·

187 3039 276 3113 unus
296 3041 374 3112 civ.
388 3039 454 3109 Dei
468 3039 568 3108 XVI.
586 3040 619 3107 2.
637 3037 898 3128 Quamprimum
917 3036 1101 3127 ampliores
1115 3037 1198 3106 illae
1214 3038 1326 3107 decla·

220 3272 257 3349 (1)
273 3277 412 3333 Eusebius
430 3272 963 3343 praeparatarum.vr1.c.15.et
981 3273 1115 3341 theolog.
1133 3274 1209 3328 Eccl.
1226 3273 1249 3328 1.
1267 3274 1323 3330 111.

199 3363 231 3419 8.
240 3366 437 3436 docetquidem
445 3365 550 3418 Filium
562 3380 623 3418 esse
636 3364 808 3432 principium
818 3363 946 3430 Spiritus
956 3362 1063 3430 Senotl;
1075 3363 1125 3417 sed
1136 3363 1161 3416 si
1175 3364 1206 3416 iu
1219 3366 1322 3432 Praep.

186 3466 272 3524 ναις.
285 3460 384 3526 posset
398 3456 489 3510 adhuc
514 3469 599 3508 sensu
617 3454 757 3507 catholico
775 3454 914 3519 intelligi,
935 3453 966 3506 in
986 3454 1138 3520 posteriori
1156 3456 1217 3508 loco
1237 3455 1325 3508 Thec-

185 3543 254 3604 'ssitt
275 3544 492 3599 Ecclesiasticae
514 3542 629 3596 videtur
651 3543 759 3595 Ariana
789 3541 934 3594 sententia
959 3542 1095 3609 Eusebii‚
1125 3541 1199 3607 quod
1228 3542 1324 3595 Filius

185 3633 301 3689 *suone
321 3633 491 3702 produxerit
508 3633 645 3685 universa
660 3636 689 3683 et
706 3632 738 3682 in
748 3630 795 3682 liis
814 3634 972 3682 creaturam
995 3629 1224 3682 excellentiorem
1236 3629 1324 3696 Spiri·

185 3719 373 3777 lmSanctum.
384 3721 532 3787 origenem
555 3719 650 3771 eodem
670 3732 755 3771 sensu
774 3719 908 3770 nonnulli
931 3718 1016 3769 etiam
1038 3718 1094 3768 PP.
1112 3716 1323 3778 intellexerunt

185 3812 191 3847 ³
211 3813 310 3869 umoris
325 3810 508 3864 damnarunt.
520 3806 666 3875 Quidquid
680 3823 746 3860 vero
768 3806 801 3858 de
814 3806 866 3859 hcc
884 3806 1004 3871 sentiae,
1019 3809 1093 3858 certe
1114 3804 1242 3857 haeresis
1267 3805 1323 3858 ille

185 3901 221 3943 '¹⁸
239 3901 345 3955 Aniena
371 3899 403 3952 de
420 3898 530 3967 Spiritu
553 3896 656 3951 Sancto
677 3896 845 3963 procedente
868 3911 885 3947 a
906 3894 983 3947 Filio
1003 3909 1053 3962 per
1074 3894 1244 3948 erectionem
1265 3908 1321 3948 uon

186 3974 200 4023 i
228 3991 288 4043 uisi
311 3990 437 4043 detorsio
461 4003 562 4042 sensus
582 3991 611 4039 et
629 4002 782 4040 consensus
795 3987 945 4039 Doctorum
959 3984 1101 4037 Ecclesiae
1119 3984 1274 4038 catholicae
1288 3982 1322 4036 de

185 4072 333 4132 '⁰00esicue
352 4076 479 4144 Spiritus
499 4075 597 4128 Sancti
616 4089 651 4127 ex
666 4074 751 4140 Filio,
771 4075 800 4127 h.
812 4089 836 4128 e.
849 4089 884 4125 ex
904 4074 1069 4126 substantia
1086 4072 1184 4126 Putris
1205 4077 1236 4125 et
1250 4072 1322 4126 Filii

184 4160 196 4198 ²
220 4175 261 4220 ox
281 4167 446 4221 substantia
467 4166 564 4219 Patris
577 4156 580 4163 ’
586 4180 637 4232 per
656 4164 772 4216 Filium.
1213 4168 1217 4175 '

195 4238 251 4326 (2)
268 4256 334 4311 Suis
357 4257 454 4310 verbis
472 4240 649 4332 Athanasius
666 4254 719 4306 hoc
735 4254 779 4306 itu
798 4250 944 4319 exprimit:
961 4273 973 4299 u
989 4250 1116 4320 Spiritus
1134 4250 1255 4304 Sanctus
1268 4248 1320 4316 qul

184 4357 186 4367 ’
207 4337 358 4401 emunctio
376 4341 555 4418 (ἐκπορευμα)
574 4343 681 4410 Pctus,
703 4356 812 4410 semper
831 4344 876 4395 eet
893 4342 1076 4421 immeritus
1089 4340 1187 4394 Patris
1204 4338 1319 4392 mitten·

200 4434 246 4487 et
260 4434 330 4490 riui
348 4434 473 4490 larentia
485 4453 498 4484 ι
519 4433 652 4502 Exponit.
663 4430 729 4486 ildei
749 4448 777 4485 n.
788 4432 815 4484 4.
