3172 4950
675 362 713 376 ..
735 328 796 393 555
816 363 854 376 -

176 446 224 506 est
257 440 410 527 operatio
444 440 599 528 Spiritus
635 435 674 527 (i
694 434 825 533 ἑνεργεια
844 462 896 504 του
931 438 1117 529 πνευματος)
1155 444 1192 512 in
1226 447 1344 515 anima

176 545 342 614 munda...
371 548 500 615 Oratio
527 549 569 615 ab
597 572 632 616 eo
661 573 828 632 mancos,
857 547 936 616 dam
957 542 1115 639 'Spiritus
1140 553 1278 620 habitat
1305 556 1344 620 ia

176 652 290 742 lipsio
313 668 345 720 et
359 677 422 720 aaa
445 656 497 720 itt
520 670 695 745 operatur,
721 663 814 726 recte
830 655 963 726 dicitur
979 656 1091 728 inesse
1112 659 1158 728 iis
1181 661 1242 752 qui
1266 661 1343 751 Spi-

176 760 264 831 ritus
287 768 372 831 sunt
395 785 578 853 capaces...
597 766 664 834 Ubi
685 765 805 855 gratia
820 786 910 857 quae
925 757 969 833 ab
984 766 1061 857 ipso
1080 774 1156 853 est,
1183 769 1344 839 accedere

176 892 210 939 ao
237 890 363 938 rursus
386 873 545 942 recedere
561 878 687 963 potest,
713 873 853 964 proprie
876 879 913 941 et
937 895 1019 943 vere
1042 874 1156 945 inesse
1175 876 1307 947 dicitur
1321 906 1338 941 n

176 978 210 1046 le
231 977 370 1067 Spiritu
394 977 522 1047 Sancto
545 1002 575 1048 c.
591 979 648 1047 26.
662 1003 698 1047 n.
717 979 772 1048 61.
792 979 846 1047 63.

237 1083 274 1152 S.
294 1083 454 1173 Cyrillus
478 1085 600 1162 multis
617 1086 655 1154 in
674 1087 763 1155 locis
786 1087 827 1155 de
845 1086 911 1156 hac
932 1087 1205 1179 participatione
1228 1090 1340 1182 loqui-

176 1214 240 1277 tur,
263 1193 323 1262 sed
346 1200 383 1262 et
401 1194 474 1284 ipse
489 1216 558 1262 non
575 1194 691 1263 minus
706 1194 800 1264 clara
822 1194 1015 1284 distinguit
1036 1196 1341 1288 participationem

176 1322 314 1385 τχετικην
328 1323 389 1370 seu
404 1301 566 1371 unionem
589 1302 786 1387 amicitiae,
819 1324 887 1391 qua
910 1304 1010 1372 nobis
1029 1303 1152 1373 unitur
1175 1304 1252 1395 ipsa
1266 1329 1342 1396 par-

176 1429 255 1476 rona
282 1408 404 1478 divina
419 1458 427 1493 ,
445 1415 482 1477 et
503 1407 807 1499 participationem
834 1409 1015 1479 formalem
1038 1411 1098 1479 scd
1125 1411 1343 1500 analogicum

176 1514 312 1585 livinae
336 1521 484 1583 naturae
512 1537 573 1605 por
598 1516 724 1583 donum
751 1514 967 1584 inhaerentis
997 1517 1147 1606 gratiae.
1174 1518 1341 1587 Pneuma·

176 1623 323 1692 tomachi
343 1629 511 1713 negantes
539 1622 764 1694 divinitatem
795 1623 952 1714 Spiritus
969 1624 1103 1710 Sancti,
1120 1647 1159 1695 eo
1183 1625 1259 1715 ipso
1283 1649 1340 1696 nc·

176 1733 303 1822 gabant
318 1733 417 1800 nobis
440 1731 688 1801 communicari
713 1732 823 1822 ipsam
843 1755 1024 1822 personam
1048 1733 1203 1824 Spiritus
1217 1733 1340 1804 Sancti

176 1836 242 1920 ita,
269 1840 311 1904 ut
333 1835 469 1904 ratione
494 1834 601 1903 huius
626 1833 766 1902 unionis
794 1834 966 1924 possimus
989 1834 1060 1905 dici
1085 1843 1261 1906 consortes
1290 1837 1341 1904 di-

176 1944 274 2012 uinae
288 1949 447 2028 naturae,
463 1942 498 2011 h.
514 1966 544 2011 c.
571 1941 749 2012 coniuncti
765 1944 849 2028 Deo,
864 1965 903 2012 eo
922 1944 1012 2035 quod
1036 1943 1145 2013 simus
1163 1943 1342 2013 coniuncti

176 2049 323 2141 'spiritui
343 2051 493 2138 Sancto;
524 2050 701 2140 negabant
726 2049 832 2119 ctiam
860 2050 1013 2139 gratiam
1033 2055 1070 2119 et
1090 2050 1339 2120 sanctificatio·

176 2181 245 2228 rem
269 2182 342 2228 csse
363 2158 540 2248 aSpiritu
564 2164 742 2249 tamquam
765 2158 1001 2227 essentialiter
1018 2160 1158 2244 Sancto,
1183 2159 1338 2250 adeoque

176 2269 210 2333 ut
237 2286 258 2331 a
278 2286 384 2334 causa
398 2264 568 2355 prinoipe;
591 2266 651 2333 sed
671 2263 907 2349 affirmabant,
933 2265 1042 2333 solam
1066 2266 1219 2355 gratiam
1241 2264 1340 2333 nobis

176 2373 435 2458 communicari,
457 2378 493 2442 et
519 2372 810 2442 communicaris
836 2372 975 2462 Spiritu
998 2372 1128 2442 Sancto
1162 2378 1340 2464 tamquam

176 2504 188 2549 a
220 2503 326 2551 causa
346 2480 543 2551 extrinseca
563 2487 600 2550 et
622 2504 689 2549 nou
717 2480 817 2549 nobis
834 2479 1057 2548 inhabitante
1080 2484 1340 2570 attamquama

176 2612 277 2659 eausa
301 2589 538 2658 ministeriali.
564 2589 694 2659 Contra
720 2612 777 2658 eos
801 2588 959 2677 (tyrillus
982 2594 1057 2658 toto
1084 2588 1224 2677 dialogo
1254 2587 1338 2657 VII.

176 2704 205 2768 et
240 2698 327 2766 alibi
352 2720 420 2766 non
451 2698 572 2790 utique
598 2703 707 2788 negat
734 2695 1075 2766 communicationem
1099 2696 1254 2785 gratiae;
1280 2695 1341 2764 sed

176 2807 317 2897 probat,
335 2806 447 2896 ipsam
462 2828 644 2896 personam
658 2804 815 2896 Spiritus
828 2802 950 2874 Sancti
966 2803 1066 2873 nobis
1084 2803 1283 2872 inhabitare
1306 2807 1342 2871 ct

176 2906 341 3004 perhanc
363 2913 652 2983 inhabitationem
675 2936 737 2982 nos
759 2936 834 2983 esse
856 2935 1003 3000 σχετικως
1036 2911 1226 3002 participes
1250 2909 1339 2981 divi-

176 3045 233 3091 rae
253 3028 401 3091 naturae
426 3022 461 3091 h.
487 3045 517 3091 e.
550 3045 627 3091 cum
648 3022 720 3090 Deo
742 3021 818 3111 ipso
843 3021 1067 3104 coniunctos,
1094 3024 1173 3087 eta
1202 3017 1341 3109 Spiritu

176 3130 298 3198 lanato
314 3129 535 3199 inhabitante
558 3152 632 3199 ease
663 3128 974 3198 sanctificationem
1007 3131 1162 3195 nostram
1192 3148 1234 3193 ex
1261 3147 1338 3215 pro-

176 3238 248 3329 pria
272 3237 428 3328 Spiritus
462 3237 597 3307 virtute
620 3259 698 3305 non‘
717 3259 799 3308 vero
822 3243 864 3306 ut
888 3257 910 3304 a
933 3256 1038 3305 causa
1066 3232 1305 3302 ministeriali.

234 3343 469 3415 collocutores
499 3351 584 3414 sunt
610 3344 770 3434 Cyrillus
789 3344 823 3412 A
847 3349 884 3413 et
904 3343 1067 3412 Hermiae
1091 3343 1136 3425 B,
1164 3342 1225 3434 qui
1247 3341 1342 3412 inter

176 3459 286 3524 actara
308 3452 363 3521 ita
389 3451 584 3543 disputant:
613 3451 695 3519 «A.
726 3452 827 3534 Quod
854 3452 1011 3521 divinam
1039 3450 1139 3519 nobis
1169 3449 1341 3540 imprimit

176 3562 353 3651 maginem
385 3565 421 3629 et
451 3559 627 3649 signaculi
655 3560 769 3628 instar
796 3558 1114 3649 supramundanam
1140 3556 1340 3647 pulchritu-

176 3670 283 3739 liuem
305 3668 431 3754 inserit
443 3670 506 3757 (l),
529 3691 641 3737 uonna
657 3667 814 3758 Spiritus
838 3666 919 3735 est?
944 3666 988 3734 B.
1006 3665 1057 3733 At
1079 3686 1147 3732 non
1164 3668 1340 3753 tamquam

219 3822 262 3900 (l)
281 3845 310 3877 το
332 3830 362 3883 on
382 3822 514 3882 sorbetur
535 3824 596 3894 ripen
609 3820 775 3894 ε’γχαραττον
793 3819 881 3874 r'raora
897 3841 940 3872 και
963 3837 1115 3891 σημακτρου
1129 3821 1201 3874 diruo
1215 3813 1340 3888 ε’μποιουν

176 3936 196 3967 ro
218 3915 392 3985 ύπερκοσμιον
413 3918 520 3973 καλλος.
530 3911 731 3976 Distinguitur
745 3911 820 3964 clare
832 3909 1010 3974 signaculum
1023 3926 1174 3979 σημαντρον
1186 3905 1342 3959 efficienter

178 4004 332 4072 mprimens
347 4006 377 4056 at
396 4002 489 4066 imago
509 4002 648 4068 impressa
670 4004 703 4053 nt
722 4001 847 4053 effectus.
873 3997 977 4052 Eodem
997 4012 1082 4051 sensu
1104 3998 1134 4048 et
1158 4011 1219 4049 cum
1240 3994 1341 4047 lunda·

176 4097 261 4147 nanto
280 4094 311 4146 in
330 4093 404 4161 ipsis
424 4091 582 4165 Scripturis
600 4091 656 4144 PP.
670 4091 723 4144 alii
736 4090 877 4157 Spiritum
890 4088 1023 4143 Sanctum
1037 4087 1187 4154 appellant
1206 4085 1340 4149 signacu-

177 4199 225 4237 um
245 4199 300 4251 quo
320 4182 357 4237 ad
373 4182 526 4248 imaginem
549 4181 659 4235 christi
685 4180 879 4247 reformamur,
892 4181 1067 4244 unguentum
1081 4191 1136 4244 quo
1159 4176 1294 4240 ungimur
1307 4189 1339 4228 aa
1419 4208 1422 4213 -

176 4288 372 4340 :onsecramun
386 4271 576 4337 fragrantiam
587 4286 643 4338 qua
653 4270 763 4323 Christi
777 4270 867 4323 bonus
881 4267 950 4323 odor
960 4267 1103 4321 efficimur.
1117 4261 1189 4319 Vide
1198 4263 1340 4318 Athenas.

176 4362 201 4415 ul
220 4362 319 4429 Serap.
331 4378 376 4429 ep.
388 4363 409 4414 l.
421 4376 450 4414 n.
463 4361 513 4427 23,
534 4359 624 4413 Basil.
643 4362 734 4414 contr.
749 4352 861 4412 Itanon.
883 4360 905 4412 l.
924 4360 958 4412 V.
979 4374 1008 4424 p.
1029 4357 1093 4422 301;
1114 4354 1218 4421 (lyrill.
1234 4353 1339 4433 dialog.

176 4471 194 4520 r.
204 4451 268 4506 530.
277 4451 340 4504 554.
352 4450 417 4518 675;
429 4451 460 4504 in
469 4452 511 4504 Io.
520 4467 549 4517 p.
558 4450 620 4504 932.
628 4452 683 4504 eto.
695 4449 860 4504 Clarissimo
871 4448 899 4503 S.
908 4447 1099 4514 Hieronymus
1108 4445 1139 4498 in
1147 4444 1221 4512 Epir.
1233 4445 1285 4499 iv.
1294 4443 1339 4496 30.
