<?xml version="1.0" encoding="UTF-8"?>
<!DOCTYPE html PUBLIC "-//W3C//DTD XHTML 1.0 Transitional//EN"
    "http://www.w3.org/TR/xhtml1/DTD/xhtml1-transitional.dtd">
<html xmlns="http://www.w3.org/1999/xhtml" xml:lang="en" lang="en">
 <head>
  <title>
</title>
<meta http-equiv="Content-Type" content="text/html;charset=utf-8" />
  <meta name='ocr-system' content='tesseract 3.04.00' />
  <meta name='ocr-capabilities' content='ocr_page ocr_carea ocr_par ocr_line ocrx_word'/>
</head>
<body>
  <div class='ocr_page' id='page_1' title='image "./tractatusdedeot00frangoog/tractatusdedeot00frangoog_0363.png"; bbox 0 0 3172 4950; ppageno 0'>
   <div class='ocr_carea' id='block_1_1' title="bbox 208 295 1349 1680">
    <p class='ocr_par' dir='ltr' id='par_1_1' title="bbox 208 295 1349 1680">
     <span class='ocr_line' id='line_1_1' title="bbox 705 295 886 357; baseline -0.006 -13"><span class='ocrx_word' id='word_1_1' title='bbox 705 327 744 344; x_wconf 94' lang='grc'>..</span> <span class='ocrx_word' id='word_1_2' title='bbox 765 295 828 357; x_wconf 82' lang='lat'>352</span> <span class='ocrx_word' id='word_1_3' title='bbox 847 325 886 343; x_wconf 84' lang='grc'>.-</span> 
     </span>
     <span class='ocr_line' id='line_1_2' title="bbox 208 400 1345 495; baseline 0.005 -26"><span class='ocrx_word' id='word_1_4' title='bbox 208 400 253 470; x_wconf 90' lang='lat' dir='ltr'>ad</span> <span class='ocrx_word' id='word_1_5' title='bbox 276 400 448 486; x_wconf 89' lang='lat' dir='ltr'>alterum,</span> <span class='ocrx_word' id='word_1_6' title='bbox 474 401 534 470; x_wconf 86' lang='lat' dir='ltr'>sed</span> <span class='ocrx_word' id='word_1_7' title='bbox 558 400 664 471; x_wconf 88' lang='lat' dir='ltr'>etiam</span> <span class='ocrx_word' id='word_1_8' title='bbox 686 401 821 495; x_wconf 86' lang='lat' dir='ltr'>aliquid</span> <span class='ocrx_word' id='word_1_9' title='bbox 844 402 1064 490; x_wconf 87' lang='lat' dir='ltr'>absolutum,</span> <span class='ocrx_word' id='word_1_10' title='bbox 1089 403 1145 473; x_wconf 90' lang='lat' dir='ltr'>ita</span> <span class='ocrx_word' id='word_1_11' title='bbox 1165 407 1205 473; x_wconf 87' lang='lat' dir='ltr'>et</span> <span class='ocrx_word' id='word_1_12' title='bbox 1223 403 1263 474; x_wconf 88' lang='lat' dir='ltr'>in</span> <span class='ocrx_word' id='word_1_13' title='bbox 1284 404 1345 476; x_wconf 87' lang='lat' dir='ltr'>Deo</span> 
     </span>
     <span class='ocr_line' id='line_1_3' title="bbox 209 507 1349 602; baseline 0.004 -24"><span class='ocrx_word' id='word_1_14' title='bbox 209 508 268 578; x_wconf 90' lang='lat' dir='ltr'>sed</span> <span class='ocrx_word' id='word_1_15' title='bbox 292 513 408 576; x_wconf 88' lang='lat' dir='ltr'>tamen</span> <span class='ocrx_word' id='word_1_16' title='bbox 431 507 537 577; x_wconf 91' lang='lat' dir='ltr'>aliter</span> <span class='ocrx_word' id='word_1_17' title='bbox 558 514 595 577; x_wconf 89' lang='lat' dir='ltr'>et</span> <span class='ocrx_word' id='word_1_18' title='bbox 617 509 734 578; x_wconf 87' lang='lat' dir='ltr'>aliter.</span> <span class='ocrx_word' id='word_1_19' title='bbox 766 509 857 579; x_wconf 88' lang='lat' dir='ltr'>Nam</span> <span class='ocrx_word' id='word_1_20' title='bbox 879 509 917 579; x_wconf 83' lang='lat' dir='ltr'>id</span> <span class='ocrx_word' id='word_1_21' title='bbox 933 511 1025 602; x_wconf 88' lang='lat' dir='ltr'>qnod</span> <span class='ocrx_word' id='word_1_22' title='bbox 1039 509 1226 581; x_wconf 84' lang='lat' dir='ltr'>invenitur</span> <span class='ocrx_word' id='word_1_23' title='bbox 1239 511 1275 581; x_wconf 90' lang='lat' dir='ltr'>in</span> <span class='ocrx_word' id='word_1_24' title='bbox 1288 534 1349 583; x_wconf 83' lang='lat' dir='ltr'>ores</span> 
     </span>
     <span class='ocr_line' id='line_1_4' title="bbox 208 616 1349 709; baseline 0.004 -24"><span class='ocrx_word' id='word_1_25' title='bbox 208 623 291 685; x_wconf 88' lang='lat' dir='ltr'>tura</span> <span class='ocrx_word' id='word_1_26' title='bbox 316 621 455 706; x_wconf 89' lang='lat' dir='ltr'>praeter</span> <span class='ocrx_word' id='word_1_27' title='bbox 478 616 526 701; x_wconf 88' lang='lat' dir='ltr'>id,</span> <span class='ocrx_word' id='word_1_28' title='bbox 551 617 641 708; x_wconf 90' lang='lat' dir='ltr'>quod</span> <span class='ocrx_word' id='word_1_29' title='bbox 665 617 865 687; x_wconf 82' lang='lat' dir='ltr'>sentinetur</span> <span class='ocrx_word' id='word_1_30' title='bbox 881 619 947 687; x_wconf 88' lang='lat' dir='ltr'>sub</span> <span class='ocrx_word' id='word_1_31' title='bbox 963 618 1223 709; x_wconf 82' lang='lat' dir='ltr'>significatione</span> <span class='ocrx_word' id='word_1_32' title='bbox 1236 619 1349 691; x_wconf 88' lang='lat' dir='ltr'>nomini</span> 
     </span>
     <span class='ocr_line' id='line_1_5' title="bbox 208 723 1349 812; baseline 0.005 -21"><span class='ocrx_word' id='word_1_33' title='bbox 208 723 365 807; x_wconf 77' lang='lat' dir='ltr'>relativi,</span> <span class='ocrx_word' id='word_1_34' title='bbox 390 727 444 792; x_wconf 88' lang='lat' dir='ltr'>est</span> <span class='ocrx_word' id='word_1_35' title='bbox 466 723 539 793; x_wconf 86' lang='lat' dir='ltr'>alia</span> <span class='ocrx_word' id='word_1_36' title='bbox 561 745 617 793; x_wconf 88' lang='lat' dir='ltr'>res</span> <span class='ocrx_word' id='word_1_37' title='bbox 640 724 823 812; x_wconf 88' lang='lat' dir='ltr'>(videlieet</span> <span class='ocrx_word' id='word_1_38' title='bbox 845 725 1060 811; x_wconf 82' lang='lat' dir='ltr'>substantia,</span> <span class='ocrx_word' id='word_1_39' title='bbox 1078 725 1138 797; x_wconf 88' lang='lat' dir='ltr'>oni</span> <span class='ocrx_word' id='word_1_40' title='bbox 1152 726 1245 796; x_wconf 81' lang='lat' dir='ltr'>inest</span> <span class='ocrx_word' id='word_1_41' title='bbox 1258 727 1349 797; x_wconf 79' lang='lat' dir='ltr'>relati</span> 
     </span>
     <span class='ocr_line' id='line_1_6' title="bbox 210 831 1349 919; baseline 0.004 -18"><span class='ocrx_word' id='word_1_42' title='bbox 210 837 252 901; x_wconf 90' lang='lat' dir='ltr'>ut</span> <span class='ocrx_word' id='word_1_43' title='bbox 274 831 460 919; x_wconf 79' lang='lat' dir='ltr'>accidens);</span> <span class='ocrx_word' id='word_1_44' title='bbox 486 832 523 899; x_wconf 93' lang='lat' dir='ltr'>in</span> <span class='ocrx_word' id='word_1_45' title='bbox 547 832 619 901; x_wconf 90' lang='lat' dir='ltr'>Deo</span> <span class='ocrx_word' id='word_1_46' title='bbox 641 838 758 903; x_wconf 90' lang='lat' dir='ltr'>autem</span> <span class='ocrx_word' id='word_1_47' title='bbox 781 856 850 903; x_wconf 90' lang='lat' dir='ltr'>non</span> <span class='ocrx_word' id='word_1_48' title='bbox 873 840 928 904; x_wconf 88' lang='lat' dir='ltr'>est</span> <span class='ocrx_word' id='word_1_49' title='bbox 949 833 1022 902; x_wconf 89' lang='lat' dir='ltr'>alia</span> <span class='ocrx_word' id='word_1_50' title='bbox 1044 856 1102 905; x_wconf 88' lang='lat' dir='ltr'>res</span> <span class='ocrx_word' id='word_1_51' title='bbox 1117 834 1179 904; x_wconf 87' lang='lat' dir='ltr'>sed</span> <span class='ocrx_word' id='word_1_52' title='bbox 1194 840 1349 905; x_wconf 83' lang='lat' dir='ltr'>unaetes</span> 
     </span>
     <span class='ocr_line' id='line_1_7' title="bbox 210 937 1349 1034; baseline 0.003 -26"><span class='ocrx_word' id='word_1_53' title='bbox 210 940 286 1009; x_wconf 88' lang='lat' dir='ltr'>dem</span> <span class='ocrx_word' id='word_1_54' title='bbox 310 937 429 1026; x_wconf 87' lang='lat' dir='ltr'>(simul</span> <span class='ocrx_word' id='word_1_55' title='bbox 452 941 613 1010; x_wconf 87' lang='lat' dir='ltr'>obsolute</span> <span class='ocrx_word' id='word_1_56' title='bbox 634 948 671 1011; x_wconf 90' lang='lat' dir='ltr'>et</span> <span class='ocrx_word' id='word_1_57' title='bbox 692 940 873 1028; x_wconf 87' lang='lat' dir='ltr'>relativa),</span> <span class='ocrx_word' id='word_1_58' title='bbox 890 964 979 1033; x_wconf 89' lang='lat' dir='ltr'>qnae</span> <span class='ocrx_word' id='word_1_59' title='bbox 1002 965 1071 1011; x_wconf 93' lang='lat' dir='ltr'>non</span> <span class='ocrx_word' id='word_1_60' title='bbox 1094 943 1250 1033; x_wconf 78' lang='lat' dir='ltr'>perfeeto</span> <span class='ocrx_word' id='word_1_61' title='bbox 1270 942 1349 1034; x_wconf 81' lang='lat' dir='ltr'>expsi</span> 
     </span>
     <span class='ocr_line' id='line_1_8' title="bbox 211 1049 1349 1141; baseline 0.003 -23"><span class='ocrx_word' id='word_1_62' title='bbox 211 1050 319 1119; x_wconf 90' lang='lat' dir='ltr'>mitur</span> <span class='ocrx_word' id='word_1_63' title='bbox 347 1049 530 1118; x_wconf 79' lang='lat' dir='ltr'><strong>relationis</strong></span> <span class='ocrx_word' id='word_1_64' title='bbox 557 1049 692 1119; x_wconf 93' lang='lat' dir='ltr'>nomine</span> <span class='ocrx_word' id='word_1_65' title='bbox 723 1050 824 1141; x_wconf 91' lang='lat' dir='ltr'>quasi</span> <span class='ocrx_word' id='word_1_66' title='bbox 847 1051 914 1119; x_wconf 90' lang='lat' dir='ltr'>sub</span> <span class='ocrx_word' id='word_1_67' title='bbox 937 1049 1198 1140; x_wconf 80' lang='lat' dir='ltr'>significatione</span> <span class='ocrx_word' id='word_1_68' title='bbox 1219 1050 1301 1121; x_wconf 86' lang='lat' dir='ltr'>talis</span> <span class='ocrx_word' id='word_1_69' title='bbox 1317 1073 1349 1121; x_wconf 86' lang='lat' dir='ltr'>ne</span> 
     </span>
     <span class='ocr_line' id='line_1_9' title="bbox 210 1156 1349 1247; baseline 0.003 -22"><span class='ocrx_word' id='word_1_70' title='bbox 210 1156 314 1225; x_wconf 88' lang='lat' dir='ltr'>minis</span> <span class='ocrx_word' id='word_1_71' title='bbox 341 1156 596 1247; x_wconf 82' lang='lat' dir='ltr'>comprehensa.</span> <span class='ocrx_word' id='word_1_72' title='bbox 625 1158 767 1227; x_wconf 90' lang='lat' dir='ltr'>Diotum</span> <span class='ocrx_word' id='word_1_73' title='bbox 790 1160 844 1225; x_wconf 87' lang='lat' dir='ltr'>est</span> <span class='ocrx_word' id='word_1_74' title='bbox 865 1157 977 1244; x_wconf 90' lang='lat' dir='ltr'>enim,</span> <span class='ocrx_word' id='word_1_75' title='bbox 1002 1180 1081 1227; x_wconf 87' lang='lat' dir='ltr'>eum</span> <span class='ocrx_word' id='word_1_76' title='bbox 1104 1159 1147 1229; x_wconf 88' lang='lat' dir='ltr'>de</span> <span class='ocrx_word' id='word_1_77' title='bbox 1170 1158 1300 1229; x_wconf 87' lang='lat' dir='ltr'>divinis</span> <span class='ocrx_word' id='word_1_78' title='bbox 1317 1180 1349 1228; x_wconf 86' lang='lat' dir='ltr'>ne</span> 
     </span>
     <span class='ocr_line' id='line_1_10' title="bbox 211 1263 1349 1359; baseline 0.004 -26"><span class='ocrx_word' id='word_1_79' title='bbox 211 1263 361 1333; x_wconf 85' lang='lat' dir='ltr'>minibus</span> <span class='ocrx_word' id='word_1_80' title='bbox 384 1264 555 1353; x_wconf 76' lang='lat' dir='ltr'>agebatur</span> <span class='ocrx_word' id='word_1_81' title='bbox 583 1265 652 1351; x_wconf 82' lang='lat' dir='ltr'>(of.</span> <span class='ocrx_word' id='word_1_82' title='bbox 671 1265 709 1333; x_wconf 91' lang='lat' dir='ltr'>in</span> <span class='ocrx_word' id='word_1_83' title='bbox 732 1265 913 1334; x_wconf 73' lang='lat' dir='ltr'>Tractus</span> <span class='ocrx_word' id='word_1_84' title='bbox 936 1266 1054 1354; x_wconf 87' lang='lat' dir='ltr'>Deo),</span> <span class='ocrx_word' id='word_1_85' title='bbox 1080 1267 1174 1359; x_wconf 87' lang='lat' dir='ltr'>quod</span> <span class='ocrx_word' id='word_1_86' title='bbox 1197 1266 1277 1357; x_wconf 89' lang='lat' dir='ltr'>plne</span> <span class='ocrx_word' id='word_1_87' title='bbox 1296 1288 1349 1337; x_wconf 77' lang='lat' dir='ltr'>eos</span> 
     </span>
     <span class='ocr_line' id='line_1_11' title="bbox 208 1370 1349 1465; baseline 0.003 -26"><span class='ocrx_word' id='word_1_88' title='bbox 208 1371 343 1440; x_wconf 89' lang='lat' dir='ltr'>tinetur</span> <span class='ocrx_word' id='word_1_89' title='bbox 365 1370 402 1438; x_wconf 93' lang='lat' dir='ltr'>in</span> <span class='ocrx_word' id='word_1_90' title='bbox 426 1370 639 1460; x_wconf 79' lang='lat' dir='ltr'>perfectione</span> <span class='ocrx_word' id='word_1_91' title='bbox 661 1372 803 1441; x_wconf 88' lang='lat' dir='ltr'>divinae</span> <span class='ocrx_word' id='word_1_92' title='bbox 829 1371 1024 1456; x_wconf 85' lang='lat' dir='ltr'>essentiae,</span> <span class='ocrx_word' id='word_1_93' title='bbox 1054 1393 1158 1464; x_wconf 90' lang='lat' dir='ltr'>quam</span> <span class='ocrx_word' id='word_1_94' title='bbox 1183 1373 1299 1465; x_wconf 88' lang='lat' dir='ltr'>aliquo</span> <span class='ocrx_word' id='word_1_95' title='bbox 1317 1394 1349 1441; x_wconf 84' lang='lat' dir='ltr'>uo</span> 
     </span>
     <span class='ocr_line' id='line_1_12' title="bbox 209 1478 1349 1573; baseline 0.004 -27"><span class='ocrx_word' id='word_1_96' title='bbox 209 1478 300 1547; x_wconf 86' lang='lat' dir='ltr'>mine</span> <span class='ocrx_word' id='word_1_97' title='bbox 323 1478 519 1568; x_wconf 81' lang='lat' dir='ltr'>significari</span> <span class='ocrx_word' id='word_1_98' title='bbox 541 1479 664 1569; x_wconf 90' lang='lat' dir='ltr'>possit.</span> <span class='ocrx_word' id='word_1_99' title='bbox 696 1480 796 1549; x_wconf 90' lang='lat' dir='ltr'>Unde</span> <span class='ocrx_word' id='word_1_100' title='bbox 827 1502 896 1548; x_wconf 88' lang='lat' dir='ltr'>non</span> <span class='ocrx_word' id='word_1_101' title='bbox 927 1478 1110 1573; x_wconf 89' lang='lat' dir='ltr'>sequitur,</span> <span class='ocrx_word' id='word_1_102' title='bbox 1137 1482 1230 1573; x_wconf 87' lang='lat' dir='ltr'>quod</span> <span class='ocrx_word' id='word_1_103' title='bbox 1251 1481 1288 1551; x_wconf 88' lang='lat' dir='ltr'>in</span> <span class='ocrx_word' id='word_1_104' title='bbox 1306 1480 1349 1550; x_wconf 82' lang='lat' dir='ltr'>ue</span> 
     </span>
     <span class='ocr_line' id='line_1_13' title="bbox 210 1586 1349 1680; baseline 0.002 -23"><span class='ocrx_word' id='word_1_105' title='bbox 210 1595 349 1680; x_wconf 88' lang='lat' dir='ltr'>praeter</span> <span class='ocrx_word' id='word_1_106' title='bbox 371 1586 575 1656; x_wconf 85' lang='lat' dir='ltr'>relationem</span> <span class='ocrx_word' id='word_1_107' title='bbox 599 1586 647 1655; x_wconf 91' lang='lat' dir='ltr'>sit</span> <span class='ocrx_word' id='word_1_108' title='bbox 666 1587 801 1679; x_wconf 89' lang='lat' dir='ltr'>aliquid</span> <span class='ocrx_word' id='word_1_109' title='bbox 817 1587 915 1657; x_wconf 88' lang='lat' dir='ltr'>aliud</span> <span class='ocrx_word' id='word_1_110' title='bbox 931 1589 1121 1658; x_wconf 86' lang='lat' dir='ltr'>seeundum</span> <span class='ocrx_word' id='word_1_111' title='bbox 1138 1612 1211 1658; x_wconf 89' lang='lat' dir='ltr'>rem</span> <span class='ocrx_word' id='word_1_112' title='bbox 1228 1588 1349 1676; x_wconf 77' lang='lat' dir='ltr'>(aliare</span> 
     </span>
    </p>
   </div>
   <div class='ocr_carea' id='block_1_2' title="bbox 210 1693 1349 2111">
    <p class='ocr_par' dir='ltr' id='par_1_2' title="bbox 210 1693 1349 2111">
     <span class='ocr_line' id='line_1_14' title="bbox 210 1693 1349 1788; baseline -0.001 -24"><span class='ocrx_word' id='word_1_113' title='bbox 210 1716 313 1788; x_wconf 89' lang='lat' dir='ltr'>qnam</span> <span class='ocrx_word' id='word_1_114' title='bbox 336 1693 413 1778; x_wconf 89' lang='lat' dir='ltr'>illa,</span> <span class='ocrx_word' id='word_1_115' title='bbox 440 1715 527 1785; x_wconf 89' lang='lat' dir='ltr'>quae</span> <span class='ocrx_word' id='word_1_116' title='bbox 550 1694 736 1784; x_wconf 85' lang='lat' dir='ltr'>respondet</span> <span class='ocrx_word' id='word_1_117' title='bbox 759 1695 894 1764; x_wconf 90' lang='lat' dir='ltr'>notioni</span> <span class='ocrx_word' id='word_1_118' title='bbox 916 1694 1101 1765; x_wconf 81' lang='lat' dir='ltr'>relationis</span> <span class='ocrx_word' id='word_1_119' title='bbox 1124 1695 1297 1783; x_wconf 83' lang='lat' dir='ltr'>(livinae),</span> <span class='ocrx_word' id='word_1_120' title='bbox 1318 1694 1349 1763; x_wconf 71' lang='grc' dir='ltr'>ια’</span> 
     </span>
     <span class='ocr_line' id='line_1_15' title="bbox 210 1802 1349 1897; baseline 0.002 -26"><span class='ocrx_word' id='word_1_121' title='bbox 210 1802 322 1873; x_wconf 92' lang='lat' dir='ltr'>solum</span> <span class='ocrx_word' id='word_1_122' title='bbox 345 1803 565 1872; x_wconf 74' lang='lat' dir='ltr'>considerata</span> <span class='ocrx_word' id='word_1_123' title='bbox 587 1802 765 1872; x_wconf 88' lang='lat' dir='ltr'>nominum</span> <span class='ocrx_word' id='word_1_124' title='bbox 787 1803 953 1874; x_wconf 72' lang='lat' dir='ltr'>rationes</span> <span class='ocrx_word' id='word_1_125' title='bbox 980 1805 1107 1892; x_wconf 89' lang='lat' dir='ltr'>(solum</span> <span class='ocrx_word' id='word_1_126' title='bbox 1131 1804 1225 1897; x_wconf 83' lang='lat' dir='ltr'>quod</span> <span class='ocrx_word' id='word_1_127' title='bbox 1244 1824 1349 1873; x_wconf 77' lang='lat' dir='ltr'>unere</span> 
     </span>
     <span class='ocr_line' id='line_1_16' title="bbox 211 1911 1349 2005; baseline 0.003 -27"><span class='ocrx_word' id='word_1_128' title='bbox 211 1911 275 1981; x_wconf 92' lang='lat' dir='ltr'>sub</span> <span class='ocrx_word' id='word_1_129' title='bbox 302 1911 454 1980; x_wconf 88' lang='lat' dir='ltr'>diversis</span> <span class='ocrx_word' id='word_1_130' title='bbox 476 1912 673 1980; x_wconf 86' lang='lat' dir='ltr'>rationibus</span> <span class='ocrx_word' id='word_1_131' title='bbox 696 1912 911 2003; x_wconf 80' lang='lat' dir='ltr'>coneipitur,</span> <span class='ocrx_word' id='word_1_132' title='bbox 936 1934 1025 2005; x_wconf 87' lang='lat' dir='ltr'>quae</span> <span class='ocrx_word' id='word_1_133' title='bbox 1047 1912 1204 1983; x_wconf 86' lang='lat' dir='ltr'>rationes</span> <span class='ocrx_word' id='word_1_134' title='bbox 1226 1912 1349 1982; x_wconf 80' lang='lat' dir='ltr'>diversa</span> 
     </span>
     <span class='ocr_line' id='line_1_17' title="bbox 210 2017 1349 2111; baseline 0.001 -25"><span class='ocrx_word' id='word_1_135' title='bbox 210 2041 232 2086; x_wconf 91' lang='lat' dir='ltr'>a</span> <span class='ocrx_word' id='word_1_136' title='bbox 253 2019 353 2087; x_wconf 88' lang='lat' dir='ltr'>nobie</span> <span class='ocrx_word' id='word_1_137' title='bbox 386 2024 571 2109; x_wconf 84' lang='lat' dir='ltr'>oonoeptae</span> <span class='ocrx_word' id='word_1_138' title='bbox 601 2018 754 2089; x_wconf 89' lang='lat' dir='ltr'>diversis</span> <span class='ocrx_word' id='word_1_139' title='bbox 784 2019 890 2089; x_wconf 88' lang='lat' dir='ltr'>etiam</span> <span class='ocrx_word' id='word_1_140' title='bbox 920 2019 1118 2088; x_wconf 89' lang='lat' dir='ltr'>nominibus</span> <span class='ocrx_word' id='word_1_141' title='bbox 1141 2017 1349 2111; x_wconf 76' lang='lat' dir='ltr'>exprimenda</span> 
     </span>
    </p>
   </div>
   <div class='ocr_carea' id='block_1_3' title="bbox 206 2122 1350 4483">
    <p class='ocr_par' dir='ltr' id='par_1_3' title="bbox 206 2122 1350 4483">
     <span class='ocr_line' id='line_1_18' title="bbox 212 2122 1349 2218; baseline 0 -25"><span class='ocrx_word' id='word_1_142' title='bbox 212 2130 308 2214; x_wconf 88' lang='lat' dir='ltr'>sunt)</span> <span class='ocrx_word' id='word_1_143' title='bbox 332 2125 369 2196; x_wconf 86' lang='lat' dir='ltr'>S.</span> <span class='ocrx_word' id='word_1_144' title='bbox 386 2125 453 2194; x_wconf 81' lang='lat' dir='ltr'>uh.</span> <span class='ocrx_word' id='word_1_145' title='bbox 468 2125 515 2193; x_wconf 91' lang='lat' dir='ltr'>ib.</span> <span class='ocrx_word' id='word_1_146' title='bbox 535 2127 580 2195; x_wconf 87' lang='lat' dir='ltr'>ad</span> <span class='ocrx_word' id='word_1_147' title='bbox 596 2127 629 2195; x_wconf 78' lang='grc'>2.</span> <span class='ocrx_word' id='word_1_148' title='bbox 646 2166 690 2178; x_wconf 93' lang='grc'><strong>-</strong></span> <span class='ocrx_word' id='word_1_149' title='bbox 705 2125 911 2196; x_wconf 89' lang='lat' dir='ltr'>Considerat</span> <span class='ocrx_word' id='word_1_150' title='bbox 933 2150 1037 2218; x_wconf 89' lang='lat' dir='ltr'>porro</span> <span class='ocrx_word' id='word_1_151' title='bbox 1059 2127 1256 2218; x_wconf 85' lang='lat' dir='ltr'>Angelieus</span> <span class='ocrx_word' id='word_1_152' title='bbox 1279 2122 1349 2195; x_wconf 84' lang='lat' dir='ltr'>iuli</span> 
     </span>
     <span class='ocr_line' id='line_1_19' title="bbox 212 2230 1349 2328; baseline -0.002 -24"><span class='ocrx_word' id='word_1_153' title='bbox 212 2236 297 2305; x_wconf 84' lang='lat' dir='ltr'>vina</span> <span class='ocrx_word' id='word_1_154' title='bbox 327 2234 496 2305; x_wconf 86' lang='lat' dir='ltr'>relatione</span> <span class='ocrx_word' id='word_1_155' title='bbox 526 2235 612 2304; x_wconf 86' lang='lat' dir='ltr'>haee</span> <span class='ocrx_word' id='word_1_156' title='bbox 642 2234 731 2320; x_wconf 86' lang='lat' dir='ltr'>duo,</span> <span class='ocrx_word' id='word_1_157' title='bbox 758 2235 848 2328; x_wconf 87' lang='lat' dir='ltr'>quod</span> <span class='ocrx_word' id='word_1_158' title='bbox 878 2241 914 2305; x_wconf 89' lang='lat' dir='ltr'>ot</span> <span class='ocrx_word' id='word_1_159' title='bbox 939 2236 1137 2302; x_wconf 79' lang='lat' dir='ltr'>substantia</span> <span class='ocrx_word' id='word_1_160' title='bbox 1158 2242 1214 2306; x_wconf 86' lang='lat' dir='ltr'>est</span> <span class='ocrx_word' id='word_1_161' title='bbox 1235 2241 1271 2304; x_wconf 90' lang='lat' dir='ltr'>et</span> <span class='ocrx_word' id='word_1_162' title='bbox 1289 2230 1349 2327; x_wconf 82' lang='lat' dir='ltr'>quoi</span> 
     </span>
     <span class='ocr_line' id='line_1_20' title="bbox 211 2342 1349 2426; baseline 0.004 -19"><span class='ocrx_word' id='word_1_163' title='bbox 211 2343 336 2410; x_wconf 80' lang='lat' dir='ltr'>relatio</span> <span class='ocrx_word' id='word_1_164' title='bbox 360 2342 405 2409; x_wconf 78' lang='lat' dir='ltr'>ad</span> <span class='ocrx_word' id='word_1_165' title='bbox 429 2343 575 2410; x_wconf 78' lang='lat' dir='ltr'>alteram</span> <span class='ocrx_word' id='word_1_166' title='bbox 597 2347 663 2411; x_wconf 81' lang='lat' dir='ltr'>est.</span> <span class='ocrx_word' id='word_1_167' title='bbox 695 2342 877 2426; x_wconf 74' lang='lat' dir='ltr'>Quatenus</span> <span class='ocrx_word' id='word_1_168' title='bbox 900 2342 1025 2413; x_wconf 85' lang='lat' dir='ltr'>relatio</span> <span class='ocrx_word' id='word_1_169' title='bbox 1050 2344 1288 2414; x_wconf 74' lang='lat' dir='ltr'>identificatur</span> <span class='ocrx_word' id='word_1_170' title='bbox 1301 2362 1349 2411; x_wconf 81' lang='lat' dir='ltr'>aul</span> 
     </span>
     <span class='ocr_line' id='line_1_21' title="bbox 210 2451 1349 2535; baseline -0.003 -15"><span class='ocrx_word' id='word_1_171' title='bbox 210 2451 381 2535; x_wconf 85' lang='lat' dir='ltr'>essentia,</span> <span class='ocrx_word' id='word_1_172' title='bbox 408 2456 463 2521; x_wconf 83' lang='lat' dir='ltr'>ast</span> <span class='ocrx_word' id='word_1_173' title='bbox 485 2451 610 2517; x_wconf 83' lang='lat' dir='ltr'>relatio</span> <span class='ocrx_word' id='word_1_174' title='bbox 633 2451 877 2517; x_wconf 72' lang='lat' dir='ltr'>arelatentiolis</span> <span class='ocrx_word' id='word_1_175' title='bbox 905 2474 966 2521; x_wconf 87' lang='lat' dir='ltr'>seu</span> <span class='ocrx_word' id='word_1_176' title='bbox 992 2452 1191 2519; x_wconf 77' lang='lat' dir='ltr'>substantio</span> <span class='ocrx_word' id='word_1_177' title='bbox 1213 2451 1349 2527; x_wconf 69' lang='lat' dir='ltr'>retortos,</span> 
     </span>
     <span class='ocr_line' id='line_1_22' title="bbox 211 2557 1349 2652; baseline -0.003 -25"><span class='ocrx_word' id='word_1_178' title='bbox 211 2565 382 2652; x_wconf 90' lang='lat' dir='ltr'>qnatenus</span> <span class='ocrx_word' id='word_1_179' title='bbox 404 2560 560 2628; x_wconf 83' lang='lat' dir='ltr'>refertur</span> <span class='ocrx_word' id='word_1_180' title='bbox 582 2564 619 2628; x_wconf 88' lang='lat' dir='ltr'>et</span> <span class='ocrx_word' id='word_1_181' title='bbox 634 2565 828 2648; x_wconf 77' lang='lat' dir='ltr'>respectum</span> <span class='ocrx_word' id='word_1_182' title='bbox 844 2558 949 2628; x_wconf 88' lang='lat' dir='ltr'>babet</span> <span class='ocrx_word' id='word_1_183' title='bbox 972 2560 1016 2629; x_wconf 88' lang='lat' dir='ltr'>ad</span> <span class='ocrx_word' id='word_1_184' title='bbox 1032 2558 1184 2628; x_wconf 87' lang='lat' dir='ltr'>alterum</span> <span class='ocrx_word' id='word_1_185' title='bbox 1199 2557 1349 2628; x_wconf 81' lang='lat' dir='ltr'>terminus</span> 
     </span>
     <span class='ocr_line' id='line_1_23' title="bbox 210 2663 1349 2751; baseline -0.003 -15"><span class='ocrx_word' id='word_1_186' title='bbox 210 2666 411 2751; x_wconf 88' lang='lat' dir='ltr'>relativum,</span> <span class='ocrx_word' id='word_1_187' title='bbox 427 2674 482 2735; x_wconf 88' lang='lat' dir='ltr'>est</span> <span class='ocrx_word' id='word_1_188' title='bbox 498 2666 556 2735; x_wconf 91' lang='lat' dir='ltr'>hio</span> <span class='ocrx_word' id='word_1_189' title='bbox 571 2691 658 2733; x_wconf 74' lang='lat' dir='ltr'>ornus</span> <span class='ocrx_word' id='word_1_190' title='bbox 675 2665 859 2734; x_wconf 78' lang='lat' dir='ltr'>distinctos</span> <span class='ocrx_word' id='word_1_191' title='bbox 881 2668 925 2735; x_wconf 91' lang='lat' dir='ltr'>ab</span> <span class='ocrx_word' id='word_1_192' title='bbox 948 2668 1031 2736; x_wconf 91' lang='lat' dir='ltr'>aliis</span> <span class='ocrx_word' id='word_1_193' title='bbox 1051 2666 1216 2735; x_wconf 88' lang='lat' dir='ltr'>relativis</span> <span class='ocrx_word' id='word_1_194' title='bbox 1231 2663 1349 2735; x_wconf 76' lang='lat' dir='ltr'>eineis!</span> 
     </span>
     <span class='ocr_line' id='line_1_24' title="bbox 211 2774 1349 2867; baseline -0.004 -23"><span class='ocrx_word' id='word_1_195' title='bbox 211 2774 393 2844; x_wconf 84' lang='lat' dir='ltr'>essentiae.</span> <span class='ocrx_word' id='word_1_196' title='bbox 409 2775 534 2867; x_wconf 85' lang='lat' dir='ltr'>Sieque</span> <span class='ocrx_word' id='word_1_197' title='bbox 551 2775 699 2865; x_wconf 85' lang='lat' dir='ltr'>ipsamet</span> <span class='ocrx_word' id='word_1_198' title='bbox 722 2775 845 2843; x_wconf 87' lang='lat' dir='ltr'>divina</span> <span class='ocrx_word' id='word_1_199' title='bbox 860 2775 986 2845; x_wconf 90' lang='lat' dir='ltr'>relatio</span> <span class='ocrx_word' id='word_1_200' title='bbox 1003 2775 1224 2845; x_wconf 87' lang='lat' dir='ltr'>identificata</span> <span class='ocrx_word' id='word_1_201' title='bbox 1238 2797 1310 2844; x_wconf 86' lang='lat' dir='ltr'>anm</span> <span class='ocrx_word' id='word_1_202' title='bbox 1320 2790 1349 2840; x_wconf 82' lang='lat' dir='ltr'>ee</span> 
     </span>
     <span class='ocr_line' id='line_1_25' title="bbox 211 2883 1349 2975; baseline -0.002 -24"><span class='ocrx_word' id='word_1_203' title='bbox 211 2885 335 2966; x_wconf 89' lang='lat' dir='ltr'>sentia,</span> <span class='ocrx_word' id='word_1_204' title='bbox 353 2892 390 2952; x_wconf 88' lang='lat' dir='ltr'>et</span> <span class='ocrx_word' id='word_1_205' title='bbox 406 2885 470 2951; x_wconf 90' lang='lat' dir='ltr'>sub</span> <span class='ocrx_word' id='word_1_206' title='bbox 498 2890 647 2975; x_wconf 89' lang='lat' dir='ltr'>utraque</span> <span class='ocrx_word' id='word_1_207' title='bbox 675 2883 810 2953; x_wconf 88' lang='lat' dir='ltr'>ratione</span> <span class='ocrx_word' id='word_1_208' title='bbox 832 2883 987 2953; x_wconf 88' lang='lat' dir='ltr'>absoluti</span> <span class='ocrx_word' id='word_1_209' title='bbox 1008 2891 1047 2952; x_wconf 89' lang='lat' dir='ltr'>et</span> <span class='ocrx_word' id='word_1_210' title='bbox 1068 2883 1216 2952; x_wconf 85' lang='lat' dir='ltr'>relativi</span> <span class='ocrx_word' id='word_1_211' title='bbox 1237 2904 1301 2951; x_wconf 86' lang='lat' dir='ltr'>uua</span> <span class='ocrx_word' id='word_1_212' title='bbox 1318 2900 1349 2949; x_wconf 80' lang='lat' dir='ltr'>ra</span> 
     </span>
     <span class='ocr_line' id='line_1_26' title="bbox 212 2990 1349 3082; baseline 0.001 -23"><span class='ocrx_word' id='word_1_213' title='bbox 212 2990 472 3081; x_wconf 82' lang='lat' dir='ltr'>simplicissima</span> <span class='ocrx_word' id='word_1_214' title='bbox 499 2990 717 3080; x_wconf 86' lang='lat' dir='ltr'>intelligitur</span> <span class='ocrx_word' id='word_1_215' title='bbox 747 3015 822 3061; x_wconf 89' lang='lat' dir='ltr'>esse</span> <span class='ocrx_word' id='word_1_216' title='bbox 849 3015 996 3082; x_wconf 87' lang='lat' dir='ltr'>persona</span> <span class='ocrx_word' id='word_1_217' title='bbox 1023 2992 1146 3061; x_wconf 85' lang='lat' dir='ltr'>divina</span> <span class='ocrx_word' id='word_1_218' title='bbox 1178 2991 1349 3061; x_wconf 77' lang='lat' dir='ltr'>subsistent</span> 
     </span>
     <span class='ocr_line' id='line_1_27' title="bbox 215 3098 1349 3191; baseline -0.004 -23"><span class='ocrx_word' id='word_1_219' title='bbox 215 3099 443 3168; x_wconf 72' lang='lat' dir='ltr'>«Relationes</span> <span class='ocrx_word' id='word_1_220' title='bbox 455 3099 492 3167; x_wconf 91' lang='lat' dir='ltr'>in</span> <span class='ocrx_word' id='word_1_221' title='bbox 504 3099 649 3184; x_wconf 84' lang='lat' dir='ltr'>divinis,</span> <span class='ocrx_word' id='word_1_222' title='bbox 664 3099 792 3191; x_wconf 90' lang='lat' dir='ltr'>inquit,</span> <span class='ocrx_word' id='word_1_223' title='bbox 810 3100 878 3168; x_wconf 88' lang='lat' dir='ltr'>etsi</span> <span class='ocrx_word' id='word_1_224' title='bbox 894 3100 1114 3170; x_wconf 78' lang='lat' dir='ltr'>constituant</span> <span class='ocrx_word' id='word_1_225' title='bbox 1129 3101 1323 3191; x_wconf 81' lang='lat' dir='ltr'>hypostases</span> <span class='ocrx_word' id='word_1_226' title='bbox 1330 3098 1349 3163; x_wconf 82' lang='lat' dir='ltr'>et</span> 
     </span>
     <span class='ocr_line' id='line_1_28' title="bbox 211 3206 1349 3301; baseline -0.002 -25"><span class='ocrx_word' id='word_1_227' title='bbox 211 3207 262 3276; x_wconf 89' lang='lat' dir='ltr'>sie</span> <span class='ocrx_word' id='word_1_228' title='bbox 278 3207 411 3276; x_wconf 84' lang='lat' dir='ltr'>faciant</span> <span class='ocrx_word' id='word_1_229' title='bbox 426 3228 485 3274; x_wconf 89' lang='lat' dir='ltr'>eas</span> <span class='ocrx_word' id='word_1_230' title='bbox 503 3207 751 3292; x_wconf 83' lang='lat' dir='ltr'>subsistentes,</span> <span class='ocrx_word' id='word_1_231' title='bbox 767 3206 831 3278; x_wconf 87' lang='lat' dir='ltr'>boe</span> <span class='ocrx_word' id='word_1_232' title='bbox 849 3215 966 3277; x_wconf 89' lang='lat' dir='ltr'>tamen</span> <span class='ocrx_word' id='word_1_233' title='bbox 983 3209 1140 3295; x_wconf 85' lang='lat' dir='ltr'>iaoiunt,</span> <span class='ocrx_word' id='word_1_234' title='bbox 1161 3209 1199 3277; x_wconf 93' lang='lat' dir='ltr'>in</span> <span class='ocrx_word' id='word_1_235' title='bbox 1216 3213 1349 3301; x_wconf 80' lang='lat' dir='ltr'>quantun</span> 
     </span>
     <span class='ocr_line' id='line_1_29' title="bbox 211 3310 1349 3408; baseline -0.004 -23"><span class='ocrx_word' id='word_1_236' title='bbox 211 3321 295 3385; x_wconf 86' lang='lat' dir='ltr'>sunt</span> <span class='ocrx_word' id='word_1_237' title='bbox 309 3314 461 3385; x_wconf 87' lang='lat' dir='ltr'>essentia</span> <span class='ocrx_word' id='word_1_238' title='bbox 476 3315 598 3383; x_wconf 85' lang='lat' dir='ltr'>divino</span> <span class='ocrx_word' id='word_1_239' title='bbox 611 3315 664 3402; x_wconf 92' lang='lat' dir='ltr'>(in</span> <span class='ocrx_word' id='word_1_240' title='bbox 680 3321 848 3408; x_wconf 90' lang='lat' dir='ltr'>quantum</span> <span class='ocrx_word' id='word_1_241' title='bbox 865 3325 951 3385; x_wconf 89' lang='lat' dir='ltr'>sunt</span> <span class='ocrx_word' id='word_1_242' title='bbox 965 3316 1155 3387; x_wconf 88' lang='lat' dir='ltr'>relationes</span> <span class='ocrx_word' id='word_1_243' title='bbox 1172 3310 1349 3386; x_wconf 76' lang='lat' dir='ltr'>substantia</span> 
     </span>
     <span class='ocr_line' id='line_1_30' title="bbox 210 3418 1349 3516; baseline -0.004 -22"><span class='ocrx_word' id='word_1_244' title='bbox 210 3425 287 3511; x_wconf 88' lang='lat' dir='ltr'>les).</span> <span class='ocrx_word' id='word_1_245' title='bbox 298 3423 437 3493; x_wconf 87' lang='lat' dir='ltr'>Relatio</span> <span class='ocrx_word' id='word_1_246' title='bbox 450 3423 552 3507; x_wconf 89' lang='lat' dir='ltr'>enim,</span> <span class='ocrx_word' id='word_1_247' title='bbox 564 3423 601 3491; x_wconf 90' lang='lat' dir='ltr'>in</span> <span class='ocrx_word' id='word_1_248' title='bbox 614 3430 782 3516; x_wconf 88' lang='lat' dir='ltr'>qnantum</span> <span class='ocrx_word' id='word_1_249' title='bbox 793 3432 848 3494; x_wconf 89' lang='lat' dir='ltr'>est</span> <span class='ocrx_word' id='word_1_250' title='bbox 859 3424 985 3496; x_wconf 91' lang='lat' dir='ltr'>relatio</span> <span class='ocrx_word' id='word_1_251' title='bbox 996 3425 1187 3512; x_wconf 82' lang='lat' dir='ltr'>(abstracte</span> <span class='ocrx_word' id='word_1_252' title='bbox 1200 3418 1349 3515; x_wconf 74' lang='lat' dir='ltr'>spectata).</span> 
     </span>
     <span class='ocr_line' id='line_1_31' title="bbox 209 3523 1349 3622; baseline -0.003 -22"><span class='ocrx_word' id='word_1_253' title='bbox 209 3554 276 3600; x_wconf 90' lang='lat' dir='ltr'>non</span> <span class='ocrx_word' id='word_1_254' title='bbox 301 3530 417 3615; x_wconf 89' lang='lat' dir='ltr'>babet,</span> <span class='ocrx_word' id='word_1_255' title='bbox 436 3529 527 3622; x_wconf 86' lang='lat' dir='ltr'>quod</span> <span class='ocrx_word' id='word_1_256' title='bbox 550 3531 722 3600; x_wconf 86' lang='lat' dir='ltr'>subsistat</span> <span class='ocrx_word' id='word_1_257' title='bbox 744 3531 800 3600; x_wconf 90' lang='lat' dir='ltr'>vel</span> <span class='ocrx_word' id='word_1_258' title='bbox 829 3531 1017 3600; x_wconf 89' lang='lat' dir='ltr'>subsistere</span> <span class='ocrx_word' id='word_1_259' title='bbox 1041 3532 1177 3618; x_wconf 80' lang='lat' dir='ltr'>faeiat3</span> <span class='ocrx_word' id='word_1_260' title='bbox 1203 3531 1265 3600; x_wconf 86' lang='lat' dir='ltr'>hoa</span> <span class='ocrx_word' id='word_1_261' title='bbox 1287 3523 1349 3597; x_wconf 69' lang='lat' dir='ltr'>eoin</span> 
     </span>
     <span class='ocr_line' id='line_1_32' title="bbox 209 3638 1350 3729; baseline -0.004 -21"><span class='ocrx_word' id='word_1_262' title='bbox 209 3639 318 3708; x_wconf 87' lang='lat' dir='ltr'>solius</span> <span class='ocrx_word' id='word_1_263' title='bbox 335 3638 552 3707; x_wconf 88' lang='lat' dir='ltr'>substantiae</span> <span class='ocrx_word' id='word_1_264' title='bbox 568 3646 633 3709; x_wconf 84' lang='lat' dir='ltr'>est.</span> <span class='ocrx_word' id='word_1_265' title='bbox 658 3638 894 3728; x_wconf 85' lang='lat' dir='ltr'>Distinguunt</span> <span class='ocrx_word' id='word_1_266' title='bbox 910 3660 993 3708; x_wconf 88' lang='lat' dir='ltr'>vero</span> <span class='ocrx_word' id='word_1_267' title='bbox 1008 3638 1211 3724; x_wconf 86' lang='lat' dir='ltr'>relationes,</span> <span class='ocrx_word' id='word_1_268' title='bbox 1226 3639 1260 3707; x_wconf 91' lang='lat' dir='ltr'>in</span> <span class='ocrx_word' id='word_1_269' title='bbox 1274 3652 1350 3729; x_wconf 79' lang='lat' dir='ltr'>quau·</span> 
     </span>
     <span class='ocr_line' id='line_1_33' title="bbox 209 3745 1349 3834; baseline 0 -19"><span class='ocrx_word' id='word_1_270' title='bbox 209 3754 284 3816; x_wconf 90' lang='lat' dir='ltr'>tum</span> <span class='ocrx_word' id='word_1_271' title='bbox 306 3746 495 3816; x_wconf 86' lang='lat' dir='ltr'>relationes</span> <span class='ocrx_word' id='word_1_272' title='bbox 517 3753 601 3816; x_wconf 92' lang='lat' dir='ltr'>sunt</span> <span class='ocrx_word' id='word_1_273' title='bbox 624 3752 706 3834; x_wconf 89' lang='lat' dir='ltr'>(non</span> <span class='ocrx_word' id='word_1_274' title='bbox 730 3748 794 3814; x_wconf 89' lang='lat' dir='ltr'>sub</span> <span class='ocrx_word' id='word_1_275' title='bbox 817 3747 958 3816; x_wconf 82' lang='lat' dir='ltr'>formali</span> <span class='ocrx_word' id='word_1_276' title='bbox 980 3745 1118 3817; x_wconf 89' lang='lat' dir='ltr'>ratione</span> <span class='ocrx_word' id='word_1_277' title='bbox 1139 3754 1183 3816; x_wconf 90' lang='lat' dir='ltr'>ut</span> <span class='ocrx_word' id='word_1_278' title='bbox 1197 3752 1349 3817; x_wconf 74' lang='lat' dir='ltr'>suntor</span> 
     </span>
     <span class='ocr_line' id='line_1_34' title="bbox 209 3855 1349 3940; baseline -0.003 -18"><span class='ocrx_word' id='word_1_279' title='bbox 209 3855 324 3923; x_wconf 88' lang='lat' dir='ltr'>munis</span> <span class='ocrx_word' id='word_1_280' title='bbox 347 3855 522 3940; x_wconf 89' lang='lat' dir='ltr'>essentia,</span> <span class='ocrx_word' id='word_1_281' title='bbox 547 3856 608 3925; x_wconf 90' lang='lat' dir='ltr'>sed</span> <span class='ocrx_word' id='word_1_282' title='bbox 631 3856 695 3923; x_wconf 90' lang='lat' dir='ltr'>sub</span> <span class='ocrx_word' id='word_1_283' title='bbox 719 3855 858 3924; x_wconf 86' lang='lat' dir='ltr'>formali</span> <span class='ocrx_word' id='word_1_284' title='bbox 882 3855 1019 3925; x_wconf 86' lang='lat' dir='ltr'>ratione</span> <span class='ocrx_word' id='word_1_285' title='bbox 1043 3855 1227 3926; x_wconf 90' lang='lat' dir='ltr'>relationis</span> <span class='ocrx_word' id='word_1_286' title='bbox 1247 3855 1289 3924; x_wconf 85' lang='lat' dir='ltr'>ad</span> <span class='ocrx_word' id='word_1_287' title='bbox 1305 3858 1349 3919; x_wconf 73' lang='lat' dir='ltr'>tar</span> 
     </span>
     <span class='ocr_line' id='line_1_35' title="bbox 209 3954 1349 4055; baseline 0.006 -26"><span class='ocrx_word' id='word_1_288' title='bbox 209 3961 342 4030; x_wconf 91' lang='lat' dir='ltr'>minum</span> <span class='ocrx_word' id='word_1_289' title='bbox 369 3962 553 4050; x_wconf 88' lang='lat' dir='ltr'>alterum);</span> <span class='ocrx_word' id='word_1_290' title='bbox 580 3963 631 4033; x_wconf 90' lang='lat' dir='ltr'>sio</span> <span class='ocrx_word' id='word_1_291' title='bbox 666 3964 758 4032; x_wconf 90' lang='lat' dir='ltr'>enim</span> <span class='ocrx_word' id='word_1_292' title='bbox 794 3963 1042 4055; x_wconf 90' lang='lat' dir='ltr'>oppositionem</span> <span class='ocrx_word' id='word_1_293' title='bbox 1066 3964 1231 4034; x_wconf 71' lang='lat' dir='ltr'>habento</span> <span class='ocrx_word' id='word_1_294' title='bbox 1256 3965 1289 4035; x_wconf 85' lang='lat' dir='ltr'>S.</span> <span class='ocrx_word' id='word_1_295' title='bbox 1304 3954 1349 4026; x_wconf 68' lang='lat' dir='ltr'>Tb</span> 
     </span>
     <span class='ocr_line' id='line_1_36' title="bbox 209 4059 1349 4162; baseline 0.004 -26"><span class='ocrx_word' id='word_1_296' title='bbox 209 4068 345 4138; x_wconf 81' lang='lat' dir='ltr'>Potest.</span> <span class='ocrx_word' id='word_1_297' title='bbox 365 4094 398 4160; x_wconf 90' lang='lat' dir='ltr'>q.</span> <span class='ocrx_word' id='word_1_298' title='bbox 417 4070 450 4137; x_wconf 88' lang='grc'>8.</span> <span class='ocrx_word' id='word_1_299' title='bbox 469 4092 503 4138; x_wconf 87' lang='lat' dir='ltr'>a.</span> <span class='ocrx_word' id='word_1_300' title='bbox 523 4071 556 4137; x_wconf 84' lang='lat'>3.</span> <span class='ocrx_word' id='word_1_301' title='bbox 574 4071 618 4140; x_wconf 89' lang='lat' dir='ltr'>ad</span> <span class='ocrx_word' id='word_1_302' title='bbox 636 4071 668 4138; x_wconf 88' lang='grc'>7.</span> <span class='ocrx_word' id='word_1_303' title='bbox 697 4071 872 4140; x_wconf 88' lang='lat' dir='ltr'>Nimirum</span> <span class='ocrx_word' id='word_1_304' title='bbox 900 4094 976 4141; x_wconf 86' lang='lat' dir='ltr'>eum</span> <span class='ocrx_word' id='word_1_305' title='bbox 992 4070 1200 4162; x_wconf 87' lang='lat' dir='ltr'>hypostasis</span> <span class='ocrx_word' id='word_1_306' title='bbox 1223 4073 1268 4142; x_wconf 90' lang='lat' dir='ltr'>sit</span> <span class='ocrx_word' id='word_1_307' title='bbox 1288 4059 1349 4133; x_wconf 53' lang='lat' dir='ltr'>iott</span> 
     </span>
     <span class='ocr_line' id='line_1_37' title="bbox 209 4163 1349 4259; baseline 0 -17"><span class='ocrx_word' id='word_1_308' title='bbox 209 4175 314 4242; x_wconf 81' lang='lat' dir='ltr'>violae</span> <span class='ocrx_word' id='word_1_309' title='bbox 337 4177 545 4259; x_wconf 80' lang='lat' dir='ltr'>substantia,</span> <span class='ocrx_word' id='word_1_310' title='bbox 563 4178 639 4247; x_wconf 88' lang='lat' dir='ltr'>sive</span> <span class='ocrx_word' id='word_1_311' title='bbox 663 4177 719 4246; x_wconf 89' lang='lat' dir='ltr'>bie</span> <span class='ocrx_word' id='word_1_312' title='bbox 744 4200 835 4246; x_wconf 91' lang='lat' dir='ltr'>unus</span> <span class='ocrx_word' id='word_1_313' title='bbox 858 4178 1106 4247; x_wconf 85' lang='lat' dir='ltr'>substantialis</span> <span class='ocrx_word' id='word_1_314' title='bbox 1129 4163 1349 4248; x_wconf 70' lang='lat' dir='ltr'>distinotussb</span> 
     </span>
     <span class='ocr_line' id='line_1_38' title="bbox 207 4268 1349 4389; baseline 0.001 -38"><span class='ocrx_word' id='word_1_315' title='bbox 207 4283 365 4351; x_wconf 89' lang='lat' dir='ltr'>omnibus</span> <span class='ocrx_word' id='word_1_316' title='bbox 388 4284 469 4353; x_wconf 90' lang='lat' dir='ltr'>aliis</span> <span class='ocrx_word' id='word_1_317' title='bbox 492 4285 597 4354; x_wconf 89' lang='lat' dir='ltr'>etiam</span> <span class='ocrx_word' id='word_1_318' title='bbox 620 4286 774 4355; x_wconf 90' lang='lat' dir='ltr'>eiusdem</span> <span class='ocrx_word' id='word_1_319' title='bbox 796 4285 981 4370; x_wconf 88' lang='lat' dir='ltr'>esseutiae,</span> <span class='ocrx_word' id='word_1_320' title='bbox 999 4283 1130 4376; x_wconf 85' lang='lat' dir='ltr'>duplex</span> <span class='ocrx_word' id='word_1_321' title='bbox 1153 4285 1246 4355; x_wconf 84' lang='lat' dir='ltr'>ratio</span> <span class='ocrx_word' id='word_1_322' title='bbox 1266 4268 1349 4389; x_wconf 58' lang='lat' dir='ltr'>reqfflj</span> 
     </span>
     <span class='ocr_line' id='line_1_39' title="bbox 206 4378 1349 4483; baseline 0.002 -25"><span class='ocrx_word' id='word_1_323' title='bbox 206 4391 301 4461; x_wconf 87' lang='lat' dir='ltr'>ritur</span> <span class='ocrx_word' id='word_1_324' title='bbox 323 4391 368 4459; x_wconf 92' lang='lat' dir='ltr'>ad</span> <span class='ocrx_word' id='word_1_325' title='bbox 390 4392 612 4483; x_wconf 88' lang='lat' dir='ltr'>hypostasin,</span> <span class='ocrx_word' id='word_1_326' title='bbox 638 4393 922 4464; x_wconf 76' lang='lat' dir='ltr'>substantialitas</span> <span class='ocrx_word' id='word_1_327' title='bbox 941 4401 978 4463; x_wconf 89' lang='lat' dir='ltr'>et</span> <span class='ocrx_word' id='word_1_328' title='bbox 992 4392 1190 4482; x_wconf 61' lang='lat' dir='ltr'>distinctim</span> <span class='ocrx_word' id='word_1_329' title='bbox 1208 4391 1291 4462; x_wconf 84' lang='lat' dir='ltr'>unde</span> <span class='ocrx_word' id='word_1_330' title='bbox 1303 4378 1349 4453; x_wconf 85' lang='lat' dir='ltr'>nia</span> 
     </span>
    </p>
   </div>
   <div class='ocr_carea' id='block_1_4' title="bbox 0 0 1590 4950">
    <p class='ocr_par' dir='ltr' id='par_1_4' title="bbox 0 0 1590 4950">
     <span class='ocr_line' id='line_1_40' title="bbox 0 0 1590 4950; baseline 0 0"><span class='ocrx_word' id='word_1_331' title='bbox 0 0 1590 4950; x_wconf 95' lang='lat' dir='ltr'> </span> 
     </span>
    </p>
   </div>
  </div>
 </body>
</html>
