<?xml version="1.0" encoding="UTF-8"?>
<!DOCTYPE html PUBLIC "-//W3C//DTD XHTML 1.0 Transitional//EN"
    "http://www.w3.org/TR/xhtml1/DTD/xhtml1-transitional.dtd">
<html xmlns="http://www.w3.org/1999/xhtml" xml:lang="en" lang="en">
 <head>
  <title>
</title>
<meta http-equiv="Content-Type" content="text/html;charset=utf-8" />
  <meta name='ocr-system' content='tesseract 3.04.00' />
  <meta name='ocr-capabilities' content='ocr_page ocr_carea ocr_par ocr_line ocrx_word'/>
</head>
<body>
  <div class='ocr_page' id='page_1' title='image "./tractatusdedeot00frangoog/tractatusdedeot00frangoog_0394.png"; bbox 0 0 3172 4950; ppageno 0'>
   <div class='ocr_carea' id='block_1_1' title="bbox 175 331 1316 4191">
    <p class='ocr_par' dir='ltr' id='par_1_1' title="bbox 175 331 1316 4191">
     <span class='ocr_line' id='line_1_1' title="bbox 632 331 811 390; baseline -0.011 -13"><span class='ocrx_word' id='word_1_1' title='bbox 632 360 670 377; x_wconf 92' lang='grc'>..</span> <span class='ocrx_word' id='word_1_2' title='bbox 691 331 752 390; x_wconf 77' lang='lat'>383</span> <span class='ocrx_word' id='word_1_3' title='bbox 772 360 811 375; x_wconf 95' lang='grc'>..</span> 
     </span>
     <span class='ocr_line' id='line_1_2' title="bbox 176 432 1312 528; baseline -0.001 -22"><span class='ocrx_word' id='word_1_4' title='bbox 176 444 281 507; x_wconf 90' lang='lat' dir='ltr'>etum.</span> <span class='ocrx_word' id='word_1_5' title='bbox 302 436 479 505; x_wconf 75' lang='lat' dir='ltr'>Aureolus</span> <span class='ocrx_word' id='word_1_6' title='bbox 503 435 642 528; x_wconf 88' lang='lat' dir='ltr'>quidem</span> <span class='ocrx_word' id='word_1_7' title='bbox 666 435 720 503; x_wconf 89' lang='lat' dir='ltr'>ita</span> <span class='ocrx_word' id='word_1_8' title='bbox 742 434 913 527; x_wconf 87' lang='lat' dir='ltr'>loquitur:</span> <span class='ocrx_word' id='word_1_9' title='bbox 947 463 962 496; x_wconf 78' lang='lat' dir='ltr'>o</span> <span class='ocrx_word' id='word_1_10' title='bbox 980 432 1108 503; x_wconf 89' lang='lat' dir='ltr'>filiatio</span> <span class='ocrx_word' id='word_1_11' title='bbox 1130 457 1198 501; x_wconf 92' lang='lat' dir='ltr'>non</span> <span class='ocrx_word' id='word_1_12' title='bbox 1216 456 1312 524; x_wconf 89' lang='lat' dir='ltr'>prae·</span> 
     </span>
     <span class='ocr_line' id='line_1_3' title="bbox 176 542 1311 635; baseline -0.002 -20"><span class='ocrx_word' id='word_1_13' title='bbox 176 570 203 615; x_wconf 77' lang='lat' dir='ltr'>se</span> <span class='ocrx_word' id='word_1_14' title='bbox 227 546 416 615; x_wconf 91' lang='lat' dir='ltr'>constituit</span> <span class='ocrx_word' id='word_1_15' title='bbox 437 544 526 613; x_wconf 86' lang='lat' dir='ltr'>Filii</span> <span class='ocrx_word' id='word_1_16' title='bbox 548 543 846 635; x_wconf 78' lang='lat' dir='ltr'>personalitatem,</span> <span class='ocrx_word' id='word_1_17' title='bbox 862 543 945 634; x_wconf 89' lang='lat' dir='ltr'>quia</span> <span class='ocrx_word' id='word_1_18' title='bbox 961 542 1149 612; x_wconf 89' lang='lat' dir='ltr'>secundum</span> <span class='ocrx_word' id='word_1_19' title='bbox 1163 543 1227 613; x_wconf 87' lang='lat' dir='ltr'>hoe</span> <span class='ocrx_word' id='word_1_20' title='bbox 1244 545 1311 634; x_wconf 92' lang='lat' dir='ltr'>spi-</span> 
     </span>
     <span class='ocr_line' id='line_1_4' title="bbox 175 650 1312 740; baseline -0.002 -18"><span class='ocrx_word' id='word_1_21' title='bbox 175 656 225 723; x_wconf 92' lang='lat' dir='ltr'>tio</span> <span class='ocrx_word' id='word_1_22' title='bbox 247 654 369 723; x_wconf 83' lang='lat' dir='ltr'>activa</span> <span class='ocrx_word' id='word_1_23' title='bbox 391 659 484 722; x_wconf 86' lang='lat' dir='ltr'>esset</span> <span class='ocrx_word' id='word_1_24' title='bbox 506 653 703 721; x_wconf 85' lang='lat' dir='ltr'>adventitia</span> <span class='ocrx_word' id='word_1_25' title='bbox 726 657 761 720; x_wconf 89' lang='lat' dir='ltr'>ct</span> <span class='ocrx_word' id='word_1_26' title='bbox 784 659 886 719; x_wconf 89' lang='lat' dir='ltr'>extra</span> <span class='ocrx_word' id='word_1_27' title='bbox 917 650 1202 740; x_wconf 80' lang='lat' dir='ltr'>personalitatem</span> <span class='ocrx_word' id='word_1_28' title='bbox 1224 651 1312 720; x_wconf 80' lang='lat' dir='ltr'>Filii</span> 
     </span>
     <span class='ocr_line' id='line_1_5' title="bbox 176 756 1312 853; baseline -0.001 -25"><span class='ocrx_word' id='word_1_29' title='bbox 176 782 311 853; x_wconf 88' lang='lat' dir='ltr'>mquam</span> <span class='ocrx_word' id='word_1_30' title='bbox 334 760 469 851; x_wconf 91' lang='lat' dir='ltr'>aliquid</span> <span class='ocrx_word' id='word_1_31' title='bbox 492 759 739 843; x_wconf 84' lang='lat' dir='ltr'>extrinsecum,</span> <span class='ocrx_word' id='word_1_32' title='bbox 765 763 801 826; x_wconf 88' lang='lat' dir='ltr'>et</span> <span class='ocrx_word' id='word_1_33' title='bbox 824 756 898 825; x_wconf 90' lang='lat' dir='ltr'>sine</span> <span class='ocrx_word' id='word_1_34' title='bbox 922 780 988 848; x_wconf 91' lang='lat' dir='ltr'>quo</span> <span class='ocrx_word' id='word_1_35' title='bbox 1012 764 1206 827; x_wconf 74' lang='lat' dir='ltr'>remaneret</span> <span class='ocrx_word' id='word_1_36' title='bbox 1235 781 1312 848; x_wconf 92' lang='lat' dir='ltr'>per·</span> 
     </span>
     <span class='ocr_line' id='line_1_6' title="bbox 176 863 1312 956; baseline -0.004 -21"><span class='ocrx_word' id='word_1_37' title='bbox 176 888 231 951; x_wconf 88' lang='lat' dir='ltr'>na;</span> <span class='ocrx_word' id='word_1_38' title='bbox 257 890 342 955; x_wconf 87' lang='lat' dir='ltr'>ergo</span> <span class='ocrx_word' id='word_1_39' title='bbox 365 864 578 956; x_wconf 86' lang='lat' dir='ltr'>impossibile</span> <span class='ocrx_word' id='word_1_40' title='bbox 602 872 656 934; x_wconf 91' lang='lat' dir='ltr'>est</span> <span class='ocrx_word' id='word_1_41' title='bbox 678 887 815 955; x_wconf 91' lang='lat' dir='ltr'>ponere,</span> <span class='ocrx_word' id='word_1_42' title='bbox 831 863 921 953; x_wconf 89' lang='lat' dir='ltr'>qnod</span> <span class='ocrx_word' id='word_1_43' title='bbox 946 863 1019 930; x_wconf 89' lang='lat' dir='ltr'>sola</span> <span class='ocrx_word' id='word_1_44' title='bbox 1043 863 1212 932; x_wconf 89' lang='lat' dir='ltr'>filiatione</span> <span class='ocrx_word' id='word_1_45' title='bbox 1236 887 1312 953; x_wconf 91' lang='lat' dir='ltr'>per·</span> 
     </span>
     <span class='ocr_line' id='line_1_7' title="bbox 175 971 1311 1065; baseline -0.002 -22"><span class='ocrx_word' id='word_1_46' title='bbox 175 974 306 1043; x_wconf 82' lang='lat' dir='ltr'>naliter</span> <span class='ocrx_word' id='word_1_47' title='bbox 328 975 583 1065; x_wconf 84' lang='lat' dir='ltr'>distinguatur.</span> <span class='ocrx_word' id='word_1_48' title='bbox 598 1025 629 1041; x_wconf 88' lang='lat'>..</span> <span class='ocrx_word' id='word_1_49' title='bbox 658 973 742 1040; x_wconf 85' lang='lat' dir='ltr'>Tam</span> <span class='ocrx_word' id='word_1_50' title='bbox 766 972 919 1041; x_wconf 86' lang='lat' dir='ltr'>essentia</span> <span class='ocrx_word' id='word_1_51' title='bbox 943 992 1045 1063; x_wconf 90' lang='lat' dir='ltr'>quam</span> <span class='ocrx_word' id='word_1_52' title='bbox 1068 971 1187 1040; x_wconf 85' lang='lat' dir='ltr'>activa</span> <span class='ocrx_word' id='word_1_53' title='bbox 1210 995 1311 1062; x_wconf 83' lang='lat' dir='ltr'>gene·</span> 
     </span>
     <span class='ocr_line' id='line_1_8' title="bbox 176 1078 1313 1170; baseline -0.004 -19"><span class='ocrx_word' id='word_1_54' title='bbox 176 1083 227 1152; x_wconf 86' lang='lat' dir='ltr'>tio</span> <span class='ocrx_word' id='word_1_55' title='bbox 249 1091 285 1151; x_wconf 88' lang='lat' dir='ltr'>et</span> <span class='ocrx_word' id='word_1_56' title='bbox 308 1082 471 1151; x_wconf 90' lang='lat' dir='ltr'>similiter</span> <span class='ocrx_word' id='word_1_57' title='bbox 494 1082 613 1151; x_wconf 90' lang='lat' dir='ltr'>activa</span> <span class='ocrx_word' id='word_1_58' title='bbox 636 1080 784 1170; x_wconf 84' lang='lat' dir='ltr'>spiratio</span> <span class='ocrx_word' id='word_1_59' title='bbox 817 1079 861 1148; x_wconf 90' lang='lat' dir='ltr'>ad</span> <span class='ocrx_word' id='word_1_60' title='bbox 885 1078 1170 1168; x_wconf 85' lang='lat' dir='ltr'>personalitatem</span> <span class='ocrx_word' id='word_1_61' title='bbox 1194 1079 1313 1148; x_wconf 89' lang='lat' dir='ltr'>Patris</span> 
     </span>
     <span class='ocr_line' id='line_1_9' title="bbox 177 1187 1311 1279; baseline -0.003 -20"><span class='ocrx_word' id='word_1_62' title='bbox 177 1190 325 1259; x_wconf 89' lang='lat' dir='ltr'>trinsece</span> <span class='ocrx_word' id='word_1_63' title='bbox 350 1196 584 1275; x_wconf 85' lang='lat' dir='ltr'>concurrunt;</span> <span class='ocrx_word' id='word_1_64' title='bbox 610 1187 772 1278; x_wconf 86' lang='lat' dir='ltr'>generari</span> <span class='ocrx_word' id='word_1_65' title='bbox 797 1210 878 1255; x_wconf 90' lang='lat' dir='ltr'>vero</span> <span class='ocrx_word' id='word_1_66' title='bbox 902 1193 938 1255; x_wconf 91' lang='lat' dir='ltr'>et</span> <span class='ocrx_word' id='word_1_67' title='bbox 960 1187 1095 1276; x_wconf 88' lang='lat' dir='ltr'>spirare</span> <span class='ocrx_word' id='word_1_68' title='bbox 1126 1194 1230 1279; x_wconf 89' lang='lat' dir='ltr'>atque</span> <span class='ocrx_word' id='word_1_69' title='bbox 1260 1211 1311 1256; x_wconf 89' lang='lat' dir='ltr'>es-</span> 
     </span>
     <span class='ocr_line' id='line_1_10' title="bbox 176 1292 1312 1385; baseline 0 -22"><span class='ocrx_word' id='word_1_70' title='bbox 176 1296 249 1363; x_wconf 86' lang='lat' dir='ltr'>ntia</span> <span class='ocrx_word' id='word_1_71' title='bbox 271 1296 316 1363; x_wconf 90' lang='lat' dir='ltr'>ad</span> <span class='ocrx_word' id='word_1_72' title='bbox 340 1295 624 1385; x_wconf 83' lang='lat' dir='ltr'>personalitatem</span> <span class='ocrx_word' id='word_1_73' title='bbox 647 1294 745 1380; x_wconf 75' lang='lat' dir='ltr'>Filii,</span> <span class='ocrx_word' id='word_1_74' title='bbox 765 1292 894 1381; x_wconf 87' lang='lat' dir='ltr'>spirari</span> <span class='ocrx_word' id='word_1_75' title='bbox 918 1299 1034 1360; x_wconf 88' lang='lat' dir='ltr'>autem</span> <span class='ocrx_word' id='word_1_76' title='bbox 1057 1300 1094 1362; x_wconf 90' lang='lat' dir='ltr'>et</span> <span class='ocrx_word' id='word_1_77' title='bbox 1116 1293 1239 1362; x_wconf 88' lang='lat' dir='ltr'>divina</span> <span class='ocrx_word' id='word_1_78' title='bbox 1261 1317 1312 1363; x_wconf 91' lang='lat' dir='ltr'>es·</span> 
     </span>
     <span class='ocr_line' id='line_1_11' title="bbox 176 1401 1308 1495; baseline -0.001 -23"><span class='ocrx_word' id='word_1_79' title='bbox 176 1404 250 1472; x_wconf 87' lang='lat' dir='ltr'>ntia</span> <span class='ocrx_word' id='word_1_80' title='bbox 264 1413 402 1472; x_wconf 87' lang='lat' dir='ltr'>tantum</span> <span class='ocrx_word' id='word_1_81' title='bbox 418 1404 463 1473; x_wconf 90' lang='lat' dir='ltr'>ad</span> <span class='ocrx_word' id='word_1_82' title='bbox 479 1404 766 1495; x_wconf 85' lang='lat' dir='ltr'>personalitatem</span> <span class='ocrx_word' id='word_1_83' title='bbox 783 1402 938 1491; x_wconf 86' lang='lat' dir='ltr'>Spiritus</span> <span class='ocrx_word' id='word_1_84' title='bbox 952 1401 1073 1470; x_wconf 83' lang='lat' dir='ltr'>Sancti</span> <span class='ocrx_word' id='word_1_85' title='bbox 1092 1430 1108 1465; x_wconf 81' lang='lat' dir='ltr'>n</span> <span class='ocrx_word' id='word_1_86' title='bbox 1127 1403 1308 1472; x_wconf 80' lang='lat' dir='ltr'>Aureoli.</span> 
     </span>
     <span class='ocr_line' id='line_1_12' title="bbox 176 1511 1309 1602; baseline 0 -21"><span class='ocrx_word' id='word_1_87' title='bbox 176 1515 222 1583; x_wconf 84' lang='lat' dir='ltr'>ist.</span> <span class='ocrx_word' id='word_1_88' title='bbox 237 1513 293 1581; x_wconf 92' lang='grc'>11.</span> <span class='ocrx_word' id='word_1_89' title='bbox 308 1534 341 1579; x_wconf 88' lang='lat' dir='ltr'>a.</span> <span class='ocrx_word' id='word_1_90' title='bbox 357 1512 391 1581; x_wconf 88' lang='grc'>3.</span> <span class='ocrx_word' id='word_1_91' title='bbox 409 1514 460 1581; x_wconf 89' lang='lat' dir='ltr'>At</span> <span class='ocrx_word' id='word_1_92' title='bbox 482 1513 519 1580; x_wconf 91' lang='lat' dir='ltr'>in</span> <span class='ocrx_word' id='word_1_93' title='bbox 543 1514 609 1582; x_wconf 88' lang='lat' dir='ltr'>hac</span> <span class='ocrx_word' id='word_1_94' title='bbox 633 1512 792 1581; x_wconf 88' lang='lat' dir='ltr'>doctrina</span> <span class='ocrx_word' id='word_1_95' title='bbox 816 1533 936 1580; x_wconf 89' lang='lat' dir='ltr'>verum</span> <span class='ocrx_word' id='word_1_96' title='bbox 960 1511 1096 1602; x_wconf 92' lang='lat' dir='ltr'>quidem</span> <span class='ocrx_word' id='word_1_97' title='bbox 1120 1511 1211 1580; x_wconf 91' lang='lat' dir='ltr'>illud</span> <span class='ocrx_word' id='word_1_98' title='bbox 1235 1518 1309 1597; x_wconf 90' lang='lat' dir='ltr'>est,</span> 
     </span>
     <span class='ocr_line' id='line_1_13' title="bbox 176 1620 1311 1711; baseline 0 -22"><span class='ocrx_word' id='word_1_99' title='bbox 176 1621 228 1691; x_wconf 85' lang='lat' dir='ltr'>rod</span> <span class='ocrx_word' id='word_1_100' title='bbox 249 1644 271 1689; x_wconf 88' lang='lat' dir='ltr'>a</span> <span class='ocrx_word' id='word_1_101' title='bbox 293 1628 392 1711; x_wconf 88' lang='lat' dir='ltr'>parte</span> <span class='ocrx_word' id='word_1_102' title='bbox 415 1621 467 1690; x_wconf 91' lang='lat' dir='ltr'>rei</span> <span class='ocrx_word' id='word_1_103' title='bbox 490 1628 525 1689; x_wconf 90' lang='lat' dir='ltr'>et</span> <span class='ocrx_word' id='word_1_104' title='bbox 548 1622 736 1690; x_wconf 91' lang='lat' dir='ltr'>secundum</span> <span class='ocrx_word' id='word_1_105' title='bbox 759 1620 948 1711; x_wconf 89' lang='lat' dir='ltr'>pleniorem</span> <span class='ocrx_word' id='word_1_106' title='bbox 972 1626 1173 1710; x_wconf 89' lang='lat' dir='ltr'>conceptum</span> <span class='ocrx_word' id='word_1_107' title='bbox 1196 1626 1311 1710; x_wconf 89' lang='lat' dir='ltr'>pater·</span> 
     </span>
     <span class='ocr_line' id='line_1_14' title="bbox 176 1726 1313 1819; baseline 0 -24"><span class='ocrx_word' id='word_1_108' title='bbox 176 1726 232 1797; x_wconf 86' lang='lat' dir='ltr'>itas</span> <span class='ocrx_word' id='word_1_109' title='bbox 260 1728 415 1797; x_wconf 88' lang='lat' dir='ltr'>involvit</span> <span class='ocrx_word' id='word_1_110' title='bbox 445 1728 670 1819; x_wconf 83' lang='lat' dir='ltr'>spirationem</span> <span class='ocrx_word' id='word_1_111' title='bbox 693 1734 729 1796; x_wconf 91' lang='lat' dir='ltr'>et</span> <span class='ocrx_word' id='word_1_112' title='bbox 755 1750 829 1796; x_wconf 90' lang='lat' dir='ltr'>esse</span> <span class='ocrx_word' id='word_1_113' title='bbox 860 1727 1055 1816; x_wconf 84' lang='lat' dir='ltr'>ingenitum</span> <span class='ocrx_word' id='word_1_114' title='bbox 1088 1726 1313 1818; x_wconf 88' lang='lat' dir='ltr'>(pariterque</span> 
     </span>
     <span class='ocr_line' id='line_1_15' title="bbox 176 1832 1312 1924; baseline 0 -23"><span class='ocrx_word' id='word_1_115' title='bbox 176 1832 274 1903; x_wconf 82' lang='lat' dir='ltr'>lenius</span> <span class='ocrx_word' id='word_1_116' title='bbox 297 1840 463 1924; x_wconf 86' lang='lat' dir='ltr'>concepta</span> <span class='ocrx_word' id='word_1_117' title='bbox 487 1834 615 1903; x_wconf 87' lang='lat' dir='ltr'>filiatio</span> <span class='ocrx_word' id='word_1_118' title='bbox 638 1833 791 1902; x_wconf 87' lang='lat' dir='ltr'>includit</span> <span class='ocrx_word' id='word_1_119' title='bbox 814 1834 1074 1923; x_wconf 86' lang='lat' dir='ltr'>spirationem),</span> <span class='ocrx_word' id='word_1_120' title='bbox 1094 1839 1136 1901; x_wconf 88' lang='lat' dir='ltr'>ut</span> <span class='ocrx_word' id='word_1_121' title='bbox 1160 1834 1197 1902; x_wconf 94' lang='lat' dir='ltr'>in</span> <span class='ocrx_word' id='word_1_122' title='bbox 1219 1834 1312 1902; x_wconf 90' lang='lat' dir='ltr'>thesi</span> 
     </span>
     <span class='ocr_line' id='line_1_16' title="bbox 176 1938 1312 2035; baseline 0 -24"><span class='ocrx_word' id='word_1_123' title='bbox 176 1942 403 2029; x_wconf 72' lang='lat' dir='ltr'>mlaravimus5</span> <span class='ocrx_word' id='word_1_124' title='bbox 423 1938 482 2012; x_wconf 82' lang='lat' dir='ltr'>sed</span> <span class='ocrx_word' id='word_1_125' title='bbox 505 1944 642 2035; x_wconf 89' lang='lat' dir='ltr'>quando</span> <span class='ocrx_word' id='word_1_126' title='bbox 660 1940 824 2012; x_wconf 90' lang='lat' dir='ltr'>formales</span> <span class='ocrx_word' id='word_1_127' title='bbox 840 1942 904 2009; x_wconf 92' lang='lat' dir='ltr'>hae</span> <span class='ocrx_word' id='word_1_128' title='bbox 923 1942 1075 2010; x_wconf 90' lang='lat' dir='ltr'>rationes</span> <span class='ocrx_word' id='word_1_129' title='bbox 1092 1942 1218 2011; x_wconf 87' lang='lat' dir='ltr'>mentis</span> <span class='ocrx_word' id='word_1_130' title='bbox 1235 1965 1312 2011; x_wconf 91' lang='lat' dir='ltr'>con·</span> 
     </span>
     <span class='ocr_line' id='line_1_17' title="bbox 176 2047 1313 2140; baseline -0.002 -23"><span class='ocrx_word' id='word_1_131' title='bbox 176 2048 345 2118; x_wconf 80' lang='lat' dir='ltr'>iteratione</span> <span class='ocrx_word' id='word_1_132' title='bbox 368 2048 659 2138; x_wconf 86' lang='lat' dir='ltr'>distinguuntur,</span> <span class='ocrx_word' id='word_1_133' title='bbox 686 2057 723 2117; x_wconf 89' lang='lat' dir='ltr'>et</span> <span class='ocrx_word' id='word_1_134' title='bbox 745 2056 819 2117; x_wconf 89' lang='lat' dir='ltr'>tum</span> <span class='ocrx_word' id='word_1_135' title='bbox 847 2047 1049 2140; x_wconf 87' lang='lat' dir='ltr'>quaeritur,</span> <span class='ocrx_word' id='word_1_136' title='bbox 1076 2049 1140 2116; x_wconf 91' lang='lat' dir='ltr'>sub</span> <span class='ocrx_word' id='word_1_137' title='bbox 1164 2070 1313 2140; x_wconf 90' lang='lat' dir='ltr'>quanam</span> 
     </span>
     <span class='ocr_line' id='line_1_18' title="bbox 176 2156 1312 2248; baseline 0.001 -25"><span class='ocrx_word' id='word_1_138' title='bbox 176 2158 289 2226; x_wconf 76' lang='lat' dir='ltr'>rillio</span> <span class='ocrx_word' id='word_1_139' title='bbox 318 2157 466 2247; x_wconf 90' lang='lat' dir='ltr'>primum</span> <span class='ocrx_word' id='word_1_140' title='bbox 498 2158 733 2248; x_wconf 90' lang='lat' dir='ltr'>concipiamus</span> <span class='ocrx_word' id='word_1_141' title='bbox 765 2158 904 2225; x_wconf 86' lang='lat' dir='ltr'>Patrem</span> <span class='ocrx_word' id='word_1_142' title='bbox 934 2163 970 2225; x_wconf 91' lang='lat' dir='ltr'>et</span> <span class='ocrx_word' id='word_1_143' title='bbox 1003 2156 1136 2225; x_wconf 91' lang='lat' dir='ltr'>Filium</span> <span class='ocrx_word' id='word_1_144' title='bbox 1173 2162 1213 2224; x_wconf 91' lang='lat' dir='ltr'>ut</span> <span class='ocrx_word' id='word_1_145' title='bbox 1236 2179 1312 2246; x_wconf 92' lang='lat' dir='ltr'>per-</span> 
     </span>
     <span class='ocr_line' id='line_1_19' title="bbox 176 2264 1310 2355; baseline 0 -23"><span class='ocrx_word' id='word_1_146' title='bbox 176 2286 241 2333; x_wconf 86' lang='lat' dir='ltr'>ones</span> <span class='ocrx_word' id='word_1_147' title='bbox 271 2264 479 2352; x_wconf 73' lang='lat' dir='ltr'>distinctas,</span> <span class='ocrx_word' id='word_1_148' title='bbox 507 2265 582 2333; x_wconf 91' lang='lat' dir='ltr'>sine</span> <span class='ocrx_word' id='word_1_149' title='bbox 618 2266 721 2334; x_wconf 92' lang='lat' dir='ltr'>dnbio</span> <span class='ocrx_word' id='word_1_150' title='bbox 755 2265 1031 2355; x_wconf 87' lang='lat' dir='ltr'>respondendum</span> <span class='ocrx_word' id='word_1_151' title='bbox 1066 2271 1142 2349; x_wconf 90' lang='lat' dir='ltr'>est,</span> <span class='ocrx_word' id='word_1_152' title='bbox 1170 2271 1211 2332; x_wconf 90' lang='lat' dir='ltr'>ut</span> <span class='ocrx_word' id='word_1_153' title='bbox 1241 2266 1310 2332; x_wconf 82' lang='lat' dir='ltr'>for·</span> 
     </span>
     <span class='ocr_line' id='line_1_20' title="bbox 176 2370 1314 2465; baseline 0.001 -28"><span class='ocrx_word' id='word_1_154' title='bbox 176 2370 260 2440; x_wconf 84' lang='lat' dir='ltr'>ulem</span> <span class='ocrx_word' id='word_1_155' title='bbox 282 2370 451 2441; x_wconf 87' lang='lat' dir='ltr'>rationem</span> <span class='ocrx_word' id='word_1_156' title='bbox 474 2372 593 2440; x_wconf 89' lang='lat' dir='ltr'>Patris</span> <span class='ocrx_word' id='word_1_157' title='bbox 617 2371 753 2461; x_wconf 82' lang='lat' dir='ltr'>concipi</span> <span class='ocrx_word' id='word_1_158' title='bbox 776 2372 1036 2461; x_wconf 87' lang='lat' dir='ltr'>paternitatem,</span> <span class='ocrx_word' id='word_1_159' title='bbox 1054 2393 1141 2465; x_wconf 85' lang='lat' dir='ltr'>quae</span> <span class='ocrx_word' id='word_1_160' title='bbox 1166 2393 1314 2460; x_wconf 88' lang='lat' dir='ltr'>persone</span> 
     </span>
     <span class='ocr_line' id='line_1_21' title="bbox 176 2476 1310 2569; baseline 0.001 -24"><span class='ocrx_word' id='word_1_161' title='bbox 176 2476 261 2547; x_wconf 82' lang='lat' dir='ltr'>sindo</span> <span class='ocrx_word' id='word_1_162' title='bbox 291 2478 510 2568; x_wconf 86' lang='lat' dir='ltr'>intelligitur</span> <span class='ocrx_word' id='word_1_163' title='bbox 542 2479 647 2547; x_wconf 89' lang='lat' dir='ltr'>simul</span> <span class='ocrx_word' id='word_1_164' title='bbox 671 2485 711 2546; x_wconf 90' lang='lat' dir='ltr'>ut</span> <span class='ocrx_word' id='word_1_165' title='bbox 734 2478 894 2567; x_wconf 88' lang='lat' dir='ltr'>ingenita</span> <span class='ocrx_word' id='word_1_166' title='bbox 916 2484 952 2546; x_wconf 89' lang='lat' dir='ltr'>et</span> <span class='ocrx_word' id='word_1_167' title='bbox 975 2480 1114 2569; x_wconf 87' lang='lat' dir='ltr'>spirans</span> <span class='ocrx_word' id='word_1_168' title='bbox 1139 2478 1310 2569; x_wconf 85' lang='lat' dir='ltr'>Spiritum</span> 
     </span>
     <span class='ocr_line' id='line_1_22' title="bbox 176 2582 1310 2677; baseline 0.004 -26"><span class='ocrx_word' id='word_1_169' title='bbox 176 2582 315 2673; x_wconf 71' lang='lat' dir='ltr'>tactum,</span> <span class='ocrx_word' id='word_1_170' title='bbox 342 2585 433 2654; x_wconf 91' lang='lat' dir='ltr'>idem</span> <span class='ocrx_word' id='word_1_171' title='bbox 457 2586 513 2655; x_wconf 92' lang='lat' dir='ltr'>dic</span> <span class='ocrx_word' id='word_1_172' title='bbox 537 2586 578 2655; x_wconf 90' lang='lat' dir='ltr'>de</span> <span class='ocrx_word' id='word_1_173' title='bbox 602 2586 772 2655; x_wconf 87' lang='lat' dir='ltr'>filiatione</span> <span class='ocrx_word' id='word_1_174' title='bbox 797 2593 993 2677; x_wconf 90' lang='lat' dir='ltr'>comparate</span> <span class='ocrx_word' id='word_1_175' title='bbox 1009 2588 1052 2656; x_wconf 91' lang='lat' dir='ltr'>ad</span> <span class='ocrx_word' id='word_1_176' title='bbox 1073 2587 1310 2677; x_wconf 88' lang='lat' dir='ltr'>spirationem.</span> 
     </span>
     <span class='ocr_line' id='line_1_23' title="bbox 176 2690 1313 2784; baseline 0.004 -25"><span class='ocrx_word' id='word_1_177' title='bbox 176 2690 352 2784; x_wconf 84' lang='lat' dir='ltr'>linplieiter</span> <span class='ocrx_word' id='word_1_178' title='bbox 376 2718 459 2784; x_wconf 86' lang='lat' dir='ltr'>ergo</span> <span class='ocrx_word' id='word_1_179' title='bbox 483 2718 560 2763; x_wconf 90' lang='lat' dir='ltr'>enm</span> <span class='ocrx_word' id='word_1_180' title='bbox 584 2695 693 2764; x_wconf 62' lang='lat' dir='ltr'>suh.</span> <span class='ocrx_word' id='word_1_181' title='bbox 712 2702 747 2763; x_wconf 90' lang='lat' dir='ltr'>et</span> <span class='ocrx_word' id='word_1_182' title='bbox 770 2696 871 2763; x_wconf 86' lang='lat' dir='ltr'>iuxta</span> <span class='ocrx_word' id='word_1_183' title='bbox 887 2718 1096 2763; x_wconf 89' lang='lat' dir='ltr'>communem</span> <span class='ocrx_word' id='word_1_184' title='bbox 1111 2717 1313 2764; x_wconf 84' lang='lat' dir='ltr'>consensum</span> 
     </span>
     <span class='ocr_line' id='line_1_24' title="bbox 176 2796 1314 2893; baseline 0.009 -28"><span class='ocrx_word' id='word_1_185' title='bbox 176 2796 376 2893; x_wconf 81' lang='lat' dir='ltr'>leologorum</span> <span class='ocrx_word' id='word_1_186' title='bbox 399 2803 583 2872; x_wconf 89' lang='lat' dir='ltr'>dicendum</span> <span class='ocrx_word' id='word_1_187' title='bbox 614 2810 691 2872; x_wconf 91' lang='lat' dir='ltr'>est:</span> <span class='ocrx_word' id='word_1_188' title='bbox 718 2804 950 2893; x_wconf 88' lang='lat' dir='ltr'>proprietates</span> <span class='ocrx_word' id='word_1_189' title='bbox 979 2806 1218 2871; x_wconf 79' lang='lat' dir='ltr'>constituentes</span> <span class='ocrx_word' id='word_1_190' title='bbox 1240 2828 1314 2875; x_wconf 87' lang='lat' dir='ltr'>esse</span> 
     </span>
     <span class='ocr_line' id='line_1_25' title="bbox 176 2911 1314 3004; baseline 0.004 -27"><span class='ocrx_word' id='word_1_191' title='bbox 176 2928 226 2994; x_wconf 83' lang='lat' dir='ltr'>res,</span> <span class='ocrx_word' id='word_1_192' title='bbox 238 2933 322 3004; x_wconf 88' lang='lat' dir='ltr'>quas</span> <span class='ocrx_word' id='word_1_193' title='bbox 345 2912 697 2980; x_wconf 88' lang='lat' dir='ltr'>commemoravimus.</span> <span class='ocrx_word' id='word_1_194' title='bbox 712 2941 728 2975; x_wconf 78' lang='lat' dir='ltr'>a</span> <span class='ocrx_word' id='word_1_195' title='bbox 743 2913 887 3001; x_wconf 87' lang='lat' dir='ltr'>Oportet</span> <span class='ocrx_word' id='word_1_196' title='bbox 911 2913 1024 3002; x_wconf 79' lang='lat' dir='ltr'>igitur</span> <span class='ocrx_word' id='word_1_197' title='bbox 1040 2911 1208 3001; x_wconf 87' lang='lat' dir='ltr'>intelligi,</span> <span class='ocrx_word' id='word_1_198' title='bbox 1224 2912 1314 3003; x_wconf 91' lang='lat' dir='ltr'>quod</span> 
     </span>
     <span class='ocr_line' id='line_1_26' title="bbox 176 3010 1312 3109; baseline 0.004 -28"><span class='ocrx_word' id='word_1_199' title='bbox 176 3010 290 3086; x_wconf 84' lang='lat' dir='ltr'>durium</span> <span class='ocrx_word' id='word_1_200' title='bbox 307 3019 562 3109; x_wconf 90' lang='lat' dir='ltr'>proprietatum</span> <span class='ocrx_word' id='word_1_201' title='bbox 578 3041 639 3087; x_wconf 90' lang='lat' dir='ltr'>seu</span> <span class='ocrx_word' id='word_1_202' title='bbox 655 3018 833 3086; x_wconf 91' lang='lat' dir='ltr'>notionum</span> <span class='ocrx_word' id='word_1_203' title='bbox 851 3020 911 3087; x_wconf 89' lang='lat' dir='ltr'>nni</span> <span class='ocrx_word' id='word_1_204' title='bbox 929 3041 1095 3109; x_wconf 90' lang='lat' dir='ltr'>personae</span> <span class='ocrx_word' id='word_1_205' title='bbox 1108 3018 1312 3088; x_wconf 86' lang='lat' dir='ltr'>convenien-</span> 
     </span>
     <span class='ocr_line' id='line_1_27' title="bbox 176 3118 1313 3218; baseline 0.004 -30"><span class='ocrx_word' id='word_1_206' title='bbox 176 3118 320 3209; x_wconf 74' lang='lat' dir='ltr'>dumille</span> <span class='ocrx_word' id='word_1_207' title='bbox 343 3146 431 3218; x_wconf 86' lang='lat' dir='ltr'>quae</span> <span class='ocrx_word' id='word_1_208' title='bbox 455 3126 609 3215; x_wconf 90' lang='lat' dir='ltr'>procedit</span> <span class='ocrx_word' id='word_1_209' title='bbox 633 3125 857 3213; x_wconf 78' lang='lat' dir='ltr'>(praeceditl)</span> <span class='ocrx_word' id='word_1_210' title='bbox 874 3126 1063 3194; x_wconf 86' lang='lat' dir='ltr'>secundum</span> <span class='ocrx_word' id='word_1_211' title='bbox 1080 3126 1235 3195; x_wconf 91' lang='lat' dir='ltr'>ordinem</span> <span class='ocrx_word' id='word_1_212' title='bbox 1254 3148 1313 3194; x_wconf 91' lang='lat' dir='ltr'>na-</span> 
     </span>
     <span class='ocr_line' id='line_1_28' title="bbox 176 3218 1313 3326; baseline 0.005 -29"><span class='ocrx_word' id='word_1_213' title='bbox 176 3248 253 3316; x_wconf 51' lang='lat' dir='ltr'>¹tutte,</span> <span class='ocrx_word' id='word_1_214' title='bbox 276 3254 457 3323; x_wconf 89' lang='lat' dir='ltr'>personam</span> <span class='ocrx_word' id='word_1_215' title='bbox 480 3218 681 3317; x_wconf 81' lang='lat' dir='ltr'>¹constituit,</span> <span class='ocrx_word' id='word_1_216' title='bbox 697 3233 788 3300; x_wconf 88' lang='lat' dir='ltr'>aliae</span> <span class='ocrx_word' id='word_1_217' title='bbox 812 3255 895 3300; x_wconf 89' lang='lat' dir='ltr'>vero</span> <span class='ocrx_word' id='word_1_218' title='bbox 911 3234 1025 3302; x_wconf 91' lang='lat' dir='ltr'>intelli</span> <span class='ocrx_word' id='word_1_219' title='bbox 1030 3241 1165 3323; x_wconf 85' lang='lat' dir='ltr'>guntur</span> <span class='ocrx_word' id='word_1_220' title='bbox 1181 3240 1223 3302; x_wconf 92' lang='lat' dir='ltr'>ut</span> <span class='ocrx_word' id='word_1_221' title='bbox 1239 3256 1313 3326; x_wconf 88' lang='lat' dir='ltr'>per·</span> 
     </span>
     <span class='ocr_line' id='line_1_29' title="bbox 176 3341 1312 3428; baseline 0.003 -21"><span class='ocrx_word' id='word_1_222' title='bbox 176 3356 242 3410; x_wconf 78' lang='lat' dir='ltr'>trae</span> <span class='ocrx_word' id='word_1_223' title='bbox 262 3343 332 3410; x_wconf 88' lang='lat' dir='ltr'>iam</span> <span class='ocrx_word' id='word_1_224' title='bbox 355 3342 566 3411; x_wconf 88' lang='lat' dir='ltr'>constitutae</span> <span class='ocrx_word' id='word_1_225' title='bbox 589 3342 824 3410; x_wconf 89' lang='lat' dir='ltr'>inhaerentes.</span> <span class='ocrx_word' id='word_1_226' title='bbox 850 3341 1077 3411; x_wconf 80' lang='lat' dir='ltr'>Manifestum</span> <span class='ocrx_word' id='word_1_227' title='bbox 1100 3349 1154 3411; x_wconf 91' lang='lat' dir='ltr'>est</span> <span class='ocrx_word' id='word_1_228' title='bbox 1177 3350 1312 3428; x_wconf 88' lang='lat' dir='ltr'>autem,</span> 
     </span>
     <span class='ocr_line' id='line_1_30' title="bbox 176 3447 1311 3540; baseline 0.006 -29"><span class='ocrx_word' id='word_1_229' title='bbox 176 3447 232 3530; x_wconf 61' lang='lat' dir='ltr'>[uod</span> <span class='ocrx_word' id='word_1_230' title='bbox 251 3449 511 3517; x_wconf 87' lang='lat' dir='ltr'>innascibilitas</span> <span class='ocrx_word' id='word_1_231' title='bbox 533 3472 601 3516; x_wconf 93' lang='lat' dir='ltr'>non</span> <span class='ocrx_word' id='word_1_232' title='bbox 625 3455 739 3538; x_wconf 88' lang='lat' dir='ltr'>potest</span> <span class='ocrx_word' id='word_1_233' title='bbox 762 3472 836 3517; x_wconf 88' lang='lat' dir='ltr'>esse</span> <span class='ocrx_word' id='word_1_234' title='bbox 866 3451 980 3540; x_wconf 90' lang='lat' dir='ltr'>prima</span> <span class='ocrx_word' id='word_1_235' title='bbox 1010 3452 1107 3519; x_wconf 92' lang='lat' dir='ltr'>notio</span> <span class='ocrx_word' id='word_1_236' title='bbox 1137 3452 1266 3519; x_wconf 88' lang='lat' dir='ltr'>Patris.</span> <span class='ocrx_word' id='word_1_237' title='bbox 1281 3500 1311 3519; x_wconf 93' lang='lat'>..</span> 
     </span>
     <span class='ocr_line' id='line_1_31' title="bbox 176 3544 1314 3650; baseline 0.003 -27"><span class='ocrx_word' id='word_1_238' title='bbox 176 3544 334 3626; x_wconf 64' lang='lat' dir='ltr'>inmunis</span> <span class='ocrx_word' id='word_1_239' title='bbox 357 3565 472 3626; x_wconf 88' lang='lat' dir='ltr'>entem</span> <span class='ocrx_word' id='word_1_240' title='bbox 497 3558 644 3649; x_wconf 87' lang='lat' dir='ltr'>spiratio</span> <span class='ocrx_word' id='word_1_241' title='bbox 669 3558 788 3626; x_wconf 90' lang='lat' dir='ltr'>ordine</span> <span class='ocrx_word' id='word_1_242' title='bbox 813 3564 960 3628; x_wconf 89' lang='lat' dir='ltr'>naturae</span> <span class='ocrx_word' id='word_1_243' title='bbox 984 3558 1233 3650; x_wconf 88' lang='lat' dir='ltr'>praesupponit</span> <span class='ocrx_word' id='word_1_244' title='bbox 1256 3580 1314 3647; x_wconf 87' lang='lat' dir='ltr'>pa·</span> 
     </span>
     <span class='ocr_line' id='line_1_32' title="bbox 176 3664 1315 3756; baseline 0.004 -27"><span class='ocrx_word' id='word_1_245' title='bbox 176 3664 340 3734; x_wconf 75' lang='lat' dir='ltr'>unitatem</span> <span class='ocrx_word' id='word_1_246' title='bbox 364 3672 400 3735; x_wconf 92' lang='lat' dir='ltr'>et</span> <span class='ocrx_word' id='word_1_247' title='bbox 423 3666 640 3749; x_wconf 88' lang='lat' dir='ltr'>filiationem,</span> <span class='ocrx_word' id='word_1_248' title='bbox 658 3666 751 3734; x_wconf 90' lang='lat' dir='ltr'>sieut</span> <span class='ocrx_word' id='word_1_249' title='bbox 772 3666 944 3756; x_wconf 88' lang='lat' dir='ltr'>processio</span> <span class='ocrx_word' id='word_1_250' title='bbox 967 3665 1095 3735; x_wconf 88' lang='lat' dir='ltr'>amoris</span> <span class='ocrx_word' id='word_1_251' title='bbox 1119 3665 1315 3756; x_wconf 85' lang='lat' dir='ltr'>processio-</span> 
     </span>
     <span class='ocr_line' id='line_1_33' title="bbox 176 3771 1315 3863; baseline 0.002 -25"><span class='ocrx_word' id='word_1_252' title='bbox 176 3786 221 3838; x_wconf 76' lang='lat' dir='ltr'>ttn</span> <span class='ocrx_word' id='word_1_253' title='bbox 240 3774 348 3843; x_wconf 81' lang='lat' dir='ltr'>verbi.</span> <span class='ocrx_word' id='word_1_254' title='bbox 374 3774 474 3842; x_wconf 86' lang='lat' dir='ltr'>Unde</span> <span class='ocrx_word' id='word_1_255' title='bbox 498 3796 559 3842; x_wconf 89' lang='lat' dir='ltr'>nee</span> <span class='ocrx_word' id='word_1_256' title='bbox 584 3773 773 3841; x_wconf 89' lang='lat' dir='ltr'>communis</span> <span class='ocrx_word' id='word_1_257' title='bbox 797 3773 944 3863; x_wconf 89' lang='lat' dir='ltr'>spiratio</span> <span class='ocrx_word' id='word_1_258' title='bbox 968 3780 1179 3863; x_wconf 86' lang='lat' dir='ltr'>potestesse</span> <span class='ocrx_word' id='word_1_259' title='bbox 1202 3771 1315 3863; x_wconf 91' lang='lat' dir='ltr'>prima</span> 
     </span>
     <span class='ocr_line' id='line_1_34' title="bbox 176 3879 1316 3973; baseline 0.002 -26"><span class='ocrx_word' id='word_1_260' title='bbox 176 3879 237 3947; x_wconf 84' lang='lat' dir='ltr'>otio</span> <span class='ocrx_word' id='word_1_261' title='bbox 255 3883 386 3967; x_wconf 88' lang='lat' dir='ltr'>Patris,</span> <span class='ocrx_word' id='word_1_262' title='bbox 407 3882 468 3951; x_wconf 90' lang='lat' dir='ltr'>sed</span> <span class='ocrx_word' id='word_1_263' title='bbox 492 3904 554 3951; x_wconf 87' lang='lat' dir='ltr'>neo</span> <span class='ocrx_word' id='word_1_264' title='bbox 577 3882 677 3950; x_wconf 83' lang='lat' dir='ltr'>Filii.</span> <span class='ocrx_word' id='word_1_265' title='bbox 698 3880 935 3972; x_wconf 74' lang='lat' dir='ltr'>&#39;Relinquitur</span> <span class='ocrx_word' id='word_1_266' title='bbox 957 3906 1062 3971; x_wconf 86' lang='lat' dir='ltr'>ergo,</span> <span class='ocrx_word' id='word_1_267' title='bbox 1090 3881 1179 3973; x_wconf 91' lang='lat' dir='ltr'>quod</span> <span class='ocrx_word' id='word_1_268' title='bbox 1203 3880 1316 3971; x_wconf 89' lang='lat' dir='ltr'>prima</span> 
     </span>
     <span class='ocr_line' id='line_1_35' title="bbox 176 3985 1315 4081; baseline 0.004 -28"><span class='ocrx_word' id='word_1_269' title='bbox 176 3985 238 4054; x_wconf 78' lang='lat' dir='ltr'>rouo</span> <span class='ocrx_word' id='word_1_270' title='bbox 255 3990 375 4058; x_wconf 85' lang='lat' dir='ltr'>Patris</span> <span class='ocrx_word' id='word_1_271' title='bbox 398 3991 447 4058; x_wconf 88' lang='lat' dir='ltr'>sit</span> <span class='ocrx_word' id='word_1_272' title='bbox 469 3990 675 4080; x_wconf 87' lang='lat' dir='ltr'>paternitas,</span> <span class='ocrx_word' id='word_1_273' title='bbox 690 3989 778 4057; x_wconf 86' lang='lat' dir='ltr'>Filii</span> <span class='ocrx_word' id='word_1_274' title='bbox 793 3996 910 4058; x_wconf 88' lang='lat' dir='ltr'>autem</span> <span class='ocrx_word' id='word_1_275' title='bbox 927 3991 1064 4074; x_wconf 89' lang='lat' dir='ltr'>filiatio,</span> <span class='ocrx_word' id='word_1_276' title='bbox 1084 3989 1240 4081; x_wconf 87' lang='lat' dir='ltr'>Spiritus</span> <span class='ocrx_word' id='word_1_277' title='bbox 1255 4012 1315 4059; x_wconf 88' lang='lat' dir='ltr'>au·</span> 
     </span>
     <span class='ocr_line' id='line_1_36' title="bbox 176 4096 1315 4191; baseline 0.003 -30"><span class='ocrx_word' id='word_1_278' title='bbox 176 4108 217 4161; x_wconf 73' lang='lat' dir='ltr'>tu</span> <span class='ocrx_word' id='word_1_279' title='bbox 234 4096 351 4168; x_wconf 85' lang='lat' dir='ltr'>Sancti</span> <span class='ocrx_word' id='word_1_280' title='bbox 367 4098 441 4167; x_wconf 88' lang='lat' dir='ltr'>sola</span> <span class='ocrx_word' id='word_1_281' title='bbox 456 4097 628 4188; x_wconf 87' lang='lat' dir='ltr'>processio</span> <span class='ocrx_word' id='word_1_282' title='bbox 645 4098 742 4166; x_wconf 90' lang='lat' dir='ltr'>notio</span> <span class='ocrx_word' id='word_1_283' title='bbox 758 4106 823 4166; x_wconf 90' lang='lat' dir='ltr'>est.</span> <span class='ocrx_word' id='word_1_284' title='bbox 842 4098 1068 4191; x_wconf 87' lang='lat' dir='ltr'>Relinquitur</span> <span class='ocrx_word' id='word_1_285' title='bbox 1085 4098 1210 4189; x_wconf 88' lang='lat' dir='ltr'>igitur,</span> <span class='ocrx_word' id='word_1_286' title='bbox 1226 4097 1315 4189; x_wconf 93' lang='lat' dir='ltr'>quod</span> 
     </span>
    </p>
   </div>
   <div class='ocr_carea' id='block_1_2' title="bbox 176 4194 1426 4295">
    <p class='ocr_par' dir='ltr' id='par_1_2' title="bbox 176 4194 1426 4295">
     <span class='ocr_line' id='line_1_37' title="bbox 176 4194 1426 4295; baseline 0.003 -29"><span class='ocrx_word' id='word_1_287' title='bbox 176 4194 222 4266; x_wconf 64' lang='lat' dir='ltr'>lto</span> <span class='ocrx_word' id='word_1_288' title='bbox 238 4213 318 4273; x_wconf 88' lang='lat' dir='ltr'>sunt</span> <span class='ocrx_word' id='word_1_289' title='bbox 340 4206 498 4274; x_wconf 89' lang='lat' dir='ltr'>notiones</span> <span class='ocrx_word' id='word_1_290' title='bbox 521 4206 774 4274; x_wconf 89' lang='lat' dir='ltr'>constituentes</span> <span class='ocrx_word' id='word_1_291' title='bbox 797 4220 981 4294; x_wconf 88' lang='lat' dir='ltr'>personas,</span> <span class='ocrx_word' id='word_1_292' title='bbox 1009 4205 1143 4274; x_wconf 89' lang='lat' dir='ltr'>scilicet</span> <span class='ocrx_word' id='word_1_293' title='bbox 1166 4204 1316 4295; x_wconf 89' lang='lat' dir='ltr'>paterni·</span> <span class='ocrx_word' id='word_1_294' title='bbox 1423 4246 1426 4251; x_wconf 94' lang='lat'>-</span> 
     </span>
    </p>
   </div>
   <div class='ocr_carea' id='block_1_3' title="bbox 176 4300 1311 4507">
    <p class='ocr_par' dir='ltr' id='par_1_3' title="bbox 176 4300 1311 4507">
     <span class='ocr_line' id='line_1_38' title="bbox 176 4300 1311 4507; baseline -0.004 -126"><span class='ocrx_word' id='word_1_295' title='bbox 176 4300 348 4507; x_wconf 44' lang='lat' dir='ltr'>:afflietio</span> <span class='ocrx_word' id='word_1_296' title='bbox 364 4320 401 4383; x_wconf 88' lang='lat' dir='ltr'>et</span> <span class='ocrx_word' id='word_1_297' title='bbox 415 4313 588 4405; x_wconf 89' lang='lat' dir='ltr'>processio</span> <span class='ocrx_word' id='word_1_298' title='bbox 608 4341 624 4376; x_wconf 81' lang='lat' dir='ltr'>n</span> <span class='ocrx_word' id='word_1_299' title='bbox 643 4311 752 4381; x_wconf 66' lang='grc' dir='ltr'>Μὴ.</span> <span class='ocrx_word' id='word_1_300' title='bbox 768 4312 951 4401; x_wconf 86' lang='lat' dir='ltr'>Compend.</span> <span class='ocrx_word' id='word_1_301' title='bbox 970 4312 1092 4381; x_wconf 80' lang='lat' dir='ltr'>Theol.</span> <span class='ocrx_word' id='word_1_302' title='bbox 1108 4310 1311 4401; x_wconf 90' lang='lat' dir='ltr'>(opnso.III.</span> 
     </span>
     <span class='ocr_line' id='line_1_39' title="bbox 198 4421 381 4491; baseline -0.022 2"><span class='ocrx_word' id='word_1_303' title='bbox 198 4458 205 4477; x_wconf 90' lang='lat'><strong>·</strong></span> <span class='ocrx_word' id='word_1_304' title='bbox 280 4444 309 4491; x_wconf 90' lang='lat' dir='ltr'>c.</span> <span class='ocrx_word' id='word_1_305' title='bbox 325 4421 381 4489; x_wconf 82' lang='grc'>60.</span> 
     </span>
    </p>
   </div>
   <div class='ocr_carea' id='block_1_4' title="bbox 0 0 1590 4950">
    <p class='ocr_par' dir='ltr' id='par_1_4' title="bbox 0 0 1590 4950">
     <span class='ocr_line' id='line_1_40' title="bbox 0 0 1590 4950; baseline 0 0"><span class='ocrx_word' id='word_1_306' title='bbox 0 0 1590 4950; x_wconf 95' lang='lat' dir='ltr'> </span> 
     </span>
    </p>
   </div>
  </div>
 </body>
</html>
