3172 4950
868 353 906 366 -
927 320 968 381 22
986 351 1026 366 -
1392 369 1395 373 ,

362 427 480 496 verbis
506 425 652 495 directis
681 424 726 493 ad
747 424 899 494 Patrem:
928 447 1034 494 amaa
1056 422 1171 492 omnia
1192 427 1257 492 tua
1279 425 1386 506 sunt,
1412 424 1452 489 et
1473 425 1551 489 tus.

362 555 438 603 mea
460 537 544 601 sunt
558 558 588 621 »3
617 532 762 600 somnia
792 553 1025 624 quaecumque
1055 530 1162 598 habet
1184 528 1290 597 Pater
1324 523 1449 614 (παντα
1481 525 1540 590 ὅσα

356 637 427 728 τ’χει
444 637 604 732 ὁπατηρ),
617 640 693 710 inea
703 647 788 709 sunt
800 667 817 702 n
836 639 887 708 Ic.
903 638 1001 708 XVI.
1018 637 1073 727 153
1087 636 1206 706 XVII.
1222 636 1277 704 10.
1291 635 1413 725 Igitur
1425 633 1541 702 maius

361 750 532 833 omnibus,
557 750 648 840 quod
664 755 719 817 est
735 748 865 832 Patris,
882 752 919 816 et
933 770 1000 839 quo
1016 768 1098 816 sane
1113 747 1219 814 Pater
1234 751 1289 813 est
1304 741 1541 834 superomnia

360 856 456 927 Deus
479 856 539 943 (cl¹
553 854 646 946 Eph.
661 855 726 925 IV.
742 855 790 941 6),
815 854 906 923 illud
929 854 1044 945 ipsum
1059 859 1114 923 est
1128 853 1234 921 etiam
1256 850 1357 919 Filii.
1381 849 1460 918 Hoc
1467 873 1540 914 mc·

362 967 417 1032 ius
439 966 591 1031 omnibus
612 969 648 1033 et
672 964 751 1030 haec
774 965 889 1030 omnia
911 986 1138 1055 quaecumque
1161 961 1261 1027 tabet
1277 960 1397 1041 Pater,
1415 956 1540 1026 dicun·

362 1078 424 1142 tur
446 1073 490 1140 ab
512 1071 680 1163 Apostolo
706 1072 853 1140 «forma
867 1071 933 1139 Dei
952 1099 983 1157 n,
1009 1092 1078 1163 qua
1094 1069 1211 1138 Filius
1244 1090 1346 1136 anon
1375 1065 1540 1156 rapinam

360 1181 556 1249 arbitratus
578 1184 633 1248 est
655 1201 729 1249 esse
745 1178 975 1271 coaequalem
989 1179 1092 1247 Deon
1119 1177 1227 1265 (Phil.
1240 1176 1291 1245 Π.
1307 1175 1357 1261 c),
1376 1180 1413 1244 et
1435 1196 1539 1264 prop

361 1293 457 1356 terea
489 1286 606 1356 Filius
635 1287 859 1378 praedicatur
894 1308 1033 1376 usupsr
1062 1285 1177 1354 omnia
1204 1285 1299 1353 Deus
1332 1280 1540 1350 benedictus

360 1395 399 1463 in
421 1395 595 1464 saecula»
621 1394 811 1482 (Role.
826 1396 860 1464 5.
874 1392 955 1464 vide
978 1394 1021 1462 de
1043 1393 1108 1462 hoc
1130 1391 1205 1461 loco
1234 1389 1334 1461 etde
1357 1387 1539 1479 praedica·

349 1502 454 1581 tione
477 1502 542 1571 Dei
568 1503 686 1572 Tract.
714 1503 756 1572 de
779 1500 1053 1587 lnearnatione).
1078 1497 1270 1568 Distinctio
1297 1495 1414 1586 igitur
1444 1493 1539 1563 inter

361 1610 447 1681 duos
471 1616 590 1701 (sego
612 1610 831 1696 etPatern)
854 1614 997 1679 nonest
1018 1608 1057 1677 in
1079 1631 1141 1695 eo,
1168 1607 1259 1700 quod
1281 1606 1390 1674 Pater
1413 1603 1464 1672 sit
1485 1601 1539 1671 di·

360 1718 464 1787 vinae
486 1723 633 1786 naturae
648 1723 685 1785 et
700 1717 748 1786 sit
767 1718 873 1802 Dens,
898 1715 1015 1785 Filius
1037 1721 1156 1784 autem
1178 1719 1326 1782 naturae
1341 1706 1537 1791 inferioris,

360 1823 421 1894 ssd
448 1823 486 1891 in
508 1845 547 1891 eo
570 1823 691 1908 unice,
717 1824 808 1915 quod
833 1823 940 1892 Pater
969 1822 1075 1892 habet
1095 1827 1257 1890 naturam
1280 1817 1438 1888 divinam
1469 1836 1540 1883 non

361 1931 658 2015 communicatam,
683 1930 800 1999 Filius
822 1931 927 2000 habet
948 1930 1090 1999 candem
1119 1926 1406 1997 communicatam
1428 1943 1452 1989 a
1473 1920 1540 1990 Pa·

359 2043 427 2107 tre.
452 2037 552 2107 Unde
574 2038 613 2106 in
627 2037 692 2107 hoc
719 2041 885 2106 contextu
909 2036 1104 2106 conclusio:
1130 2064 1147 2099 a
1161 2058 1224 2125 ego
1247 2040 1285 2104 et
1299 2032 1405 2100 Pater
1428 2049 1539 2097 unum

361 2167 492 2230 sumus,
508 2173 525 2208 n
546 2166 614 2237 que
633 2146 840 2214 enuntiatur
861 2146 1003 2237 propria
1025 2145 1118 2214 ratio
1143 2140 1418 2235 propositionum
1440 2141 1540 2204 ante·

360 2253 567 2337 cedentium,
587 2275 657 2322 non
679 2258 795 2343 potest
816 2252 973 2343 intelligi
994 2253 1066 2321 nisi
1094 2250 1280 2322 secundum
1304 2247 1444 2318 obvium
1460 2266 1539 2315 ver·

359 2362 481 2431 borum
508 2383 645 2430 sensum
673 2359 716 2427 de
742 2361 878 2430 unitate
904 2366 1052 2429 naturae
1078 2359 1185 2431 simul
1210 2381 1288 2428 cum
1311 2353 1539 2425 distinetione

359 2490 586 2564 personarum
608 2468 727 2538 Patris
749 2473 786 2539 et
806 2468 906 2538 Filii.

360 2639 456 2692 omnis
474 2642 526 2692 tua
543 2641 621 2705 sunt,
643 2642 673 2691 et
691 2643 742 2692 tus
756 2654 817 2691 mes
830 2640 924 2691 sunt·
939 2639 980 2692 Io.
995 2639 1088 2692 xvn.
1100 2639 1145 2692 10.
1166 2638 1241 2703 Quia
1253 2636 1365 2692 scilieet
1377 2636 1474 2691 omnia
1485 2639 1536 2691 Pr·
1558 2620 1562 2632 ⁸

362 2727 418 2781 tris
437 2732 506 2782 sunt
523 2729 609 2781 etism
628 2727 699 2782 Filii
717 2769 723 2794 ‚
744 2728 793 2781 sed
814 2744 831 2781 a
849 2730 936 2781 Patre
954 2727 1160 2781 communicata
1178 2726 1275 2781 silio:
1297 2726 1360 2779 idco
1384 2722 1538 2780 etirm'su·

361 2832 458 2885 prema
476 2820 606 2885 potestas
627 2817 713 2870 dandi
727 2817 818 2871 vitum
838 2822 982 2871 aeternam
1002 2818 1114 2884 ovibus,
1129 2821 1159 2870 et
1177 2832 1309 2884 suprema
1327 2816 1486 2870 auctoritas
1505 2818 1538 2870 in

362 2921 440 2971 oves,
453 2911 482 2959 et
495 2907 705 2975 omnipotentia
719 2907 755 2961 ad
767 2924 815 2961 ess
829 2907 985 2961 servandas
999 2909 1030 2960 in
1044 2906 1121 2960 rino
1134 2913 1180 2960 est
1191 2908 1396 2960 communicatu
1409 2923 1427 2960 a
1437 2907 1536 2960 Patre.

360 2995 441 3051 Unde
461 2995 586 3085 utillud
602 2997 717 3049 «maior
731 2999 861 3050 omnibns
881 3006 952 3064 ests,
969 2996 1044 3063 quod
1062 2996 1225 3051 immediate
1244 2997 1416 3051 enuntiatur
1433 2996 1469 3049 ds
1488 2998 1539 3050 Ps-

361 3088 406 3138 trc
428 3088 457 3137 et
475 3085 508 3138 de
528 3099 613 3138 manu
632 3087 748 3154 Patris,
770 3086 982 3141 demonstretur
1000 3087 1086 3141 etism
1106 3088 1252 3154 pertinere
1271 3087 1308 3140 sd
1326 3087 1434 3140 Filium
1452 3092 1484 3139 et
1502 3086 1539 3140 sd

361 3188 474 3226 manum
495 3173 577 3241 Filii,
599 3175 719 3228 subiicit
736 3176 874 3230 Dominus
896 3178 1036 3230 unitatem
1060 3177 1159 3230 Patris
1177 3182 1207 3230 et
1225 3177 1315 3230 Filii:
1337 3177 1423 3229 Pater
1445 3177 1537 3229 maior

362 3263 493 3316 omnibus
514 3265 577 3315 est:
600 3278 650 3328 ego
673 3267 703 3316 et
720 3265 806 3318 Pater
832 3280 918 3319 unum
938 3281 1043 3322 sumus.
1074 3266 1294 3333 chrysostomus
1314 3263 1401 3338 (hom.
1414 3265 1492 3318 LXI.
1507 3266 1537 3319 sl

361 3352 423 3405 Lx.
439 3352 470 3403 iu
483 3353 524 3405 Ic.
540 3367 570 3403 u.
585 3348 626 3423 2.)
638 3353 684 3406 its
705 3358 919 3408 commentatur:
931 3355 1109 3422 «Postquam
1132 3355 1265 3408 dixerat:
1289 3370 1370 3407 nemo
1389 3355 1469 3422 rapit
1487 3370 1536 3408 ess

362 3439 397 3492 de
416 3454 501 3492 mauu
523 3455 594 3506 mea,
615 3442 712 3508 pergit
735 3443 889 3496 ostendens
912 3443 1268 3498 suametPatrismanum
1285 3444 1536 3498 transmutet

361 3529 437 3582 enim
455 3530 507 3582 hoc
525 3530 569 3583 its
589 3535 675 3600 esset,
697 3547 790 3586 nexus
810 3535 949 3587 sermonis
970 3537 1166 3601 postulasset,
1186 3537 1220 3586 ut
1239 3533 1356 3588 dicaret:
1376 3534 1464 3587 Pater
1483 3535 1535 3602 qui

363 3617 444 3672 dedit
463 3620 545 3688 mihi,
565 3623 656 3675 maior
674 3624 805 3676 omnibus
818 3628 872 3690 est,
888 3629 918 3677 et
934 3638 1014 3677 nemo
1034 3629 1131 3691 potest
1143 3639 1191 3678 ess
1204 3640 1303 3692 rapere
1317 3624 1352 3676 de
1365 3639 1450 3677 manu
1462 3640 1535 3678 mes.

362 3709 467 3762 Verum
486 3724 544 3763 uon
564 3710 607 3765 ite
626 3710 712 3779 chit,
738 3712 788 3765 sed
802 3712 835 3766 de
847 3728 932 3767 manu
951 3714 1048 3766 Patris
1066 3715 1131 3768 mei.
1146 3714 1254 3767 Deinde
1277 3730 1311 3766 ne
1324 3718 1417 3781 putes,
1440 3714 1535 3781 ipsum

363 3812 425 3851 csse
444 3799 597 3864 infirmum,
623 3801 672 3855 sed
692 3817 744 3869 per
761 3804 859 3857 Patris
881 3805 1038 3870 potentian
1061 3804 1179 3858 cresin
1199 3808 1263 3857 tuto
1280 3819 1361 3871 esse,
1384 3802 1534 3859 subdidit:

363 3904 415 3953 ego
434 3893 464 3942 ct
481 3891 568 3945 Pater
589 3907 674 3945 unum
694 3908 801 3946 snmus.
825 3894 914 3959 Quasi
935 3894 1053 3949 diceret:
1075 3912 1131 3949 non
1153 3895 1217 3948 ideo
1231 3895 1303 3965 dixi,
1319 3896 1355 3949 cb
1375 3896 1473 3949 Putris
1487 3911 1536 3963 pc·

362 3979 485 4032 tentiam
505 3996 585 4032 nemo
606 3998 655 4035 aas
677 3983 789 4050 rapiet,
812 3983 886 4051 quod
909 4000 960 4050 ego
979 3984 1109 4037 infirmus
1129 3985 1182 4037 sim
1203 3984 1239 4037 sd
1262 4000 1329 4039 oves
1353 3983 1534 4050 servsndss;

362 4083 414 4133 ego
437 4068 513 4120 enim
529 4074 559 4122 et
574 4071 660 4125 Pater
680 4087 767 4125 unum
790 4088 896 4127 sumus:
918 4073 1056 4127 videlieet
1073 4073 1226 4128 seeundum
1245 4076 1413 4142 potentiam,
1435 4074 1469 4128 de
1482 4075 1536 4129 hae

363 4158 438 4212 enlm
458 4160 537 4211 totus
560 4160 622 4212 eius
642 4176 734 4214 sermo
752 4165 826 4215 erat.
846 4163 877 4217 si
899 4167 993 4215 sutem
1013 4162 1108 4217 eadem
1129 4169 1174 4218 est
1195 4166 1335 4233 potentia,
1357 4165 1453 4232 palam
1478 4167 1534 4231 est,

362 4245 480 4301 eundem
496 4260 557 4300 csse
582 4250 771 4304 essentiam...
786 4251 817 4304 Si
837 4256 931 4304 sutem
953 4267 1034 4305 nemo
1053 4256 1177 4320 raperet,
1198 4253 1267 4321 quis
1285 4254 1371 4306 Pater
1389 4268 1451 4305 eum
1473 4267 1536 4305 eon·

362 4336 510 4405 tortasset,
532 4339 705 4406 superfluum
724 4340 831 4395 iuissct
854 4341 977 4395 addere:
999 4357 1050 4407 ego
1069 4346 1100 4395 ct
1118 4344 1205 4396 Pater
1224 4357 1311 4396 uuum
1336 4357 1443 4398 sumus.
1463 4343 1534 4397 llum

362 4425 388 4479 si
410 4427 471 4496 ipse
493 4427 586 4482 minor
601 4432 687 4495 esset,
703 4444 822 4495 magnae
841 4430 1016 4486 temeritatis
1036 4436 1114 4486 essct
1133 4431 1186 4488 hcc
1209 4430 1354 4488 dietum.»
