3172 4950
524 366 562 381 -
587 335 644 395 lat
667 365 704 381 -·

53 441 187 509 omnibus
210 439 384 510 communi
407 439 657 509 concedendum
682 445 781 523 erat,
807 444 880 508 tres
911 460 984 506 esse
1015 437 1203 507 distinctas

51 555 176 616 naturus
199 546 366 632 divinas,
392 547 543 638 adeoque
566 553 715 615 naturae
746 544 918 615 unitatem
955 568 1022 612 non
1054 543 1123 612 nisi
1146 543 1203 611 vel

53 654 251 725 collectivam
276 654 332 724 vel
356 654 562 744 specificam.
578 653 664 722 Cum
687 653 800 743 igitur
832 676 873 722 ex
897 674 966 720 uno
989 652 1051 720 illo
1075 651 1203 743 princi·

52 763 96 854 pio
116 785 229 832 omnes
252 762 432 853 oppositae
454 761 604 831 invicem
627 759 787 830 haereses
810 760 1125 850 proficiscerentur,
1152 758 1203 826 vi·

53 870 161 939 debant
181 872 329 956 Patres,
355 870 479 962 quanti
502 871 551 940 sit
573 868 737 938 momenti
760 868 938 938 declarare
961 867 1130 936 rationem
1153 864 1204 934 di-

53 1001 170 1049 versam
191 985 342 1048 naturae
364 986 401 1049 et
423 978 651 1071 hypostaseos
674 979 748 1063 its,
768 984 809 1045 ut
830 1001 873 1047 en
897 977 1034 1046 unitate
1058 981 1205 1044 naturae

51 1110 104 1156 nou
125 1088 172 1158 sit
193 1110 407 1181 consequens
432 1088 550 1157 unitas
574 1086 800 1178 hypostaseos
824 1084 881 1153 vel
905 1084 1061 1154 vicissim
1084 1107 1127 1153 ex
1142 1083 1203 1152 tri·

52 1197 144 1266 uitale
167 1197 403 1288 hypostaseon
426 1194 674 1285 multiplicatio
697 1201 856 1263 naturae.

101 1305 142 1373 In
165 1303 232 1374 hac
255 1304 489 1374 declaratione
509 1304 682 1394 imprimis
704 1326 787 1394 prae
818 1302 928 1371 oculis
952 1303 1127 1371 habebant
1150 1324 1206 1372 ve-

52 1414 173 1481 ritatem
197 1410 414 1497 revelatam,
440 1411 529 1504 quod
553 1434 644 1480 unus
674 1417 729 1479 est
751 1410 866 1495 Deus,
892 1417 928 1478 et
949 1416 1023 1478 tres
1046 1409 1207 1483 distincti

52 1524 150 1606 Pater,
166 1520 300 1602 Filius,
320 1519 477 1611 Spiritus
496 1520 645 1590 Sanctus
669 1525 752 1589 sunt
769 1543 858 1588 unus
873 1520 979 1589 Deus.
995 1518 1088 1587 Huic
1113 1517 1207 1587 deiu-

53 1631 82 1699 de
101 1627 247 1697 veritati
263 1629 359 1697 notio
383 1627 625 1718 philosophica
648 1632 796 1696 naturae
819 1632 855 1696 ct
878 1625 1081 1716 hypostasis
1096 1625 1206 1716 appli-

54 1738 145 1808 oonda
167 1744 247 1807 erat
269 1744 305 1806 ot
328 1737 604 1826 accomodanda3
630 1759 698 1805 non
722 1744 861 1821 autem,
882 1741 923 1803 ut
953 1737 996 1803 ab
1020 1733 1205 1803 haereticis

55 1845 151 1931 debat,
168 1844 305 1914 notioni
324 1842 583 1936 philosophicae
598 1866 641 1911 ex
657 1844 777 1912 ordine
794 1835 1034 1912 creaturarum
1051 1842 1207 1930 desump-

56 1960 98 2022 loc
117 1953 383 2038 sufficiendum,
401 1958 437 2022 et
452 1951 740 2022 accomodandum
765 1951 971 2040 mysterium
1000 1949 1206 2021 revelatum.

58 2060 140 2145 (lide
156 2063 277 2131 Tract.
295 2061 336 2130 de
350 2061 561 2148 Inoarnat.).
576 2061 650 2128 Iam
674 2082 756 2128 vero
774 2059 966 2143 increatis,
985 2058 1076 2128 unde
1099 2057 1209 2127 notio·

58 2189 102 2237 nos
121 2166 380 2261 philosophicae
403 2168 553 2256 primum
577 2167 778 2235 efformatae
802 2173 895 2252 sunt,
915 2164 951 2234 id
975 2165 1065 2257 quod
1089 2165 1209 2234 defini·

10 2348 12 2353 ,
59 2276 131 2345 lione
153 2276 356 2346 continetur
379 2273 418 2342 h.
447 2298 477 2343 e.
504 2274 654 2343 essentia
678 2274 734 2342 vol
757 2280 904 2358 natura,
931 2278 986 2342 est
1008 2272 1092 2365 quid
1122 2295 1209 2341 oom-

10 2394 12 2403 '
60 2403 139 2453 nunc
161 2382 288 2452 multis
310 2388 347 2452 et
369 2381 556 2451 secundum
579 2381 722 2451 eandem
745 2381 915 2450 rationem
946 2380 1069 2449 multis
1092 2379 1206 2464 inest,

62 2491 174 2582 singuli
198 2514 285 2562 vero
313 2490 478 2560 habentos
505 2490 646 2559 candem
673 2495 834 2559 naturam
866 2511 934 2557 non
963 2495 1046 2557 sunt
1076 2487 1210 2580 aliquid

62 2598 198 2687 pluribus
221 2622 422 2685 commune,
448 2597 508 2668 sed
531 2606 586 2669 est
608 2598 702 2667 alius
718 2598 873 2684 stelias,
892 2596 1081 2667 distinctus
1097 2602 1139 2664 ut
1155 2597 1210 2662 lic

63 2730 127 2775 cnm
146 2710 190 2778 ab
213 2708 284 2777 alio
309 2706 461 2776 eiusdem
485 2712 645 2775 naturae.
662 2704 858 2775 Secundum
881 2704 971 2774 hanc
994 2704 1108 2795 igitur
1120 2725 1211 2771 ena-

63 2810 179 2902 logiam,
200 2815 265 2885 SS.
290 2814 458 2883 Doctores
472 2813 698 2906 respicientes
721 2813 885 2882 deitatem
910 2834 1013 2880 unam
1036 2811 1144 2880 trium
1161 2811 1211 2880 di·

64 2921 260 3008 sauctorum,
287 2921 481 2991 universim
505 2921 726 3005 definiebant,
745 2927 907 2989 naturam
930 2943 1003 2989 esse
1028 2920 1111 3013 quid
1128 2944 1210 2987 com-

10 3040 13 3113 l
64 3053 137 3099 auae
164 3030 329 3122 pluribus
367 3026 414 3097 (το
441 3027 578 3115 astron),
615 3027 833 3120 hypostasim
868 3051 941 3098 esee
973 3029 1010 3097 id
1041 3028 1131 3120 quod
1158 3033 1212 3096 eat

10 3128 13 3215 l
64 3134 240 3207 distinctum
261 3163 366 3206 unam
397 3141 440 3206 ab
475 3138 583 3206 altero
618 3138 771 3207 eiusdem
803 3143 951 3206 naturae
979 3139 1024 3224 (το
1050 3131 1206 3228 peperero),

10 3220 13 3359 l
60 3253 215 3337 proprium
242 3245 288 3335 (το
311 3242 412 3332 iae),
436 3270 505 3317 nou
529 3269 704 3318 commune
727 3247 888 3337 pluribus
904 3251 940 3316 et
957 3247 1020 3314 hoc
1037 3267 1139 3313 sensu
1157 3244 1210 3311 in·

62 3355 403 3425 ommunicabilitatis
420 3354 638 3422 individuum
663 3347 709 3443 (το
722 3350 856 3441 despuet).
871 3355 941 3422 Ubi
952 3362 1068 3422 tomen
1081 3353 1212 3424 diserte

60 3458 182 3549 locent,
208 3464 247 3531 in
271 3461 501 3532 translatione
525 3462 700 3531 rationum
716 3484 738 3529 a
753 3462 924 3532 creaturis
941 3462 985 3531 ad
1002 3462 1112 3530 Deum
1129 3485 1212 3527 oom-

59 3592 136 3639 mone
155 3578 193 3641 et
218 3569 437 3637 individuum
461 3593 529 3639 non
553 3570 668 3641 eodem
700 3572 760 3640 sed
790 3594 893 3640 sensu
926 3569 1037 3638 solum
1064 3567 1212 3657 anologo

57 3674 308 3769 intelligendum
331 3701 428 3766 esse;
455 3678 607 3757 uidimus
629 3677 720 3765 enim
743 3700 861 3747 eorum
877 3677 1129 3748 declarationes
1145 3677 1212 3745 fre·

56 3785 313 3876 quentissimas,
338 3785 510 3857 unitatem
533 3792 681 3857 naturae
704 3785 742 3855 iu
765 3786 893 3856 creatis
908 3785 1086 3856 efformari
1102 3784 1211 3854 solum

55 3891 276 3965 alsuartiona
298 3893 446 3980 mantis,
464 3899 501 3964 et
517 3895 594 3964 ideo
610 3896 880 3962 communitatem
894 3901 1044 3967 naturae
1056 3915 1125 3962 non
1140 3915 1213 3962 esse

53 4002 167 4073 realem
188 4003 251 4073 sed
274 4001 385 4071 solum
409 4001 544 4072 ratione
567 4007 604 4071 et
626 4002 754 4071 mentis
775 4001 1062 4086 consideratione,
1082 4001 1119 4070 in
1141 4001 1213 4070 Deo

53 4131 123 4180 vero
146 4134 221 4181 esse
235 4115 401 4180 naturam
417 4109 632 4200 singularem
649 4109 795 4180 realiter
810 4132 914 4179 unam
934 4109 1049 4178 tribus
1066 4131 1213 4179 commu·

49 4239 135 4307 ηοω
161 4224 347 4311 propterea
369 4218 474 4288 etiam
492 4219 693 4285 distinctam
709 4223 745 4287 et
763 4216 981 4285 individuum
997 4218 1035 4286 in
1050 4217 1122 4285 Deo
1145 4238 1213 4284 nou

48 4345 114 4396 esse
137 4326 232 4396 siout
247 4327 286 4397 in
303 4327 432 4397 creatis
455 4348 516 4418 par
539 4324 675 4417 aliquid
699 4325 898 4396 absolutum
922 4324 1105 4418 (quidquid
1122 4322 1211 4392 enim

46 4440 95 4503 est
114 4434 340 4521 absolutum,
366 4434 416 4505 ibi
438 4455 582 4525 prorsus
605 4456 713 4504 unum
735 4439 790 4504 cst
812 4439 850 4504 ot
866 4454 1042 4504 commune
1066 4429 1209 4513 tribus),
