3172 4950
698 137 736 151 ..
758 106 819 167 377
839 139 877 152 ..

267 210 299 295 t)
319 206 524 299 Ingenitam
546 232 604 279 sess
627 211 887 278 innascibilitas
916 211 1068 281 sumitur
1099 214 1309 304 hypostatice
1331 215 1369 291 iu

215 315 413 405 oppositione
434 317 481 385 ad
502 319 657 407 genitam
673 318 736 405 (1).
754 317 933 408 Oppositio
949 342 1031 388 varo
1047 326 1162 410 potest
1177 321 1290 412 accipi
1307 324 1368 391 du·

168 484 171 489 .
212 422 358 513 pliciter:
384 424 417 491 si
439 424 637 514 ingenitum
660 426 847 515 opponitur
869 427 988 515 genito
1011 428 1165 517 praecise
1192 428 1370 497 secandam

209 528 328 596 sadum
344 522 574 620 processionis
595 556 657 622 por
677 537 942 622 persecutionem,
967 557 1034 602 non
1059 535 1170 604 solum
1199 537 1240 605 de
1264 538 1369 606 Patre

208 636 387 706 sedetiam
410 640 451 709 da
476 638 613 730 Spiritu
638 640 765 709 Sancto
795 642 991 730 negandum
1023 647 1076 712 est
1106 666 1179 712 esse
1211 645 1369 733 genitum

164 748 167 839 ζ
207 742 255 829 (S.
267 744 333 813 Th.
348 768 467 837 opusc.
487 746 518 815 Ι.
533 754 645 817 contr.
665 770 799 818 errores
819 748 982 817 Graecos.
998 772 1027 817 c.
1047 750 1106 837 8);
1131 752 1283 845 adeoque
1306 753 1370 821 hoc
1429 839 1434 849 ,

164 924 168 941 Ι
206 870 301 921 nasu
311 852 525 943 generaliori
540 856 732 943 ingenitam
758 878 826 922 non
853 860 907 923 est
932 857 1112 945 proprium
1136 859 1248 927 Patri.
1279 860 1371 927 «Pa-

164 974 166 979 '
208 962 258 1027 ter
277 983 298 1028 a
319 961 420 1031 nullo
442 968 497 1032 ast
518 986 581 1032 nee
597 965 713 1032 factus
728 984 797 1032 nec‘
809 969 950 1033 creatus
971 957 1136 1053 (ἀγενητος)
1150 988 1212 1034 nac
1231 966 1373 1055 genitus

211 1062 403 1156 (ipsumam
426 1069 544 1139 Filius
566 1093 588 1139 a
610 1072 716 1140 Patre
739 1070 812 1139 solo
835 1076 900 1155 est,
926 1094 995 1138 non
1023 1073 1138 1139 factus
1154 1095 1216 1140 nec
1232 1080 1371 1141 oreatus

164 1208 168 1247 ,ι
212 1168 368 1265 (istiusce)
395 1178 456 1246 sed
472 1180 615 1268 genitus
642 1175 841 1267 (yssoosc;);
868 1178 1024 1268 Spiritus
1047 1178 1198 1248 Sanctus
1221 1203 1243 1248 a
1265 1182 1369 1249 Patre

164 1260 172 1359 l
208 1286 244 1349 st
263 1282 376 1370 Filio,
413 1309 482 1354 non
516 1289 634 1355 factus
665 1310 727 1356 nec
762 1293 903 1357 creatus
938 1282 1104 1375 (ἀγενητος)
1130 1310 1193 1356 nec
1227 1288 1369 1377 genitus

164 1408 172 1447 ι
212 1382 382 1477 litamus)
410 1394 469 1463 sed
492 1395 680 1484 procedens
695 1423 726 1463 n.
756 1396 809 1463 At
830 1393 915 1463 licet
944 1394 982 1461 in
1013 1395 1266 1484 comparatione
1291 1419 1366 1464 cum

164 1450 179 1561 l
210 1492 292 1566 Filio
305 1500 425 1589 genito
441 1500 599 1591 Spiritus
616 1503 765 1572 Sanctus
782 1502 852 1570 dici
868 1502 979 1591 possit
992 1526 1060 1568 ooo
1075 1504 1227 1590 pentem,-
1242 1502 1368 1571 nihilo·

164 1632 175 1697 ι,
212 1606 313 1675 miuus
335 1608 560 1699 compositum
577 1613 753 1699 ingenitas
769 1606 955 1698 (ἀγεννητες)
972 1611 1009 1678 in
1025 1633 1089 1678 sua
1113 1609 1240 1679 stricta
1259 1612 1368 1701 signi-

164 1700 171 1807 Τ
214 1712 358 1785 tatione
381 1740 449 1785 nou
472 1723 611 1785 tantum
635 1719 820 1808 opponitur
844 1719 941 1786 modo
965 1718 1195 1808 processionis
1223 1741 1285 1808 per
1312 1742 1369 1809 ge·

164 1838 166 1891 ἑ
213 1822 411 1891 strationem
434 1823 493 1892 sed
517 1822 724 1913 simpliciter
748 1824 958 1915 processioni
981 1832 1018 1893 et
1041 1824 1171 1913 origini
1201 1848 1243 1894 ex
1275 1827 1369 1916 prin·

164 1912 171 1945 ⁵
214 1928 303 2025 ulpio.
326 1930 391 2000 SS.
409 1931 534 2000 Patres
557 1932 593 1999 iu
617 1932 918 2022 disputationibus
945 1933 1114 2001 adversus
1137 1932 1290 2002 Arianos
1312 1957 1368 2002 ex·

216 2034 320 2123 plicita
342 2040 480 2132 quidem
512 2061 773 2110 commemorare
802 2039 916 2108 solent
948 2040 1186 2109 tantummodo
1217 2043 1368 2132 ingeniti

218 2148 447 2236 oppositionem
469 2150 513 2219 ad
537 2149 695 2238 genitum
717 2147 863 2232 Filium,
883 2148 965 2238 quia
982 2147 1116 2245 directa
1132 2150 1370 2218 controversia

219 2272 280 2321 aun
299 2255 371 2325 illis
393 2256 582 2329 haereticis
605 2256 889 2345 restringebatur
911 2254 955 2322 ad
979 2255 1104 2344 dogma
1120 2256 1162 2325 de
1178 2256 1369 2325 divinitate

223 2365 617 2434 atoonaubstantialitate
632 2364 721 2433 Filii
738 2367 799 2451 (cf.
812 2351 920 2454 supra¹
937 2389 970 2455 p.
982 2363 1053 2449 53),
1069 2364 1239 2454 implicita
1254 2371 1369 2433 tamen

223 2486 329 2561 semper
350 2472 541 2542 includunt
556 2472 805 2562 oppositionem
822 2471 928 2540 etiam
951 2471 995 2539 ad
1019 2471 1270 2560 processionem
1292 2495 1368 2562 per·

223 2580 452 2668 ”matartiae3
475 2580 646 2672 siquidem
661 2601 693 2643 so
718 2574 877 2667 ἀγεννητον
900 2578 1030 2647 habent
1052 2585 1095 2647 ut
1109 2582 1288 2669 proprium
1305 2582 1369 2648 Pa·

223 2682 272 2751 sris
294 2695 396 2780 atque
419 2681 485 2756 hoc
508 2688 583 2779 ipso
613 2687 821 2778 simpliciter
845 2686 887 2755 ut
909 2687 1130 2775 negationem
1161 2687 1321 2776 originis.

268 2791 383 2889 ltaque
406 2800 437 2883 c)
460 2798 655 2886 ingenitam
670 2795 707 2863 in
724 2795 982 2884 significatione
998 2793 1225 2884 hypostatica
1240 2794 1370 2879 directe

223 2898 331 2985 quidam
355 2910 397 2973 ut
419 2903 561 2993 negatio
584 2904 771 2993 opponitur
792 2906 923 2992 ponito,
949 2901 1008 2970 sed
1033 2901 1170 2970 inclusa
1186 2902 1290 2971 simul
1311 2925 1369 2971 nc·

222 3006 334 3087 taliam
356 3010 517 3082 cuiusvis
540 3008 785 3100 procession·is;
805 3009 922 3100 sicque
946 3013 1000 3075 est
1022 3007 1201 3098 proprium
1226 3008 1292 3076 soli
1306 3009 1371 3076 Pa-

220 3108 264 3181 sti.
282 3118 422 3188 Dicitur
444 3119 564 3211 itaqua
585 3119 691 3186 Pater
715 3119 891 3206 inpositas
914 3116 1101 3195 secundum
1126 3118 1370 3207 oppositionem

220 3210 369 3309 drasam,
379 3234 422 3296 ut
437 3225 663 3317 intelligatur
680 3225 755 3294 aius
772 3224 954 3292 distinctio
971 3246 993 3291 a
1007 3223 1113 3309 Filio,
1129 3231 1166 3293 et
1181 3226 1370 3294 secundum

218 3326 480 3425 mammaeam
504 3334 685 3417 inclusam,
701 3341 744 3403 ut
766 3356 843 3402 eum
866 3333 1127 3422 distinguamus
1150 3334 1194 3400 ab
1222 3340 1369 3424 utraque

164 3526 171 3543 Ι,
215 3448 338 3515 ltuoua
360 3444 579 3535 procedente.
598 3442 698 3512 Unde
721 3440 900 3532 praeclare
924 3442 1061 3509 omnino
1085 3446 1200 3508 monet
1216 3441 1252 3509 S.
1270 3441 1369 3509 Basi-

164 3588 167 3605 ·
213 3532 279 3635 llus,
292 3552 321 3621 si
343 3552 466 3622 nullus
489 3559 582 3621 esset
606 3557 642 3620 et
656 3549 721 3619 hoc
738 3551 815 3639 ipso
830 3573 892 3618 nec
908 3556 1026 3640 posset
1041 3572 1115 3619 esse
1131 3548 1293 3639 proprius
1311 3549 1369 3617 Fi·

211 3632 268 3725 lis„
286 3658 362 3745 Dei,
379 3680 569 3751 numquam
593 3660 755 3727 futurum
771 3658 894 3740 fuisse,
915 3662 956 3724 ut
970 3657 1065 3725 Deus
1081 3655 1256 3724 diceretur
1274 3655 1369 3746 inga-

206 3754 301 3854 ffl'tas3
317 3768 378 3837 aed
401 3766 520 3858 potius
542 3766 782 3836 nominaretur
798 3765 989 3834 increatus:
1004 3764 1175 3855 siquidem
1192 3763 1228 3830 in
1245 3785 1286 3831 ea
1306 3763 1370 3853 hy·

251 3947 288 4022 (1)
307 3952 477 4007 «Infectam
500 3954 530 4005 st
554 3950 660 4003 lactum
685 3968 714 4000 so
740 3945 870 4019 ciperem
891 3970 934 4001 και
956 3968 1065 4018 spe-seror
1087 3947 1170 3998 unico
1190 3966 1201 3996 ν
1222 3946 1370 4020 seriptum,

206 4036 440 4097 seminassem
460 4044 491 4094 at
508 4044 632 4093 creatum
653 4039 806 4105 significet,
822 4046 942 4090 naturae
963 4045 1021 4100 estc
1046 4037 1208 4101 ingenitum
1230 4039 1323 4087 autam
1343 4038 1371 4085 et

205 4124 319 4185 ameum
338 4154 367 4185 rs
388 4128 532 4202 oiysssasor
552 4152 596 4183 aas
616 4150 749 4200 petrosos,
771 4128 845 4195 quod
865 4129 974 4195 duplici
996 4150 1020 4179 ro
1041 4128 1168 4191 effertur,
1185 4141 1244 4175 aaa
1263 4132 1301 4174 sst
1322 4139 1371 4174 ssu·

205 4208 277 4269 ‘sna
296 4220 342 4295 sed
361 4222 563 4287 hypostaseon
583 4220 713 4273 Damaso.
728 4218 749 4270 l.
764 4218 813 4271 lv.
823 4233 846 4269 c.
862 4218 888 4269 7.
901 4234 929 4283 p.
942 4216 1004 4267 257.
