<?xml version="1.0" encoding="UTF-8"?>
<!DOCTYPE html PUBLIC "-//W3C//DTD XHTML 1.0 Transitional//EN"
    "http://www.w3.org/TR/xhtml1/DTD/xhtml1-transitional.dtd">
<html xmlns="http://www.w3.org/1999/xhtml" xml:lang="en" lang="en">
 <head>
  <title>
</title>
<meta http-equiv="Content-Type" content="text/html;charset=utf-8" />
  <meta name='ocr-system' content='tesseract 3.04.00' />
  <meta name='ocr-capabilities' content='ocr_page ocr_carea ocr_par ocr_line ocrx_word'/>
</head>
<body>
  <div class='ocr_page' id='page_1' title='image "./tractatusdedeot00frangoog/tractatusdedeot00frangoog_0438.png"; bbox 0 0 3172 4950; ppageno 0'>
   <div class='ocr_carea' id='block_1_1' title="bbox 10 74 1346 4267">
    <p class='ocr_par' dir='ltr' id='par_1_1' title="bbox 10 74 1382 2646">
     <span class='ocr_line' id='line_1_1' title="bbox 10 74 749 146; baseline 0.001 -1"><span class='ocrx_word' id='word_1_1' title='bbox 10 74 17 145; x_wconf 91' lang='lat' dir='ltr'><strong>l</strong></span> <span class='ocrx_word' id='word_1_2' title='bbox 255 100 263 115; x_wconf 92' lang='lat'><strong>·</strong></span> <span class='ocrx_word' id='word_1_3' title='bbox 569 115 608 132; x_wconf 91' lang='lat'>-</span> <span class='ocrx_word' id='word_1_4' title='bbox 628 85 691 146; x_wconf 73' lang='lat'><strong>427</strong></span> <span class='ocrx_word' id='word_1_5' title='bbox 710 117 749 131; x_wconf 98' lang='lat'><em>-</em></span> 
     </span>
     <span class='ocr_line' id='line_1_2' title="bbox 77 184 1247 278; baseline 0.006 -25"><span class='ocrx_word' id='word_1_6' title='bbox 77 184 204 255; x_wconf 83' lang='lat' dir='ltr'><strong>ratione</strong></span> <span class='ocrx_word' id='word_1_7' title='bbox 226 185 286 255; x_wconf 87' lang='lat' dir='ltr'><strong>vel</strong></span> <span class='ocrx_word' id='word_1_8' title='bbox 308 186 522 257; x_wconf 75' lang='lat' dir='ltr'>revelatione</span> <span class='ocrx_word' id='word_1_9' title='bbox 544 190 796 278; x_wconf 73' lang='lat' dir='ltr'><strong>cognoscimus,</strong></span> <span class='ocrx_word' id='word_1_10' title='bbox 823 189 1005 259; x_wconf 83' lang='lat' dir='ltr'><strong>verissime</strong></span> <span class='ocrx_word' id='word_1_11' title='bbox 1021 196 1106 260; x_wconf 89' lang='lat' dir='ltr'><strong>aunt</strong></span> <span class='ocrx_word' id='word_1_12' title='bbox 1121 191 1159 259; x_wconf 94' lang='lat' dir='ltr'><strong>in</strong></span> <span class='ocrx_word' id='word_1_13' title='bbox 1174 191 1247 262; x_wconf 90' lang='lat' dir='ltr'><strong>Deo</strong></span> 
     </span>
     <span class='ocr_line' id='line_1_3' title="bbox 73 284 1248 387; baseline 0.005 -26"><span class='ocrx_word' id='word_1_14' title='bbox 73 290 152 361; x_wconf 89' lang='lat' dir='ltr'><strong>lieet</strong></span> <span class='ocrx_word' id='word_1_15' title='bbox 173 290 247 362; x_wconf 89' lang='lat' dir='ltr'><strong>alio</strong></span> <span class='ocrx_word' id='word_1_16' title='bbox 268 294 369 364; x_wconf 91' lang='lat' dir='ltr'><strong>modo</strong></span> <span class='ocrx_word' id='word_1_17' title='bbox 392 315 496 387; x_wconf 90' lang='lat' dir='ltr'><strong>quem</strong></span> <span class='ocrx_word' id='word_1_18' title='bbox 511 284 556 363; x_wconf 68' lang='lat' dir='ltr'><strong>&#39;in</strong></span> <span class='ocrx_word' id='word_1_19' title='bbox 580 296 772 384; x_wconf 74' lang='lat' dir='ltr'><strong>creaturis,</strong></span> <span class='ocrx_word' id='word_1_20' title='bbox 798 296 837 369; x_wconf 87' lang='lat' dir='ltr'><strong>iu</strong></span> <span class='ocrx_word' id='word_1_21' title='bbox 870 297 943 379; x_wconf 84' lang='lat' dir='ltr'><strong>Deo</strong></span> <span class='ocrx_word' id='word_1_22' title='bbox 966 297 1102 368; x_wconf 89' lang='lat' dir='ltr'><strong>scilicet</strong></span> <span class='ocrx_word' id='word_1_23' title='bbox 1120 306 1248 369; x_wconf 88' lang='lat' dir='ltr'><strong>&#39;secun-</strong></span> 
     </span>
     <span class='ocr_line' id='line_1_4' title="bbox 10 398 1248 499; baseline 0.005 -30"><span class='ocrx_word' id='word_1_24' title='bbox 10 446 23 493; x_wconf 87' lang='lat'><strong>.·</strong></span> <span class='ocrx_word' id='word_1_25' title='bbox 75 398 151 469; x_wconf 86' lang='lat' dir='ltr'><strong>dnm</strong></span> <span class='ocrx_word' id='word_1_26' title='bbox 173 401 391 491; x_wconf 86' lang='lat' dir='ltr'><strong>exigentiam</strong></span> <span class='ocrx_word' id='word_1_27' title='bbox 415 403 530 472; x_wconf 91' lang='lat' dir='ltr'><strong>divini</strong></span> <span class='ocrx_word' id='word_1_28' title='bbox 554 404 642 472; x_wconf 81' lang='lat' dir='ltr'><strong>Eue</strong></span> <span class='ocrx_word' id='word_1_29' title='bbox 665 412 747 473; x_wconf 89' lang='lat' dir='ltr'><strong>sunt</strong></span> <span class='ocrx_word' id='word_1_30' title='bbox 764 405 801 472; x_wconf 88' lang='lat' dir='ltr'><strong>in</strong></span> <span class='ocrx_word' id='word_1_31' title='bbox 819 412 900 475; x_wconf 83' lang='lat' dir='ltr'><strong>actu</strong></span> <span class='ocrx_word' id='word_1_32' title='bbox 916 406 1106 496; x_wconf 88' lang='lat' dir='ltr'><strong>purissimo</strong></span> <span class='ocrx_word' id='word_1_33' title='bbox 1119 409 1248 499; x_wconf 83' lang='lat' dir='ltr'>absque</span> 
     </span>
     <span class='ocr_line' id='line_1_5' title="bbox 10 504 1248 603; baseline 0.004 -26"><span class='ocrx_word' id='word_1_34' title='bbox 10 504 15 524; x_wconf 71' lang='lat'><strong>¹</strong></span> <span class='ocrx_word' id='word_1_35' title='bbox 74 504 145 577; x_wconf 87' lang='lat' dir='ltr'><strong>ulle</strong></span> <span class='ocrx_word' id='word_1_36' title='bbox 166 507 429 601; x_wconf 72' lang='lat' dir='ltr'><strong>imperfectione</strong></span> <span class='ocrx_word' id='word_1_37' title='bbox 452 511 675 601; x_wconf 80' lang='lat' dir='ltr'><strong>originaliter</strong></span> <span class='ocrx_word' id='word_1_38' title='bbox 691 520 728 581; x_wconf 91' lang='lat' dir='ltr'><strong>et</strong></span> <span class='ocrx_word' id='word_1_39' title='bbox 742 513 1001 603; x_wconf 87' lang='lat' dir='ltr'><strong>exemplariter,</strong></span> <span class='ocrx_word' id='word_1_40' title='bbox 1020 514 1057 581; x_wconf 95' lang='lat' dir='ltr'><strong>in</strong></span> <span class='ocrx_word' id='word_1_41' title='bbox 1074 515 1248 584; x_wconf 79' lang='lat' dir='ltr'><strong>creaturis</strong></span> 
     </span>
     <span class='ocr_line' id='line_1_6' title="bbox 10 619 1247 717; baseline 0.006 -33"><span class='ocrx_word' id='word_1_42' title='bbox 10 624 13 667; x_wconf 69' lang='grc' dir='ltr'>ἰ</span> <span class='ocrx_word' id='word_1_43' title='bbox 75 621 156 685; x_wconf 85' lang='lat' dir='ltr'><strong>suut</strong></span> <span class='ocrx_word' id='word_1_44' title='bbox 176 638 297 687; x_wconf 88' lang='lat' dir='ltr'><strong>earum</strong></span> <span class='ocrx_word' id='word_1_45' title='bbox 324 619 605 717; x_wconf 79' lang='lat' dir='ltr'><strong>adumbrationes</strong></span> <span class='ocrx_word' id='word_1_46' title='bbox 633 620 775 714; x_wconf 76' lang='lat' dir='ltr'><strong>aliquae</strong></span> <span class='ocrx_word' id='word_1_47' title='bbox 807 621 1070 712; x_wconf 76' lang='lat' dir='ltr'><strong>imperfectione</strong></span> <span class='ocrx_word' id='word_1_48' title='bbox 1102 623 1247 693; x_wconf 90' lang='lat' dir='ltr'><strong>circum·</strong></span> 
     </span>
     <span class='ocr_line' id='line_1_7' title="bbox 10 716 1334 825; baseline 0.005 -32"><span class='ocrx_word' id='word_1_49' title='bbox 10 818 12 825; x_wconf 13' lang='grc' dir='ltr'><strong><em>γ</em></strong></span> <span class='ocrx_word' id='word_1_50' title='bbox 76 722 234 815; x_wconf 81' lang='lat' dir='ltr'><strong>scriptae.</strong></span> <span class='ocrx_word' id='word_1_51' title='bbox 261 726 320 796; x_wconf 90' lang='lat' dir='ltr'><strong>Sic</strong></span> <span class='ocrx_word' id='word_1_52' title='bbox 341 726 457 817; x_wconf 84' lang='lat' dir='ltr'><strong>igitur</strong></span> <span class='ocrx_word' id='word_1_53' title='bbox 478 751 534 799; x_wconf 88' lang='lat' dir='ltr'><strong>res</strong></span> <span class='ocrx_word' id='word_1_54' title='bbox 557 728 637 821; x_wconf 89' lang='lat' dir='ltr'><strong>ipsa</strong></span> <span class='ocrx_word' id='word_1_55' title='bbox 660 751 748 820; x_wconf 86' lang='lat' dir='ltr'><strong>quae</strong></span> <span class='ocrx_word' id='word_1_56' title='bbox 778 730 917 798; x_wconf 88' lang='lat' dir='ltr'><strong>nomine</strong></span> <span class='ocrx_word' id='word_1_57' title='bbox 949 733 1184 820; x_wconf 61' lang='lat' dir='ltr'><strong>peccationis</strong></span> <span class='ocrx_word' id='word_1_58' title='bbox 1211 735 1248 799; x_wconf 90' lang='lat' dir='ltr'><strong>et</strong></span> <span class='ocrx_word' id='word_1_59' title='bbox 1323 716 1334 733; x_wconf 80' lang='grc'>’</span> 
     </span>
     <span class='ocr_line' id='line_1_8' title="bbox 78 833 1246 928; baseline 0.007 -28"><span class='ocrx_word' id='word_1_60' title='bbox 78 833 206 903; x_wconf 84' lang='lat' dir='ltr'><strong>nomine</strong></span> <span class='ocrx_word' id='word_1_61' title='bbox 219 834 315 902; x_wconf 79' lang='lat' dir='ltr'><strong>Filii</strong></span> <span class='ocrx_word' id='word_1_62' title='bbox 331 834 372 904; x_wconf 91' lang='lat' dir='ltr'><strong>de</strong></span> <span class='ocrx_word' id='word_1_63' title='bbox 387 836 460 904; x_wconf 90' lang='lat' dir='ltr'><strong>Deo</strong></span> <span class='ocrx_word' id='word_1_64' title='bbox 475 838 576 906; x_wconf 90' lang='lat' dir='ltr'><strong>uobis</strong></span> <span class='ocrx_word' id='word_1_65' title='bbox 591 837 782 923; x_wconf 88' lang='lat' dir='ltr'><strong>revelatur,</strong></span> <span class='ocrx_word' id='word_1_66' title='bbox 796 837 936 928; x_wconf 88' lang='lat' dir='ltr'><strong>proprie</strong></span> <span class='ocrx_word' id='word_1_67' title='bbox 959 844 996 906; x_wconf 90' lang='lat' dir='ltr'><strong>et</strong></span> <span class='ocrx_word' id='word_1_68' title='bbox 1012 838 1103 908; x_wconf 87' lang='lat' dir='ltr'><strong>citra</strong></span> <span class='ocrx_word' id='word_1_69' title='bbox 1115 834 1246 908; x_wconf 84' lang='lat' dir='ltr'><strong>omnem</strong></span> 
     </span>
     <span class='ocr_line' id='line_1_9' title="bbox 10 930 1247 1041; baseline 0.005 -34"><span class='ocrx_word' id='word_1_70' title='bbox 10 930 18 1041; x_wconf 22' lang='grc' dir='ltr'><strong>ὲ-</strong></span> <span class='ocrx_word' id='word_1_71' title='bbox 81 938 378 1031; x_wconf 89' lang='lat' dir='ltr'><strong>imperfectionem,</strong></span> <span class='ocrx_word' id='word_1_72' title='bbox 396 965 498 1036; x_wconf 90' lang='lat' dir='ltr'><strong>quam</strong></span> <span class='ocrx_word' id='word_1_73' title='bbox 516 943 582 1013; x_wconf 88' lang='lat' dir='ltr'><strong>hae</strong></span> <span class='ocrx_word' id='word_1_74' title='bbox 605 944 762 1015; x_wconf 88' lang='lat' dir='ltr'><strong>rationes</strong></span> <span class='ocrx_word' id='word_1_75' title='bbox 787 946 824 1013; x_wconf 93' lang='lat' dir='ltr'><strong>in</strong></span> <span class='ocrx_word' id='word_1_76' title='bbox 847 945 1020 1013; x_wconf 84' lang='lat' dir='ltr'><strong>creaturis</strong></span> <span class='ocrx_word' id='word_1_77' title='bbox 1037 944 1247 1037; x_wconf 79' lang='lat' dir='ltr'><strong>implicitam</strong></span> 
     </span>
     <span class='ocr_line' id='line_1_10' title="bbox 82 1046 1246 1145; baseline 0.001 -23.942"><span class='ocrx_word' id='word_1_78' title='bbox 82 1046 221 1136; x_wconf 82' lang='lat' dir='ltr'><strong>lebant,</strong></span> <span class='ocrx_word' id='word_1_79' title='bbox 247 1050 286 1119; x_wconf 92' lang='lat' dir='ltr'><strong>iu</strong></span> <span class='ocrx_word' id='word_1_80' title='bbox 308 1051 476 1122; x_wconf 89' lang='lat' dir='ltr'><strong>Decesse</strong></span> <span class='ocrx_word' id='word_1_81' title='bbox 500 1053 671 1122; x_wconf 89' lang='lat' dir='ltr'><strong>credenda</strong></span> <span class='ocrx_word' id='word_1_82' title='bbox 693 1058 759 1121; x_wconf 82' lang='lat' dir='ltr'><strong>est.</strong></span> <span class='ocrx_word' id='word_1_83' title='bbox 785 1053 885 1122; x_wconf 89' lang='lat' dir='ltr'><strong>Unde</strong></span> <span class='ocrx_word' id='word_1_84' title='bbox 909 1054 1090 1145; x_wconf 89' lang='lat' dir='ltr'><strong>supposita</strong></span> <span class='ocrx_word' id='word_1_85' title='bbox 1108 1054 1246 1139; x_wconf 76' lang='lat' dir='ltr'><strong>¹revela-</strong></span> 
     </span>
     <span class='ocr_line' id='line_1_11' title="bbox 82 1155 1245 1253; baseline 0.003 -27"><span class='ocrx_word' id='word_1_86' title='bbox 82 1155 163 1227; x_wconf 86' lang='lat' dir='ltr'><strong>tione</strong></span> <span class='ocrx_word' id='word_1_87' title='bbox 184 1157 277 1250; x_wconf 86' lang='lat' dir='ltr'><strong>quod</strong></span> <span class='ocrx_word' id='word_1_88' title='bbox 300 1159 432 1251; x_wconf 85' lang='lat' dir='ltr'><strong>duplex</strong></span> <span class='ocrx_word' id='word_1_89' title='bbox 455 1168 510 1230; x_wconf 90' lang='lat' dir='ltr'><strong>est</strong></span> <span class='ocrx_word' id='word_1_90' title='bbox 543 1160 718 1252; x_wconf 80' lang='lat' dir='ltr'><strong>processio</strong></span> <span class='ocrx_word' id='word_1_91' title='bbox 752 1160 789 1228; x_wconf 92' lang='lat' dir='ltr'><strong>in</strong></span> <span class='ocrx_word' id='word_1_92' title='bbox 814 1160 960 1247; x_wconf 92' lang='lat' dir='ltr'><strong>divinis,</strong></span> <span class='ocrx_word' id='word_1_93' title='bbox 987 1168 1137 1253; x_wconf 89' lang='lat' dir='ltr'><strong>utraque</strong></span> <span class='ocrx_word' id='word_1_94' title='bbox 1170 1163 1245 1253; x_wconf 93' lang='lat' dir='ltr'><strong>qui·</strong></span> 
     </span>
     <span class='ocr_line' id='line_1_12' title="bbox 19 1262 1249 1356; baseline 0.004 -23"><span class='ocrx_word' id='word_1_95' title='bbox 19 1322 24 1327; x_wconf 97' lang='lat'>.</span> <span class='ocrx_word' id='word_1_96' title='bbox 84 1262 146 1333; x_wconf 82' lang='lat' dir='ltr'><strong>dem</strong></span> <span class='ocrx_word' id='word_1_97' title='bbox 166 1288 228 1356; x_wconf 90' lang='lat' dir='ltr'><strong>psr</strong></span> <span class='ocrx_word' id='word_1_98' title='bbox 251 1267 595 1339; x_wconf 85' lang='lat' dir='ltr'><strong>communicationem</strong></span> <span class='ocrx_word' id='word_1_99' title='bbox 617 1275 766 1337; x_wconf 86' lang='lat' dir='ltr'><strong>naturae</strong></span> <span class='ocrx_word' id='word_1_100' title='bbox 789 1268 849 1336; x_wconf 89' lang='lat' dir='ltr'><strong>sed</strong></span> <span class='ocrx_word' id='word_1_101' title='bbox 873 1269 946 1354; x_wconf 88' lang='lat' dir='ltr'><strong>ita,</strong></span> <span class='ocrx_word' id='word_1_102' title='bbox 978 1276 1020 1337; x_wconf 89' lang='lat' dir='ltr'><strong>ut</strong></span> <span class='ocrx_word' id='word_1_103' title='bbox 1052 1269 1167 1338; x_wconf 87' lang='lat' dir='ltr'><strong>altera</strong></span> <span class='ocrx_word' id='word_1_104' title='bbox 1197 1271 1249 1338; x_wconf 90' lang='lat' dir='ltr'><strong>sit</strong></span> 
     </span>
     <span class='ocr_line' id='line_1_13' title="bbox 86 1374 1244 1467; baseline 0.002 -24"><span class='ocrx_word' id='word_1_105' title='bbox 86 1374 207 1465; x_wconf 80' lang='lat' dir='ltr'><strong>proprie</strong></span> <span class='ocrx_word' id='word_1_106' title='bbox 230 1375 412 1464; x_wconf 81' lang='lat' dir='ltr'><strong>generatio</strong></span> <span class='ocrx_word' id='word_1_107' title='bbox 434 1375 548 1446; x_wconf 83' lang='lat' dir='ltr'><strong>altera</strong></span> <span class='ocrx_word' id='word_1_108' title='bbox 579 1400 648 1446; x_wconf 92' lang='lat' dir='ltr'><strong>non</strong></span> <span class='ocrx_word' id='word_1_109' title='bbox 678 1376 744 1462; x_wconf 87' lang='lat' dir='ltr'><strong>sit,</strong></span> <span class='ocrx_word' id='word_1_110' title='bbox 775 1384 959 1466; x_wconf 83' lang='lat' dir='ltr'><strong>possumus</strong></span> <span class='ocrx_word' id='word_1_111' title='bbox 982 1377 1089 1445; x_wconf 91' lang='lat' dir='ltr'><strong>etiem</strong></span> <span class='ocrx_word' id='word_1_112' title='bbox 1113 1376 1244 1467; x_wconf 89' lang='lat' dir='ltr'><strong>pertin·</strong></span> 
     </span>
     <span class='ocr_line' id='line_1_14' title="bbox 27 1481 1244 1577; baseline 0.003 -27"><span class='ocrx_word' id='word_1_113' title='bbox 27 1512 31 1517; x_wconf 96' lang='lat'>·</span> <span class='ocrx_word' id='word_1_114' title='bbox 89 1501 153 1568; x_wconf 78' lang='lat' dir='ltr'><strong>gere</strong></span> <span class='ocrx_word' id='word_1_115' title='bbox 182 1481 229 1551; x_wconf 86' lang='lat' dir='ltr'><strong>ed</strong></span> <span class='ocrx_word' id='word_1_116' title='bbox 259 1483 413 1577; x_wconf 89' lang='lat' dir='ltr'><strong>aliquam</strong></span> <span class='ocrx_word' id='word_1_117' title='bbox 448 1483 721 1576; x_wconf 82' lang='lat' dir='ltr'><strong>intelligentiam</strong></span> <span class='ocrx_word' id='word_1_118' title='bbox 755 1482 863 1552; x_wconf 84' lang='lat' dir='ltr'><strong>huius</strong></span> <span class='ocrx_word' id='word_1_119' title='bbox 891 1484 1137 1568; x_wconf 80' lang='lat' dir='ltr'><strong>differentiae,</strong></span> <span class='ocrx_word' id='word_1_120' title='bbox 1163 1508 1244 1576; x_wconf 90' lang='lat' dir='ltr'><strong>quo·</strong></span> 
     </span>
     <span class='ocr_line' id='line_1_15' title="bbox 24 1588 1243 1684; baseline 0.005 -28"><span class='ocrx_word' id='word_1_121' title='bbox 24 1590 30 1619; x_wconf 80' lang='lat'><strong>²</strong></span> <span class='ocrx_word' id='word_1_122' title='bbox 87 1588 163 1659; x_wconf 88' lang='lat' dir='ltr'><strong>niam</strong></span> <span class='ocrx_word' id='word_1_123' title='bbox 183 1591 277 1659; x_wconf 90' lang='lat' dir='ltr'><strong>ratio</strong></span> <span class='ocrx_word' id='word_1_124' title='bbox 298 1592 442 1683; x_wconf 90' lang='lat' dir='ltr'><strong>propria</strong></span> <span class='ocrx_word' id='word_1_125' title='bbox 465 1592 714 1682; x_wconf 77' lang='lat' dir='ltr'><strong>generationis,</strong></span> <span class='ocrx_word' id='word_1_126' title='bbox 733 1614 803 1684; x_wconf 90' lang='lat' dir='ltr'><strong>qua</strong></span> <span class='ocrx_word' id='word_1_127' title='bbox 825 1594 869 1661; x_wconf 87' lang='lat' dir='ltr'><strong>ab</strong></span> <span class='ocrx_word' id='word_1_128' title='bbox 892 1591 975 1660; x_wconf 89' lang='lat' dir='ltr'><strong>aliis</strong></span> <span class='ocrx_word' id='word_1_129' title='bbox 992 1593 1151 1661; x_wconf 91' lang='lat' dir='ltr'><strong>omnibus</strong></span> <span class='ocrx_word' id='word_1_130' title='bbox 1167 1603 1243 1682; x_wconf 91' lang='lat' dir='ltr'><strong>&#39;pro-</strong></span> 
     </span>
     <span class='ocr_line' id='line_1_16' title="bbox 88 1697 1244 1790; baseline 0.004 -24"><span class='ocrx_word' id='word_1_131' title='bbox 88 1697 283 1767; x_wconf 78' lang='lat' dir='ltr'><strong>cessionibus</strong></span> <span class='ocrx_word' id='word_1_132' title='bbox 304 1698 555 1790; x_wconf 85' lang='lat' dir='ltr'><strong>distinguitur,</strong></span> <span class='ocrx_word' id='word_1_133' title='bbox 580 1707 634 1770; x_wconf 90' lang='lat' dir='ltr'><strong>est</strong></span> <span class='ocrx_word' id='word_1_134' title='bbox 655 1701 755 1771; x_wconf 90' lang='lat' dir='ltr'><strong>nobis</strong></span> <span class='ocrx_word' id='word_1_135' title='bbox 778 1700 816 1769; x_wconf 90' lang='lat' dir='ltr'><strong>in</strong></span> <span class='ocrx_word' id='word_1_136' title='bbox 840 1700 1011 1771; x_wconf 88' lang='lat' dir='ltr'><strong>creaturis</strong></span> <span class='ocrx_word' id='word_1_137' title='bbox 1040 1702 1128 1770; x_wconf 89' lang='lat' dir='ltr'><strong>satis</strong></span> <span class='ocrx_word' id='word_1_138' title='bbox 1157 1725 1244 1771; x_wconf 88' lang='lat' dir='ltr'><strong>oom-</strong></span> 
     </span>
     <span class='ocr_line' id='line_1_17' title="bbox 88 1804 1242 1901; baseline 0.002 -29"><span class='ocrx_word' id='word_1_139' title='bbox 88 1810 188 1894; x_wconf 85' lang='lat' dir='ltr'><strong>perta;</strong></span> <span class='ocrx_word' id='word_1_140' title='bbox 214 1804 301 1876; x_wconf 83' lang='lat' dir='ltr'><strong>baec</strong></span> <span class='ocrx_word' id='word_1_141' title='bbox 323 1812 440 1875; x_wconf 87' lang='lat' dir='ltr'><strong>autem</strong></span> <span class='ocrx_word' id='word_1_142' title='bbox 463 1808 636 1898; x_wconf 90' lang='lat' dir='ltr'><strong>processio</strong></span> <span class='ocrx_word' id='word_1_143' title='bbox 663 1829 751 1901; x_wconf 90' lang='lat' dir='ltr'><strong>quae</strong></span> <span class='ocrx_word' id='word_1_144' title='bbox 774 1808 811 1876; x_wconf 93' lang='lat' dir='ltr'><strong>in</strong></span> <span class='ocrx_word' id='word_1_145' title='bbox 836 1809 1010 1879; x_wconf 87' lang='lat' dir='ltr'><strong>creaturis</strong></span> <span class='ocrx_word' id='word_1_146' title='bbox 1024 1814 1079 1878; x_wconf 87' lang='lat' dir='ltr'><strong>est</strong></span> <span class='ocrx_word' id='word_1_147' title='bbox 1100 1806 1242 1879; x_wconf 84' lang='lat' dir='ltr'><strong>ac&#39;dici-</strong></span> 
     </span>
     <span class='ocr_line' id='line_1_18' title="bbox 10 1912 1245 2008; baseline 0.003 -27"><span class='ocrx_word' id='word_1_148' title='bbox 10 1966 23 1999; x_wconf 68' lang='lat'><strong>,</strong></span> <span class='ocrx_word' id='word_1_149' title='bbox 87 1912 134 1981; x_wconf 82' lang='lat' dir='ltr'><strong>ter</strong></span> <span class='ocrx_word' id='word_1_150' title='bbox 153 1912 357 2003; x_wconf 87' lang='lat' dir='ltr'><strong>generatio,</strong></span> <span class='ocrx_word' id='word_1_151' title='bbox 382 1914 570 2005; x_wconf 82' lang='lat' dir='ltr'><strong>respondet</strong></span> <span class='ocrx_word' id='word_1_152' title='bbox 595 1914 814 2005; x_wconf 88' lang='lat' dir='ltr'><strong>generationi</strong></span> <span class='ocrx_word' id='word_1_153' title='bbox 843 1915 881 1984; x_wconf 94' lang='lat' dir='ltr'><strong>in</strong></span> <span class='ocrx_word' id='word_1_154' title='bbox 911 1917 983 1985; x_wconf 90' lang='lat' dir='ltr'><strong>Deo</strong></span> <span class='ocrx_word' id='word_1_155' title='bbox 1007 1940 1076 1985; x_wconf 92' lang='lat' dir='ltr'><strong>non</strong></span> <span class='ocrx_word' id='word_1_156' title='bbox 1107 1916 1245 2008; x_wconf 91' lang='lat' dir='ltr'><strong>quidem</strong></span> 
     </span>
     <span class='ocr_line' id='line_1_19' title="bbox 10 2002 1255 2157; baseline 0.005 -69"><span class='ocrx_word' id='word_1_157' title='bbox 10 2002 29 2157; x_wconf 62' lang='grc' dir='ltr'><strong>ἱ-</strong></span> <span class='ocrx_word' id='word_1_158' title='bbox 86 2019 257 2089; x_wconf 67' lang='lat' dir='ltr'><strong>mundum</strong></span> <span class='ocrx_word' id='word_1_159' title='bbox 273 2020 442 2091; x_wconf 90' lang='lat' dir='ltr'><strong>rationem</strong></span> <span class='ocrx_word' id='word_1_160' title='bbox 461 2021 646 2092; x_wconf 88' lang='lat' dir='ltr'><strong>identieam</strong></span> <span class='ocrx_word' id='word_1_161' title='bbox 664 2023 853 2111; x_wconf 85' lang='lat' dir='ltr'><strong>(univoce),</strong></span> <span class='ocrx_word' id='word_1_162' title='bbox 873 2029 1029 2093; x_wconf 89' lang='lat' dir='ltr'><strong>attamen</strong></span> <span class='ocrx_word' id='word_1_163' title='bbox 1056 2024 1255 2119; x_wconf 28' lang='lat' dir='ltr'><strong>seeundum·</strong></span> 
     </span>
     <span class='ocr_line' id='line_1_20' title="bbox 10 2123 1290 2223; baseline 0.003 -26"><span class='ocrx_word' id='word_1_164' title='bbox 10 2160 30 2197; x_wconf 73' lang='lat' dir='ltr'><strong>r·</strong></span> <span class='ocrx_word' id='word_1_165' title='bbox 84 2123 336 2197; x_wconf 79' lang='lat' dir='ltr'><strong>n&#39;militudiuem</strong></span> <span class='ocrx_word' id='word_1_166' title='bbox 359 2151 401 2199; x_wconf 90' lang='lat' dir='ltr'><strong>ac</strong></span> <span class='ocrx_word' id='word_1_167' title='bbox 420 2129 654 2199; x_wconf 88' lang='lat' dir='ltr'><strong>imitationem</strong></span> <span class='ocrx_word' id='word_1_168' title='bbox 678 2130 888 2221; x_wconf 82' lang='lat' dir='ltr'><strong>(analogice)</strong></span> <span class='ocrx_word' id='word_1_169' title='bbox 903 2131 967 2217; x_wconf 88' lang='lat' dir='ltr'><strong>ita,</strong></span> <span class='ocrx_word' id='word_1_170' title='bbox 987 2138 1029 2201; x_wconf 93' lang='lat' dir='ltr'><strong>ut</strong></span> <span class='ocrx_word' id='word_1_171' title='bbox 1044 2132 1156 2223; x_wconf 87' lang='lat' dir='ltr'><strong>quoad</strong></span> <span class='ocrx_word' id='word_1_172' title='bbox 1172 2155 1244 2201; x_wconf 91' lang='lat' dir='ltr'><strong>rem</strong></span> <span class='ocrx_word' id='word_1_173' title='bbox 1286 2146 1290 2151; x_wconf 86' lang='lat'>&#39;</span> 
     </span>
     <span class='ocr_line' id='line_1_21' title="bbox 10 2230 1346 2343; baseline 0.002 -39"><span class='ocrx_word' id='word_1_174' title='bbox 10 2244 25 2343; x_wconf 61' lang='lat' dir='ltr'><strong>&#39;f</strong></span> <span class='ocrx_word' id='word_1_175' title='bbox 82 2230 305 2325; x_wconf 69' lang='lat' dir='ltr'><strong>significatam</strong></span> <span class='ocrx_word' id='word_1_176' title='bbox 328 2237 507 2326; x_wconf 85' lang='lat' dir='ltr'><strong>generatio</strong></span> <span class='ocrx_word' id='word_1_177' title='bbox 531 2237 783 2328; x_wconf 85' lang='lat' dir='ltr'><strong>perfectissime</strong></span> <span class='ocrx_word' id='word_1_178' title='bbox 806 2245 842 2307; x_wconf 91' lang='lat' dir='ltr'><strong>et</strong></span> <span class='ocrx_word' id='word_1_179' title='bbox 864 2238 1012 2307; x_wconf 79' lang='lat' dir='ltr'><strong>menime</strong></span> <span class='ocrx_word' id='word_1_180' title='bbox 1040 2238 1179 2329; x_wconf 90' lang='lat' dir='ltr'><strong>proprie</strong></span> <span class='ocrx_word' id='word_1_181' title='bbox 1195 2237 1244 2307; x_wconf 86' lang='lat' dir='ltr'><strong>sit</strong></span> <span class='ocrx_word' id='word_1_182' title='bbox 1342 2254 1346 2261; x_wconf 85' lang='lat'>&#39;</span> 
     </span>
     <span class='ocr_line' id='line_1_22' title="bbox 10 2336 1243 2438; baseline 0.002 -27"><span class='ocrx_word' id='word_1_183' title='bbox 10 2348 14 2391; x_wconf 73' lang='grc' dir='ltr'><strong>ἱ</strong></span> <span class='ocrx_word' id='word_1_184' title='bbox 81 2336 206 2429; x_wconf 84' lang='lat' dir='ltr'><strong>lnDeo,</strong></span> <span class='ocrx_word' id='word_1_185' title='bbox 221 2345 410 2414; x_wconf 88' lang='lat' dir='ltr'><strong>secundnm</strong></span> <span class='ocrx_word' id='word_1_186' title='bbox 426 2344 580 2438; x_wconf 89' lang='lat' dir='ltr'><strong>aliquam</strong></span> <span class='ocrx_word' id='word_1_187' title='bbox 592 2345 708 2415; x_wconf 90' lang='lat' dir='ltr'><strong>divini</strong></span> <span class='ocrx_word' id='word_1_188' title='bbox 722 2346 931 2437; x_wconf 88' lang='lat' dir='ltr'><strong>exemplaris</strong></span> <span class='ocrx_word' id='word_1_189' title='bbox 946 2345 1243 2416; x_wconf 78' lang='lat' dir='ltr'><strong>adumbrationem</strong></span> 
     </span>
     <span class='ocr_line' id='line_1_23' title="bbox 78 2446 1244 2544; baseline 0.004 -25"><span class='ocrx_word' id='word_1_190' title='bbox 78 2446 108 2519; x_wconf 85' lang='lat' dir='ltr'><strong>ln</strong></span> <span class='ocrx_word' id='word_1_191' title='bbox 128 2453 315 2522; x_wconf 88' lang='lat' dir='ltr'><strong>creaturis.</strong></span> <span class='ocrx_word' id='word_1_192' title='bbox 345 2453 461 2522; x_wconf 68' lang='lat' dir='ltr'><strong>«Cum</strong></span> <span class='ocrx_word' id='word_1_193' title='bbox 484 2454 595 2522; x_wconf 91' lang='lat' dir='ltr'><strong>omnis</strong></span> <span class='ocrx_word' id='word_1_194' title='bbox 618 2453 772 2544; x_wconf 89' lang='lat' dir='ltr'><strong>cognitio</strong></span> <span class='ocrx_word' id='word_1_195' title='bbox 795 2460 916 2522; x_wconf 89' lang='lat' dir='ltr'><strong>nostra</strong></span> <span class='ocrx_word' id='word_1_196' title='bbox 938 2454 980 2523; x_wconf 91' lang='lat' dir='ltr'><strong>de</strong></span> <span class='ocrx_word' id='word_1_197' title='bbox 1004 2453 1076 2523; x_wconf 90' lang='lat' dir='ltr'><strong>Deo</strong></span> <span class='ocrx_word' id='word_1_198' title='bbox 1091 2476 1133 2523; x_wconf 90' lang='lat' dir='ltr'><strong>ex</strong></span> <span class='ocrx_word' id='word_1_199' title='bbox 1151 2476 1244 2524; x_wconf 82' lang='lat' dir='ltr'><strong>crea-</strong></span> 
     </span>
     <span class='ocr_line' id='line_1_24' title="bbox 76 2558 1242 2646; baseline 0.002 -19"><span class='ocrx_word' id='word_1_200' title='bbox 76 2558 162 2628; x_wconf 86' lang='lat' dir='ltr'><strong>turis</strong></span> <span class='ocrx_word' id='word_1_201' title='bbox 184 2566 357 2646; x_wconf 88' lang='lat' dir='ltr'><strong>sumatur,</strong></span> <span class='ocrx_word' id='word_1_202' title='bbox 384 2560 415 2630; x_wconf 91' lang='lat' dir='ltr'><strong>si</strong></span> <span class='ocrx_word' id='word_1_203' title='bbox 438 2584 506 2631; x_wconf 95' lang='lat' dir='ltr'><strong>non</strong></span> <span class='ocrx_word' id='word_1_204' title='bbox 529 2562 599 2631; x_wconf 88' lang='lat' dir='ltr'><strong>erit</strong></span> <span class='ocrx_word' id='word_1_205' title='bbox 616 2561 860 2631; x_wconf 90' lang='lat' dir='ltr'><strong>convenientia</strong></span> <span class='ocrx_word' id='word_1_206' title='bbox 875 2561 945 2630; x_wconf 89' lang='lat' dir='ltr'><strong>nisi</strong></span> <span class='ocrx_word' id='word_1_207' title='bbox 962 2561 999 2630; x_wconf 95' lang='lat' dir='ltr'><strong>in</strong></span> <span class='ocrx_word' id='word_1_208' title='bbox 1015 2561 1151 2631; x_wconf 90' lang='lat' dir='ltr'><strong>nomine</strong></span> <span class='ocrx_word' id='word_1_209' title='bbox 1166 2567 1242 2630; x_wconf 89' lang='lat' dir='ltr'><strong>tan·</strong></span> 
     </span>
    </p>

    <p class='ocr_par' dir='ltr' id='par_1_2' title="bbox 44 2667 1272 3624">
     <span class='ocr_line' id='line_1_25' title="bbox 44 2667 1244 2767; baseline 0 -30"><span class='ocrx_word' id='word_1_210' title='bbox 44 2752 53 2767; x_wconf 44' lang='lat'><strong>·</strong></span> <span class='ocrx_word' id='word_1_211' title='bbox 73 2668 143 2737; x_wconf 84' lang='lat' dir='ltr'><strong>tum</strong></span> <span class='ocrx_word' id='word_1_212' title='bbox 165 2668 320 2760; x_wconf 88' lang='lat' dir='ltr'><strong>(quaudo</strong></span> <span class='ocrx_word' id='word_1_213' title='bbox 335 2669 451 2739; x_wconf 90' lang='lat' dir='ltr'><strong>eodem</strong></span> <span class='ocrx_word' id='word_1_214' title='bbox 467 2668 604 2738; x_wconf 92' lang='lat' dir='ltr'><strong>nomine</strong></span> <span class='ocrx_word' id='word_1_215' title='bbox 620 2668 861 2759; x_wconf 77' lang='lat' dir='ltr'><strong>praedicamus</strong></span> <span class='ocrx_word' id='word_1_216' title='bbox 876 2668 1108 2760; x_wconf 88' lang='lat' dir='ltr'><strong>perfectiones</strong></span> <span class='ocrx_word' id='word_1_217' title='bbox 1121 2667 1158 2735; x_wconf 90' lang='lat' dir='ltr'><strong>in</strong></span> <span class='ocrx_word' id='word_1_218' title='bbox 1172 2669 1244 2737; x_wconf 90' lang='lat' dir='ltr'><strong>Deo</strong></span> 
     </span>
     <span class='ocr_line' id='line_1_26' title="bbox 71 2776 1272 2863; baseline -0.001 -18"><span class='ocrx_word' id='word_1_219' title='bbox 71 2780 104 2845; x_wconf 88' lang='lat' dir='ltr'><strong>et</strong></span> <span class='ocrx_word' id='word_1_220' title='bbox 123 2776 163 2843; x_wconf 94' lang='lat' dir='ltr'><strong>in</strong></span> <span class='ocrx_word' id='word_1_221' title='bbox 187 2778 388 2863; x_wconf 89' lang='lat' dir='ltr'><strong>creaturis),</strong></span> <span class='ocrx_word' id='word_1_222' title='bbox 406 2776 499 2846; x_wconf 91' lang='lat' dir='ltr'><strong>nihil</strong></span> <span class='ocrx_word' id='word_1_223' title='bbox 522 2777 564 2846; x_wconf 89' lang='lat' dir='ltr'><strong>de</strong></span> <span class='ocrx_word' id='word_1_224' title='bbox 587 2777 659 2847; x_wconf 91' lang='lat' dir='ltr'><strong>Deo</strong></span> <span class='ocrx_word' id='word_1_225' title='bbox 682 2778 849 2847; x_wconf 88' lang='lat' dir='ltr'><strong>sciremus</strong></span> <span class='ocrx_word' id='word_1_226' title='bbox 864 2777 935 2845; x_wconf 93' lang='lat' dir='ltr'><strong>nisi</strong></span> <span class='ocrx_word' id='word_1_227' title='bbox 950 2777 1089 2861; x_wconf 77' lang='lat' dir='ltr'><strong>nomina</strong></span> <span class='ocrx_word' id='word_1_228' title='bbox 1105 2784 1243 2846; x_wconf 88' lang='lat' dir='ltr'><strong>tantum</strong></span> <span class='ocrx_word' id='word_1_229' title='bbox 1268 2814 1272 2823; x_wconf 95' lang='lat'>·</span> 
     </span>
     <span class='ocr_line' id='line_1_27' title="bbox 70 2884 1245 2977; baseline 0 -22"><span class='ocrx_word' id='word_1_230' title='bbox 70 2904 173 2971; x_wconf 78' lang='lat' dir='ltr'><strong>vena,</strong></span> <span class='ocrx_word' id='word_1_231' title='bbox 188 2884 316 2977; x_wconf 90' lang='lat' dir='ltr'><strong>quibus</strong></span> <span class='ocrx_word' id='word_1_232' title='bbox 328 2905 464 2954; x_wconf 88' lang='lat' dir='ltr'><strong>resnou</strong></span> <span class='ocrx_word' id='word_1_233' title='bbox 477 2886 646 2954; x_wconf 89' lang='lat' dir='ltr'><strong>subesset.</strong></span> <span class='ocrx_word' id='word_1_234' title='bbox 666 2885 879 2977; x_wconf 83' lang='lat' dir='ltr'><strong>Sequeretur</strong></span> <span class='ocrx_word' id='word_1_235' title='bbox 891 2884 1009 2970; x_wconf 90' lang='lat' dir='ltr'><strong>etiam,</strong></span> <span class='ocrx_word' id='word_1_236' title='bbox 1025 2885 1116 2976; x_wconf 90' lang='lat' dir='ltr'><strong>quod</strong></span> <span class='ocrx_word' id='word_1_237' title='bbox 1129 2907 1245 2955; x_wconf 89' lang='lat' dir='ltr'><strong>omnes</strong></span> 
     </span>
     <span class='ocr_line' id='line_1_28' title="bbox 68 2990 1243 3084; baseline -0.003 -21"><span class='ocrx_word' id='word_1_238' title='bbox 68 2990 382 3064; x_wconf 83' lang='lat' dir='ltr'><strong>demonstrationes</strong></span> <span class='ocrx_word' id='word_1_239' title='bbox 404 3015 426 3060; x_wconf 92' lang='lat' dir='ltr'><strong>a</strong></span> <span class='ocrx_word' id='word_1_240' title='bbox 448 2992 665 3084; x_wconf 88' lang='lat' dir='ltr'><strong>philosophis</strong></span> <span class='ocrx_word' id='word_1_241' title='bbox 688 2992 792 3062; x_wconf 89' lang='lat' dir='ltr'><strong>datae</strong></span> <span class='ocrx_word' id='word_1_242' title='bbox 814 2993 856 3062; x_wconf 90' lang='lat' dir='ltr'><strong>de</strong></span> <span class='ocrx_word' id='word_1_243' title='bbox 880 2992 952 3061; x_wconf 88' lang='lat' dir='ltr'><strong>Deo</strong></span> <span class='ocrx_word' id='word_1_244' title='bbox 983 3000 1100 3061; x_wconf 91' lang='lat' dir='ltr'><strong>essent</strong></span> <span class='ocrx_word' id='word_1_245' title='bbox 1129 2991 1243 3081; x_wconf 91' lang='lat' dir='ltr'><strong>sophi·</strong></span> 
     </span>
     <span class='ocr_line' id='line_1_29' title="bbox 67 3097 1243 3191; baseline -0.003 -20"><span class='ocrx_word' id='word_1_246' title='bbox 67 3098 221 3171; x_wconf 84' lang='lat' dir='ltr'><strong>eticae...</strong></span> <span class='ocrx_word' id='word_1_247' title='bbox 236 3099 286 3167; x_wconf 85' lang='lat' dir='ltr'><strong>Et</strong></span> <span class='ocrx_word' id='word_1_248' title='bbox 307 3099 385 3168; x_wconf 93' lang='lat' dir='ltr'><strong>ideo</strong></span> <span class='ocrx_word' id='word_1_249' title='bbox 407 3099 602 3186; x_wconf 90' lang='lat' dir='ltr'><strong>dicendum,</strong></span> <span class='ocrx_word' id='word_1_250' title='bbox 628 3099 719 3191; x_wconf 92' lang='lat' dir='ltr'><strong>quod</strong></span> <span class='ocrx_word' id='word_1_251' title='bbox 742 3098 784 3168; x_wconf 89' lang='lat' dir='ltr'><strong>de</strong></span> <span class='ocrx_word' id='word_1_252' title='bbox 808 3099 879 3167; x_wconf 91' lang='lat' dir='ltr'><strong>Deo</strong></span> <span class='ocrx_word' id='word_1_253' title='bbox 901 3104 939 3167; x_wconf 91' lang='lat' dir='ltr'><strong>et</strong></span> <span class='ocrx_word' id='word_1_254' title='bbox 962 3106 1126 3168; x_wconf 88' lang='lat' dir='ltr'><strong>creatura</strong></span> <span class='ocrx_word' id='word_1_255' title='bbox 1152 3097 1243 3168; x_wconf 90' lang='lat' dir='ltr'><strong>nihil</strong></span> 
     </span>
     <span class='ocr_line' id='line_1_30' title="bbox 65 3206 1243 3301; baseline -0.001 -25"><span class='ocrx_word' id='word_1_256' title='bbox 65 3206 290 3301; x_wconf 88' lang='lat' dir='ltr'><strong>praedicetur</strong></span> <span class='ocrx_word' id='word_1_257' title='bbox 312 3208 476 3297; x_wconf 87' lang='lat' dir='ltr'><strong>univoce;</strong></span> <span class='ocrx_word' id='word_1_258' title='bbox 501 3231 571 3277; x_wconf 91' lang='lat' dir='ltr'><strong>uon</strong></span> <span class='ocrx_word' id='word_1_259' title='bbox 593 3214 709 3277; x_wconf 89' lang='lat' dir='ltr'><strong>tamen</strong></span> <span class='ocrx_word' id='word_1_260' title='bbox 745 3230 786 3277; x_wconf 93' lang='lat' dir='ltr'><strong>ea</strong></span> <span class='ocrx_word' id='word_1_261' title='bbox 817 3228 905 3299; x_wconf 87' lang='lat' dir='ltr'><strong>quae</strong></span> <span class='ocrx_word' id='word_1_262' title='bbox 937 3208 1164 3277; x_wconf 88' lang='lat' dir='ltr'><strong>communiter</strong></span> <span class='ocrx_word' id='word_1_263' title='bbox 1187 3207 1243 3296; x_wconf 87' lang='lat' dir='ltr'><strong>(de</strong></span> 
     </span>
     <span class='ocr_line' id='line_1_31' title="bbox 64 3314 1242 3409; baseline -0.005 -22"><span class='ocrx_word' id='word_1_264' title='bbox 64 3316 140 3387; x_wconf 89' lang='lat' dir='ltr'><strong>Deo</strong></span> <span class='ocrx_word' id='word_1_265' title='bbox 162 3315 264 3386; x_wconf 89' lang='lat' dir='ltr'><strong>etde</strong></span> <span class='ocrx_word' id='word_1_266' title='bbox 286 3321 465 3404; x_wconf 85' lang='lat' dir='ltr'><strong>creatura)</strong></span> <span class='ocrx_word' id='word_1_267' title='bbox 487 3315 759 3409; x_wconf 88' lang='lat' dir='ltr'><strong>praedicantur,</strong></span> <span class='ocrx_word' id='word_1_268' title='bbox 782 3338 869 3404; x_wconf 87' lang='lat' dir='ltr'><strong>pure</strong></span> <span class='ocrx_word' id='word_1_269' title='bbox 897 3314 1084 3406; x_wconf 88' lang='lat' dir='ltr'><strong>aequivoce</strong></span> <span class='ocrx_word' id='word_1_270' title='bbox 1107 3314 1242 3404; x_wconf 87' lang='lat' dir='ltr'><strong>praedi-</strong></span> 
     </span>
     <span class='ocr_line' id='line_1_32' title="bbox 65 3417 1241 3515; baseline -0.006 -21"><span class='ocrx_word' id='word_1_271' title='bbox 65 3430 197 3494; x_wconf 86' lang='lat' dir='ltr'><strong>centnr</strong></span> <span class='ocrx_word' id='word_1_272' title='bbox 218 3422 279 3494; x_wconf 89' lang='lat' dir='ltr'><strong>sed</strong></span> <span class='ocrx_word' id='word_1_273' title='bbox 303 3423 514 3515; x_wconf 70' lang='lat' dir='ltr'><strong>andogioo„</strong></span> <span class='ocrx_word' id='word_1_274' title='bbox 540 3423 577 3492; x_wconf 85' lang='lat' dir='ltr'><strong>S.</strong></span> <span class='ocrx_word' id='word_1_275' title='bbox 597 3422 664 3491; x_wconf 79' lang='lat' dir='ltr'><strong>Th.</strong></span> <span class='ocrx_word' id='word_1_276' title='bbox 686 3423 728 3492; x_wconf 90' lang='lat' dir='ltr'><strong>de</strong></span> <span class='ocrx_word' id='word_1_277' title='bbox 755 3422 893 3490; x_wconf 89' lang='lat' dir='ltr'><strong>Potent.</strong></span> <span class='ocrx_word' id='word_1_278' title='bbox 917 3446 949 3512; x_wconf 87' lang='lat' dir='ltr'><strong>q.</strong></span> <span class='ocrx_word' id='word_1_279' title='bbox 970 3421 1002 3487; x_wconf 90' lang='grc'><strong>7.</strong></span> <span class='ocrx_word' id='word_1_280' title='bbox 1020 3442 1053 3487; x_wconf 89' lang='lat' dir='ltr'><strong>a.</strong></span> <span class='ocrx_word' id='word_1_281' title='bbox 1074 3420 1109 3487; x_wconf 86' lang='grc'><strong>-7,</strong></span> <span class='ocrx_word' id='word_1_282' title='bbox 1133 3420 1181 3488; x_wconf 88' lang='lat' dir='ltr'><strong>cf.</strong></span> <span class='ocrx_word' id='word_1_283' title='bbox 1207 3417 1241 3487; x_wconf 93' lang='lat'><strong>1.</strong></span> 
     </span>
     <span class='ocr_line' id='line_1_33' title="bbox 65 3530 664 3624; baseline -0.01 -24"><span class='ocrx_word' id='word_1_284' title='bbox 65 3556 101 3624; x_wconf 89' lang='lat' dir='ltr'><strong>q.</strong></span> <span class='ocrx_word' id='word_1_285' title='bbox 116 3530 174 3601; x_wconf 84' lang='lat' dir='ltr'><strong>le.</strong></span> <span class='ocrx_word' id='word_1_286' title='bbox 189 3552 223 3601; x_wconf 89' lang='lat' dir='ltr'><strong>a.</strong></span> <span class='ocrx_word' id='word_1_287' title='bbox 237 3531 272 3600; x_wconf 82' lang='lat'><strong>5.</strong></span> <span class='ocrx_word' id='word_1_288' title='bbox 660 3550 664 3555; x_wconf 92' lang='lat'>·</span> 
     </span>
    </p>

    <p class='ocr_par' dir='ltr' id='par_1_3' title="bbox 65 3633 1244 3948">
     <span class='ocr_line' id='line_1_34' title="bbox 134 3633 1243 3731; baseline -0.005 -23"><span class='ocrx_word' id='word_1_289' title='bbox 134 3638 203 3708; x_wconf 84' lang='lat' dir='ltr'><strong>His</strong></span> <span class='ocrx_word' id='word_1_290' title='bbox 226 3640 418 3731; x_wconf 90' lang='lat' dir='ltr'><strong>suppositis</strong></span> <span class='ocrx_word' id='word_1_291' title='bbox 442 3639 673 3729; x_wconf 83' lang='lat' dir='ltr'><strong>seiungendae</strong></span> <span class='ocrx_word' id='word_1_292' title='bbox 696 3635 871 3727; x_wconf 88' lang='lat' dir='ltr'><strong>imprimis</strong></span> <span class='ocrx_word' id='word_1_293' title='bbox 887 3641 971 3704; x_wconf 86' lang='lat' dir='ltr'><strong>sunt</strong></span> <span class='ocrx_word' id='word_1_294' title='bbox 987 3655 1104 3703; x_wconf 88' lang='lat' dir='ltr'><strong>omnes</strong></span> <span class='ocrx_word' id='word_1_295' title='bbox 1119 3633 1243 3724; x_wconf 87' lang='lat' dir='ltr'><strong>imper-</strong></span> 
     </span>
     <span class='ocr_line' id='line_1_35' title="bbox 66 3740 1241 3839; baseline -0.005 -24"><span class='ocrx_word' id='word_1_296' title='bbox 66 3746 248 3832; x_wconf 83' lang='lat' dir='ltr'><strong>fectiones,</strong></span> <span class='ocrx_word' id='word_1_297' title='bbox 264 3769 350 3839; x_wconf 88' lang='lat' dir='ltr'><strong>quas</strong></span> <span class='ocrx_word' id='word_1_298' title='bbox 367 3746 546 3836; x_wconf 87' lang='lat' dir='ltr'><strong>generatio</strong></span> <span class='ocrx_word' id='word_1_299' title='bbox 563 3744 707 3837; x_wconf 88' lang='lat' dir='ltr'><strong>quaevis</strong></span> <span class='ocrx_word' id='word_1_300' title='bbox 719 3744 756 3810; x_wconf 93' lang='lat' dir='ltr'><strong>in</strong></span> <span class='ocrx_word' id='word_1_301' title='bbox 769 3742 897 3813; x_wconf 88' lang='lat' dir='ltr'><strong>creatis</strong></span> <span class='ocrx_word' id='word_1_302' title='bbox 916 3741 1108 3832; x_wconf 91' lang='lat' dir='ltr'><strong>implicitas</strong></span> <span class='ocrx_word' id='word_1_303' title='bbox 1124 3740 1241 3825; x_wconf 87' lang='lat' dir='ltr'><strong>habet,</strong></span> 
     </span>
     <span class='ocr_line' id='line_1_36' title="bbox 65 3848 1244 3948; baseline -0.009 -23"><span class='ocrx_word' id='word_1_304' title='bbox 65 3876 156 3948; x_wconf 87' lang='lat' dir='ltr'><strong>quae</strong></span> <span class='ocrx_word' id='word_1_305' title='bbox 167 3860 284 3923; x_wconf 90' lang='lat' dir='ltr'><strong>temen</strong></span> <span class='ocrx_word' id='word_1_306' title='bbox 295 3878 364 3922; x_wconf 93' lang='lat' dir='ltr'><strong>non</strong></span> <span class='ocrx_word' id='word_1_307' title='bbox 381 3854 558 3944; x_wconf 91' lang='lat' dir='ltr'><strong>pertinent</strong></span> <span class='ocrx_word' id='word_1_308' title='bbox 573 3851 617 3920; x_wconf 90' lang='lat' dir='ltr'><strong>ad</strong></span> <span class='ocrx_word' id='word_1_309' title='bbox 633 3850 807 3942; x_wconf 89' lang='lat' dir='ltr'><strong>propriam</strong></span> <span class='ocrx_word' id='word_1_310' title='bbox 823 3848 993 3917; x_wconf 89' lang='lat' dir='ltr'><strong>rationem</strong></span> <span class='ocrx_word' id='word_1_311' title='bbox 1006 3848 1244 3939; x_wconf 83' lang='lat' dir='ltr'><strong>generationis</strong></span> 
     </span>
    </p>

    <p class='ocr_par' dir='ltr' id='par_1_4' title="bbox 27 3954 1244 4267">
     <span class='ocr_line' id='line_1_37' title="bbox 27 3954 1244 4055; baseline -0.01 -21"><span class='ocrx_word' id='word_1_312' title='bbox 27 4004 34 4015; x_wconf 93' lang='lat'>·</span> <span class='ocrx_word' id='word_1_313' title='bbox 64 3984 129 4055; x_wconf 90' lang='lat' dir='ltr'><strong>per</strong></span> <span class='ocrx_word' id='word_1_314' title='bbox 152 3984 189 4031; x_wconf 90' lang='lat' dir='ltr'><strong>se</strong></span> <span class='ocrx_word' id='word_1_315' title='bbox 212 3967 401 4053; x_wconf 86' lang='lat' dir='ltr'><strong>spectatae.</strong></span> <span class='ocrx_word' id='word_1_316' title='bbox 418 3959 558 4031; x_wconf 83' lang='lat' dir='ltr'><strong>Modum</strong></span> <span class='ocrx_word' id='word_1_317' title='bbox 578 3958 684 4026; x_wconf 93' lang='lat' dir='ltr'><strong>huius</strong></span> <span class='ocrx_word' id='word_1_318' title='bbox 701 3956 927 4049; x_wconf 88' lang='lat' dir='ltr'><strong>praecisionis</strong></span> <span class='ocrx_word' id='word_1_319' title='bbox 943 3954 1244 4046; x_wconf 88' lang='lat' dir='ltr'><strong>imperfectionum</strong></span> 
     </span>
     <span class='ocr_line' id='line_1_38' title="bbox 64 4060 1242 4159; baseline -0.01 -20"><span class='ocrx_word' id='word_1_320' title='bbox 64 4068 238 4139; x_wconf 84' lang='lat' dir='ltr'><strong>revelatio</strong></span> <span class='ocrx_word' id='word_1_321' title='bbox 260 4068 338 4159; x_wconf 89' lang='lat' dir='ltr'><strong>ipsa</strong></span> <span class='ocrx_word' id='word_1_322' title='bbox 360 4090 423 4136; x_wconf 91' lang='lat' dir='ltr'><strong>nos</strong></span> <span class='ocrx_word' id='word_1_323' title='bbox 445 4067 545 4136; x_wconf 89' lang='lat' dir='ltr'><strong>docet</strong></span> <span class='ocrx_word' id='word_1_324' title='bbox 559 4089 627 4136; x_wconf 95' lang='lat' dir='ltr'><strong>non</strong></span> <span class='ocrx_word' id='word_1_325' title='bbox 644 4065 755 4133; x_wconf 91' lang='lat' dir='ltr'><strong>solum</strong></span> <span class='ocrx_word' id='word_1_326' title='bbox 778 4061 935 4155; x_wconf 91' lang='lat' dir='ltr'><strong>generali</strong></span> <span class='ocrx_word' id='word_1_327' title='bbox 951 4060 1111 4130; x_wconf 89' lang='lat' dir='ltr'><strong>doctrina</strong></span> <span class='ocrx_word' id='word_1_328' title='bbox 1126 4060 1168 4128; x_wconf 91' lang='lat' dir='ltr'><strong>de</strong></span> <span class='ocrx_word' id='word_1_329' title='bbox 1191 4060 1242 4128; x_wconf 93' lang='lat' dir='ltr'><strong>in-</strong></span> 
     </span>
     <span class='ocr_line' id='line_1_39' title="bbox 65 4167 1242 4267; baseline -0.008 -21"><span class='ocrx_word' id='word_1_330' title='bbox 65 4175 169 4246; x_wconf 89' lang='lat' dir='ltr'><strong>linita</strong></span> <span class='ocrx_word' id='word_1_331' title='bbox 184 4175 398 4267; x_wconf 88' lang='lat' dir='ltr'><strong>perfectione</strong></span> <span class='ocrx_word' id='word_1_332' title='bbox 414 4175 492 4261; x_wconf 90' lang='lat' dir='ltr'><strong>Dei,</strong></span> <span class='ocrx_word' id='word_1_333' title='bbox 511 4174 570 4243; x_wconf 88' lang='lat' dir='ltr'><strong>sed</strong></span> <span class='ocrx_word' id='word_1_334' title='bbox 593 4174 699 4243; x_wconf 91' lang='lat' dir='ltr'><strong>etiam</strong></span> <span class='ocrx_word' id='word_1_335' title='bbox 719 4171 899 4263; x_wconf 85' lang='lat' dir='ltr'><strong>speciatim</strong></span> <span class='ocrx_word' id='word_1_336' title='bbox 915 4167 1125 4240; x_wconf 89' lang='lat' dir='ltr'><strong>declarando</strong></span> <span class='ocrx_word' id='word_1_337' title='bbox 1141 4190 1242 4257; x_wconf 89' lang='lat' dir='ltr'><strong>gene-</strong></span> 
     </span>
    </p>
   </div>
   <div class='ocr_carea' id='block_1_2' title="bbox 0 0 1590 4950">
    <p class='ocr_par' dir='ltr' id='par_1_5' title="bbox 0 0 1590 4950">
     <span class='ocr_line' id='line_1_40' title="bbox 0 0 1590 4950; baseline 0 0"><span class='ocrx_word' id='word_1_338' title='bbox 0 0 1590 4950; x_wconf 95' lang='lat' dir='ltr'><strong> </strong></span> 
     </span>
    </p>
   </div>
  </div>
 </body>
</html>
