3172 4950
699 121 736 135 -
758 88 819 150 472
840 118 877 135 ...

205 207 283 275 tent
304 221 397 284 esee,
421 221 489 264 uon
517 197 606 262 enim
628 195 667 260 s'n
691 196 818 260 incerto
842 194 1008 262 Dominus
1030 194 1180 289 reliquit
1200 196 1256 286 (1).
1275 198 1334 271 iisn
1396 196 1401 207 '

207 310 273 379 sub
294 306 417 375 iisdem
433 302 540 372 dictis
555 302 639 370 haec
655 300 707 369 ita
722 299 862 370 locutus
876 305 950 370 est:
969 322 1049 370 cum
1064 303 1204 373 venerit
1216 303 1270 374 ille
1287 304 1335 396 Spi-
1399 306 1401 311 ’

198 416 301 486 ritus
324 410 531 481 veritatis...
550 431 617 478 uon
640 408 730 477 euim
746 407 909 499 loquetur
931 429 953 475 a
975 409 1203 501 semetipso...
1218 412 1337 505 quouiuu

210 523 252 592 de
274 542 347 589 meo
370 518 519 608 accipiet
540 524 577 585 et
602 515 827 584 annuntiabit
857 516 967 584 vobis.
996 515 1122 586 Omnia
1149 539 1339 611 quaecumque

210 627 316 695 habet
337 629 454 708 Pater,
480 645 555 691 mea
577 629 678 709 sunt;
697 629 879 712 propterea
895 621 994 691 dixi:
1020 623 1062 691 de
1086 645 1161 692 meo
1183 623 1341 715 accipictct

211 732 437 804 annuntiabit
459 730 558 798 vobis
582 730 647 816 (Io.
662 729 760 797 XVI.
777 729 914 814 12-15).
932 730 965 795 A
987 729 1083 799 Filio
1105 731 1221 820 igitur
1236 730 1341 823 accipit,

213 841 274 935 qui
297 848 333 910 et
355 841 398 906 ab
421 860 460 906 eo
483 836 640 904 mittitur
670 841 706 904 et
734 858 755 901 a
783 837 888 903 Patre
910 837 1080 926 procedit.
1107 836 1159 906 Et
1179 838 1342 928 interrogo,

213 954 334 1017 utrum
356 946 393 1015 id
416 946 529 1034 ipsum
553 943 601 1010 sit
623 961 645 1008 a
666 942 760 1010 Filio
787 942 955 1032 accipere,
980 943 1072 1035 qnod
1094 965 1116 1011 a
1136 945 1242 1014 Patre
1262 952 1345 1035 prole

214 1056 306 1123 dere.
341 1052 441 1136 Quod
464 1050 495 1118 si
518 1050 660 1118 differre
691 1049 851 1118 credetur
881 1049 974 1119 inter
999 1050 1157 1142 accipere
1179 1073 1201 1119 a
1221 1051 1347 1121 Filioet

215 1184 237 1227 a
259 1162 364 1228 Patre
386 1157 592 1248 procedere3
613 1162 705 1224 certe
728 1156 765 1224 id
787 1156 901 1246 ipsum
919 1162 1024 1248 atque
1047 1180 1157 1227 unum
1172 1181 1245 1228 esse
1258 1156 1349 1229 eristi·
1397 1152 1401 1205 ¹

216 1267 369 1335 mabitur
391 1264 547 1352 accipere
562 1285 584 1329 a
598 1263 703 1346 Filio,
722 1263 812 1354 quod
828 1262 876 1332 sit
898 1263 1053 1355 accipere
1069 1267 1212 1335 aPatre
1225 1265 1284 1353 (2).
1296 1264 1351 1356 Ipse

216 1374 308 1444 enim
330 1372 499 1442 Dominus
521 1370 592 1438 ait:
611 1370 772 1462 quoniam
789 1372 830 1440 de
847 1391 920 1440 meo
934 1371 1085 1461 accipiet
1103 1376 1140 1442 at
1161 1370 1358 1443 annuntiabit.
1393 1380 1397 1403 ²

218 1481 333 1564 robis3
358 1479 472 1546 omnia
495 1500 704 1569 quaecumqe
727 1476 831 1546 habet
853 1478 969 1562 Pater,
994 1499 1070 1547 mea
1092 1484 1189 1566 sunt;
1206 1484 1354 1571 propono

218 1586 306 1669 dixi,
333 1586 374 1654 de
397 1608 470 1654 meo
493 1585 652 1673 accipiat.
678 1585 752 1653 Hoc
775 1585 865 1675 quod
888 1584 1048 1675 accipiet,
1067 1585 1144 1654 sive
1163 1590 1356 1677 potestant

219 1694 295 1763 eive
319 1692 435 1760 virtue
458 1691 533 1759 sive
556 1686 716 1759 doctrina
742 1699 807 1773 est,
834 1691 950 1758 Filias
972 1716 994 1757 a
1016 1715 1050 1757 se
1072 1690 1358 1781 accipiendarum

220 1798 328 1876 dixit,
352 1803 389 1865 et
411 1821 551 1865 rursum
576 1800 635 1863 hoo
658 1800 768 1886 ipsum
798 1799 974 1887 sipns'ficot
1002 1792 1237 1888 accipiendam
1258 1821 1314 1865 ease
1329 1793 1359 1861 ds

220 1907 340 1972 Patre.
366 1903 450 1973 Cum
473 1905 563 1972 enim
587 1905 652 1988 ait,
677 1903 791 1971 omnia
815 1925 1046 1997 quaecumque
1068 1905 1175 1974 habet
1190 1906 1360 1987 Paccius

221 2035 295 2082 esse
318 2011 504 2081 etidcirco
527 2010 657 2079 dixisse
681 2033 729 2094 se,
756 2011 796 2079 de
820 2033 881 2078 suo
903 2011 1142 2103 accipiendum
1164 2034 1250 2098 esea;
1271 2010 1357 2091 dont.

223 2121 327 2187 etiam
351 2145 373 2186 u
394 2121 501 2188 Patra
531 2117 730 2208 accipienda
762 2143 784 2183 a
810 2143 843 2185 sc
870 2133 982 2185 tumen
1008 2121 1145 2209 accipi,
1170 2119 1253 2210 quia
1273 2114 1362 2186 omuit

225 2250 313 2320 quae
336 2227 456 2295 Patris
479 2233 575 2308 sunt,
601 2246 665 2293 sua
688 2232 781 2293 sunt.
800 2226 878 2294 Non
894 2225 1000 2296 habet
1019 2226 1104 2295 haec
1122 2228 1257 2297 veritus
1272 2223 1361 2295 diver·

225 2335 379 2417 sitalem,
405 2354 467 2400 nec
490 2332 611 2400 differt
634 2328 745 2422 aquo
768 2338 946 2422 acceptum
961 2333 1022 2418 sit,
1040 2333 1131 2424 qood
1150 2334 1266 2402 datum
1281 2331 1360 2400 oPc·

224 2455 277 2507 tre
300 2440 417 2506 dulcem
440 2439 616 2526 referatur
638 2463 660 2504 a
684 2439 837 2507 Filio...
853 2438 954 2522 Quod
970 2462 1076 2508 unum
1096 2441 1196 2509 ambo
1211 2438 1361 2525 suntffa

222 2556 278 2618 ter
301 2553 338 2616 et
361 2545 503 2631 Filius),
529 2544 682 2614 eiusdem
707 2544 744 2613 in
767 2550 916 2637 utroque
941 2568 1003 2637 per
1025 2547 1281 2636 generationem
1295 2541 1361 2614 nati·

276 2761 319 2837 (1)
333 2762 494 2817 Videlicet:
518 2778 574 2815 non
592 2777 642 2830 par
661 2760 797 2817 iniuriam
816 2766 846 2814 et
864 2777 924 2815 mco
943 2761 1066 2816 arbitrio
1088 2762 1156 2842 volo
1175 2761 1284 2831 eripere
1299 2758 1360 2815 ister

224 2857 312 2906 tatem
343 2853 575 2918 intelligentiae,
593 2842 682 2918 ‘quam
707 2852 810 2905 Ariani
831 2852 889 2905 sibi
913 2856 1069 2919 arrogat,
1094 2852 1144 2905 sed
1170 2854 1301 2906 Dominus
1318 2850 1360 2915 ips

224 2944 303 2995 clara
324 2955 377 2994 sua
397 2940 527 2994 doctrine
550 2941 622 2995 hanc
646 2942 810 2994 libertatem
829 2943 920 2995 tollit.
940 2941 989 2996 Sic
1006 2944 1093 3010 paulo
1118 2942 1243 2996 iniurius
1264 2938 1361 3008 appullit

226 3050 240 3078 ι
256 3031 362 3097 impiae
384 3031 597 3095 intelligentiae
619 3031 791 3084 libertatem.
806 3052 817 3076 s
830 3032 873 3083 Ex
885 3031 1015 3098 superius
1033 3030 1119 3084 dictis
1139 3030 1251 3085 abunde
1263 3029 1360 3087 constat·

224 3118 347 3174 Arianos
374 3119 431 3171 sibi
457 3119 576 3171 liberum
608 3124 724 3187 putasse
747 3135 848 3184 negare
869 3120 1076 3186 proceesIousm
1108 3120 1236 3187 Spiritus
1257 3116 1361 3174 Sanctis

225 3209 331 3271 Patre,
359 3210 388 3258 et
408 3205 471 3258 ideo
494 3208 698 3271 processionem
721 3223 772 3275 per
787 3207 1066 3261 communicationem
1087 3212 1209 3261 naturas
1229 3202 1363 3261 suamet

225 3296 315 3361 Filio;
338 3294 412 3348 unde
432 3296 527 3347 nescio
546 3311 617 3362 quaa
636 3312 721 3350 causa
739 3295 941 3349 haesitationis
968 3297 1059 3350 luerit
1081 3297 1188 3351 editori
1206 3294 1361 3355 consuitis,

227 3385 300 3452 quod
320 3383 366 3456 (ut
384 3383 414 3436 in
434 3389 504 3439 nota
516 3386 611 3438 textui
631 3387 759 3439 subiecta
772 3381 826 3454 ait)
841 3400 900 3439 sex
918 3386 965 3439 his
985 3403 1018 3440 ac
1037 3388 1227 3454 sequentibus
1243 3387 1320 3440 dictis
1329 3379 1362 3434 Hi·

226 3477 295 3529 larii
315 3474 409 3530 videri
423 3479 538 3543 posset,
554 3475 608 3528 ism
629 3480 688 3528 tum
707 3480 809 3529 motam
824 3491 886 3528 esse
911 3474 944 3529 de
958 3474 1085 3545 Spiritus
1105 3477 1206 3532 Sancti
1218 3474 1363 3547 praeculti·

226 3566 460 3618 controversiam.
475 3586 487 3614 s

278 3649 436 3722 (tlsausus
456 3654 565 3707 Hilarii
588 3658 641 3707 est:
663 3655 789 3723 accipere
809 3655 843 3709 ab
857 3655 916 3710 alio
932 3658 961 3708 et
979 3655 1131 3724 procedere
1149 3657 1299 3712 indivisis
1313 3650 1365 3707 iden

227 3741 382 3805 significat.
402 3742 431 3795 Si
455 3745 597 3798 tamenab
623 3744 798 3798 adversariis
811 3744 842 3798 id
865 3745 895 3798 in
918 3743 1035 3799 dubium
1055 3749 1188 3815 vocetur,
1217 3747 1312 3815 probat
1325 3740 1365 3794 ulit

228 3829 318 3896 modo,
333 3829 471 3884 luverbis
491 3832 602 3885 Christi
621 3834 767 3887 enuntiari
787 3834 1068 3889 communicationem
1084 3837 1266 3890 substantiae
1282 3835 1366 3888 aram

228 3924 257 3974 et
274 3919 351 3977 Filio
369 3919 401 3972 iu
426 3919 563 3988 Spiritum
588 3922 741 3976 Sanctum:
768 3924 901 3990 quoniam
921 3923 1047 3992 Spiritus
1060 3924 1183 3979 Sanctus
1205 3925 1307 3979 dicitur
1320 3917 1368 3975 soal·

227 4022 294 4076 pere
305 4023 321 4061 a
333 4008 418 4061 Patre
429 4009 504 4061 sicut
516 4008 621 4077 accipit
639 4025 656 4063 a
669 4009 755 4078 Filio,
770 4010 857 4079 idque
870 4016 1021 4080 propteroa
1037 4013 1112 4082 quod
1125 4014 1229 4083 omnis,
1243 4027 1310 4083 quse
1319 3998 1369 4064 suut

228 4095 313 4162 Filii,
334 4100 403 4149 sunt
418 4096 534 4164 Patris5
555 4095 679 4165 adeoque
694 4098 820 4168 Spiritus
837 4100 943 4169 accipit
960 4116 978 4154 a
996 4102 1081 4156 Patre
1099 4105 1129 4155 et
1146 4101 1234 4173 uilio,
1254 4104 1370 4170 φύσιν

162 4202 169 4213 ·
229 4197 315 4237 unum
334 4188 412 4238 suut.
