3172 4950
648 343 688 361 ..
709 311 770 374 505
792 345 829 359 -

188 418 279 486 Filius
300 438 342 486 ex
367 417 471 486 Patre
494 417 645 506 genesim
661 417 807 507 accepit,
825 417 884 486 sed
908 422 963 487 est
983 439 1091 486 unum
1113 418 1255 511 aliquod
1270 442 1323 492 eo·

188 550 244 593 run
264 548 349 617 quae
367 548 427 615 per
441 525 573 592 Filium
590 526 684 593 sacta
701 531 796 609 sunt,
815 524 974 616 quoniam
998 526 1112 594 omnia
1133 527 1325 617 peripsum

188 633 362 700 factasunt
384 640 420 700 et
442 632 516 701 sina
540 632 614 721 ipso
630 633 762 701 iactum
786 639 840 700 est
862 631 986 700 nihilo
1013 632 1064 703 De
1080 633 1200 703 eccles.
1213 634 1321 704 theol.

188 737 207 805 l.
217 740 272 808 ΙΙΙ.
287 741 359 809 ee.
372 739 470 807 Hanc
493 739 603 828 ipsam
625 739 794 807 haeresim
817 739 981 809 incusant
1010 741 1239 825 Athanasius,
1257 743 1324 811 Ba·

188 847 277 930 silius,
290 846 482 936 Gregorius
497 846 604 935 Nyss.
619 852 655 914 et
669 847 702 915 N
703 846 835 914 azians.
854 846 1027 938 ceterique
1040 847 1107 915 ΡΡ.
1120 848 1322 920 saeculiIV.

189 961 214 1022 et
226 955 261 1022 V.
278 986 292 1019 o
308 955 430 1023 Fidem
445 953 594 1023 Nicaeae
606 977 627 1021 a
641 954 806 1023 Patribus
821 953 1001 1023 definitam
1017 954 1231 1026 simulantes
1246 978 1324 1046 pro·

189 1060 275 1143 iteri,
299 1085 336 1130 re
367 1071 483 1130 autem
515 1083 598 1130 vera
627 1083 702 1131 eam
730 1067 861 1150 negant
890 1068 1128 1150 pervertentes
1158 1071 1324 1133 tesseram

189 1170 462 1235 ensubstontiolie
479 1161 525 1257 (ro
537 1163 715 1254 ὀμεουσιον),
728 1173 765 1237 et
779 1168 883 1238 iidem
899 1168 1176 1258 blasphemantes
1191 1171 1228 1238 in
1246 1171 1323 1261 Spi-

189 1273 271 1343 ritum
287 1276 462 1361 Sanctum,
473 1276 554 1345 dum
570 1274 704 1359 dicunt,
714 1299 793 1346 eum
815 1281 1006 1345 creaturam
1024 1299 1097 1345 esse
1114 1283 1151 1346 et
1164 1300 1236 1346 rem
1252 1279 1324 1348 fac·

188 1387 240 1447 tun
254 1405 309 1470 per
321 1382 454 1449 Filium
470 1383 672 1472 productam
683 1411 699 1444 n
714 1386 777 1467 (και
793 1405 905 1467 rotnace
921 1376 970 1444 δια
986 1405 1037 1446 reo
1050 1381 1109 1446 icoc
1122 1381 1319 1472 yeyevnoSac)

188 1488 293 1557 Athen.
308 1491 353 1559 ad
375 1489 489 1557 Iovin.
510 1490 597 1578 Imp.
612 1513 647 1558 ιι.
665 1489 697 1557 1.
710 1489 840 1558 Eadem
853 1489 974 1581 utique
985 1489 1027 1557 de
1044 1489 1180 1579 Spiritu
1194 1490 1321 1559 Sancto

188 1603 246 1661 erat
255 1595 422 1664 sententia
436 1593 589 1682 ipsorum
604 1595 816 1662 Arianorum
831 1615 869 1662 eo
882 1593 992 1662 solum
1004 1595 1214 1681 discrimine,
1232 1595 1322 1688 quod

189 1705 294 1790 apertis
316 1703 433 1772 verbis
449 1703 615 1771 dixerunt
635 1701 821 1791 «Ingeniti
849 1709 1044 1770 ereaturam
1069 1703 1212 1789 Filium,
1237 1703 1322 1772 Uni·

190 1809 275 1895 geniti
286 1832 367 1879 vero
379 1808 597 1878 Paracletum
611 1836 628 1871 a
647 1808 852 1894 (Eunomius
864 1810 956 1899 apud
973 1809 1083 1878 Basil.
1102 1810 1128 1877 1.
1142 1810 1191 1878 ΙΙ.
1202 1834 1237 1878 n.
1249 1811 1319 1895 33).

188 1912 329 1986 Eunomio
350 1917 534 2007 respondet
561 1916 717 1985 Basilius
746 1916 838 1984 inter
869 1923 1004 1985 cetera:
1041 1946 1058 1981 a
1075 1917 1176 1986 nulla
1205 1918 1323 1987 virtus

191 2018 316 2113 (ἐνεργεια)
348 2025 436 2092 Filii
458 2024 574 2093 divisa
595 2032 649 2094 est
670 2046 691 2090 a
713 2024 830 2109 Patre,
854 2046 917 2091 neo
941 2025 1129 2115 quidquam
1144 2026 1321 2095 realitatis

189 2125 258 2197 inest
274 2132 391 2216 Filio,
417 2133 506 2223 qnod
529 2132 579 2201 sit
601 2132 753 2200 alienum
784 2153 806 2197 a
827 2131 955 2218 Patre;
981 2133 1095 2200 omnia
1122 2133 1237 2218 enim,
1269 2133 1323 2202 ait

188 2229 325 2323 ipsemet,
351 2261 426 2309 mea
447 2246 511 2308 tua
534 2246 616 2309 sunt
638 2247 674 2308 et
703 2244 766 2308 tua
797 2260 872 2306 mea
899 2246 1004 2326 sunt;
1039 2241 1205 2331 quomodo
1236 2261 1319 2329 ergo

188 2337 379 2431 (innomine)
403 2371 536 2413 causam
559 2349 712 2437 Spiritus
744 2347 922 2435 uniqenito
946 2346 1012 2412 ooli
1035 2346 1245 2412 attribuite»
1270 2346 1318 2414 ib.

188 2449 268 2519 naa.
285 2452 375 2522 Vide
396 2453 556 2522 Ambros.
579 2454 621 2523 de
645 2453 738 2544 Spir.
757 2454 874 2522 Senot.
896 2451 922 2520 l.
944 2452 974 2519 I.
1000 2475 1029 2520 o.
1053 2452 1109 2538 2.;
1135 2452 1322 2520 Damasum

188 2549 290 2627 Pontii.
306 2583 359 2649 ep.
371 2560 415 2628 ad
427 2560 564 2629 Paulin.
579 2585 615 2629 n.
626 2562 660 2630 3.
670 2561 724 2630 ed.
734 2560 915 2630 Constant.
927 2558 1048 2649 pen.
1059 2558 1136 2646 5185
1150 2558 1320 2629 Philastr.

188 2653 292 2734 laenas.
313 2666 369 2735 67.
383 2666 439 2734 68.
450 2673 519 2735 eto.

232 2770 269 2839 In
290 2772 356 2842 hae
386 2772 545 2841 doctrina
573 2773 826 2843 haereticorum
857 2771 930 2840 tria
960 2770 1133 2860 distingui
1163 2776 1321 2860 possunt.

188 2870 273 2947 diunt
295 2879 337 2947 l·:
364 2879 520 2968 Spiritus
543 2880 692 2949 Sanctus
714 2904 782 2949 non
805 2886 924 2949 estex
947 2880 1070 2962 Patre,
1095 2885 1132 2946 et
1153 2877 1229 2946 ideo
1252 2901 1322 2946 non

188 2987 224 3049 at
240 2985 340 3072 Deus3
367 2986 409 3053 2‘.
436 2986 593 3075 Spiritus
616 2987 765 3057 Sanctus
788 2992 842 3055 est
864 3008 885 3053 a
907 2985 1002 3053 Filio
1032 3007 1118 3069 seu,
1145 2985 1234 3075 quod
1258 3006 1321 3074 pro

188 3087 275 3160 oden
296 3093 445 3177 habent,
478 3099 533 3165 est
553 3117 614 3183 per
636 3094 791 3180 Filium;
817 3093 860 3161 δ’.
886 3098 983 3160 esta
1012 3091 1107 3159 Filio
1137 3114 1198 3180 per
1229 3112 1322 3158 crea·

188 3189 464 3269 ionemPrimum
487 3208 592 3291 caput
614 3201 781 3269 haeretici
804 3200 934 3268 directe
957 3206 993 3267 et
1015 3198 1199 3287 praecipue
1210 3197 1322 3266 inten·

188 3291 305 3391 lebant3
335 3305 486 3374 alterum
517 3308 738 3374 assumebant
765 3305 864 3376 velut
893 3303 1026 3373 olerum
1054 3328 1096 3372 ex
1128 3303 1323 3393 Scripturis

188 3403 261 3477 tab
282 3411 369 3501 ipsis
391 3411 581 3480 Catholicis
593 3411 792 3497 admissum;
808 3411 867 3479 sed
883 3418 923 3479 ut
946 3418 1152 3501 congrueret
1174 3409 1322 3493 haeresi,

188 3526 265 3586 tusa
287 3519 423 3586 detorto
445 3518 691 3607 intelligebant
713 3520 754 3587 de
777 3518 992 3608 processione
1016 3519 1171 3607 Spiritus
1187 3540 1209 3584 a
1230 3517 1324 3584 Filio

188 3633 229 3687 en
257 3625 486 3708 creationem,
517 3624 606 3715 quod
636 3625 784 3692 dicimus
816 3625 960 3692 tertium
991 3629 1098 3712 caput
1127 3623 1321 3690 haereseos.

190 3731 325 3817 ropriae
340 3731 470 3799 rationi
487 3753 641 3799 errorum
663 3729 934 3798 accomodandus
957 3737 1033 3798 erat
1051 3727 1229 3818 oppositus
1253 3749 1324 3794 mo·

188 3845 233 3899 ¹1³
251 3839 475 3928 expositionis
498 3844 534 3906 et
556 3838 767 3906 defensionis
792 3837 873 3904 fidei
905 3836 1107 3904 catholicae.
1131 3833 1230 3916 Quod
1253 3833 1324 3922 pri·

188 3954 255 4010 lun
276 3952 312 4013 et
334 3945 517 4033 praecipue
541 3945 744 4032 spectabant
765 3944 887 4011 Patres
911 3944 948 4010 in
972 3942 1036 4009 illa
1059 3941 1322 4026 controversia,

188 4053 246 4114 Pat
265 4051 512 4119 demonstratio
536 4051 680 4118 deitatis
705 4050 859 4140 Spiritus
883 4048 1015 4133 Sancti,
1033 4054 1069 4117 et
1090 4049 1166 4117 ideo
1190 4050 1325 4117 demon·

188 4156 288 4222 :ratio
310 4156 537 4246 processionis
560 4179 600 4224 ex
626 4156 823 4223 substantia
845 4155 974 4223 Patris.
1002 4155 1165 4224 Alterum
1189 4165 1322 4242 eaput,

188 4260 253 4328 ¹10d
276 4262 432 4351 Spiritus
449 4269 503 4331 ast
526 4285 546 4329 a
569 4262 685 4346 Filio,
712 4262 775 4329 SS.
794 4262 962 4329 Doctores
985 4283 1168 4352 numquam
1192 4259 1324 4348 simpli·

188 4349 253 4436 lter
274 4372 466 4461 negabant,
488 4371 548 4440 sed
563 4370 664 4439 immo
680 4393 721 4439 ax
739 4368 911 4438 communi
933 4368 997 4438 hoc
1011 4368 1182 4460 principio
1197 4366 1324 4435 infera·
