3172 4950
712 360 749 373 ..
774 327 831 389 166
854 359 891 372 -

225 433 336 506 adum
366 435 459 504 alius
493 435 553 527 qui
588 441 755 525 generat,
781 434 920 526 inquit,
953 433 1047 531 alius
1078 436 1140 527 qui
1172 441 1364 525 generatur
1379 459 1390 525 ;

221 540 302 613 dum
326 543 417 613 aliua
440 542 501 635 qui
525 543 658 628 mittit,
684 542 777 610 alius
809 541 869 633 qui
897 541 1079 629 mittitur;
1106 543 1189 611 dum
1213 544 1311 612 alius
1333 547 1387 637 qui

221 651 326 736 tacit,
352 652 443 721 alius
464 672 526 742 per
549 674 649 744 quem
672 651 763 719 fit.»
790 649 937 718 Gemina
967 651 1105 719 omnino
1134 651 1315 722 locutione
1337 674 1381 722 ar·

220 759 343 852 primii
364 760 565 829 relationem
589 758 740 847 originis
763 757 857 826 inter
878 757 1012 826 Filium
1035 764 1072 826 et
1085 758 1261 849 Spiritum
1287 756 1379 831 Sauo·

218 871 318 951 tum,
344 864 522 963 appellans
549 864 681 933 Filium
709 895 725 930 a
751 863 930 932 massalem
956 888 1146 950 summam,
1174 895 1192 929 n
1220 867 1380 957 Spiritum

221 973 383 1046 Sanctum
402 974 618 1064 «portionem
630 1001 646 1034 n
665 979 795 1060 (contr.
805 970 913 1040 Marc.
929 970 993 1041 IV.
1004 994 1035 1041 c.
1051 973 1121 1060 18).
1137 974 1288 1057 Quando
1300 975 1381 1044 dein·

220 1083 262 1156 da
282 1082 413 1152 Filium
436 1080 525 1150 dicit
551 1080 723 1149 amodulc
746 1080 854 1149 alium
878 1101 899 1147 a
922 1079 1038 1166 Patre,
1059 1109 1076 1143 n
1101 1081 1240 1151 nomine
1263 1082 1384 1150 modali

218 1189 309 1262 nibll
331 1187 428 1258 aliud
452 1188 632 1277 significat
654 1187 724 1255 nisi
748 1187 884 1256 modum
900 1188 1114 1256 subsistendi
1133 1211 1194 1258 seu
1212 1189 1384 1260 formalem

218 1299 384 1371 rationem
396 1295 495 1379 Filii,
511 1317 579 1386 qua
590 1294 707 1363 Filius
720 1294 862 1384 genitus
877 1300 931 1362 est
946 1294 1041 1363 aliua
1056 1317 1078 1362 a
1090 1296 1197 1365 Patre
1211 1297 1381 1387 gignente.

218 1407 320 1479 Siout
341 1403 521 1473 formalem
545 1390 714 1471 rationem
739 1402 952 1492 personalem
970 1402 1029 1472 bic
1052 1404 1229 1474 modulum
1246 1415 1296 1491 et,
1311 1426 1385 1499 qua·

216 1522 319 1587 tenus
341 1517 521 1603 spectatur
544 1510 581 1577 in
604 1511 710 1595 Filio,
739 1511 834 1579 infra
858 1533 888 1580 c.
907 1510 952 1580 14
977 1512 1185 1581 «modulum
1201 1512 1384 1583 derivatio

216 1616 304 1695 nien
329 1619 507 1712 appellat,
533 1618 585 1687 ita
609 1620 770 1707 superius
793 1640 823 1686 a.
841 1618 875 1686 2.
894 1619 1034 1688 dixerat
1055 1620 1197 1689 Patrem
1210 1620 1383 1707 „Filium

216 1731 386 1825 Spiritum
411 1736 484 1796 tres
507 1750 581 1796 esse
603 1726 742 1818 prada,
761 1727 896 1815 forma,
913 1731 1021 1817 specie
1031 1777 1040 1810 ,
1057 1728 1163 1798 unius
1179 1736 1301 1800 autem
1315 1731 1386 1800 sub

216 1837 393 1920 stantiae,
419 1836 456 1903 et
478 1835 583 1902 unius
607 1841 735 1917 status,
755 1841 792 1902 et
814 1834 921 1903 unius
943 1834 1138 1924 potestatis,
1168 1837 1288 1927 aquia
1303 1858 1386 1907 unos

170 2002 178 2020 .
214 1948 319 2029 Deus,
345 1967 387 2013 ex
412 1965 478 2034 quo
502 1950 538 2011 et
560 1942 692 2032 gradus
708 1943 770 2011 isti
787 1950 823 2012 et
840 1944 970 2012 formae
986 1950 1021 2011 et
1036 1944 1167 2033 species
1191 1943 1230 2013 iu
1254 1944 1386 2014 nomine

214 2054 331 2127 Patris
352 2057 388 2120 et
410 2048 497 2118 Filii
521 2057 557 2119 et
580 2050 737 2141 Spiritus
761 2049 882 2119 Sancti
906 2050 1162 2140 deputantur.»

281 2159 437 2231 Similem
454 2159 590 2226 omnino
608 2158 745 2226 modum
762 2157 899 2227 dicendi
914 2158 1065 2228 vidimus
1078 2159 1147 2227 iam
1159 2182 1271 2252 supra
1287 2161 1387 2254 pm

213 2291 316 2366 penes
339 2267 376 2336 S.
393 2265 663 2357 Hyppolytum‚
691 2267 751 2357 qui
774 2289 814 2335 eo
837 2266 874 2334 in
898 2273 1074 2352 contextu,
1092 2267 1152 2336 ubi
1168 2268 1227 2337 vel
1242 2271 1386 2339 maxime

213 2377 399 2452 confitetur
429 2375 570 2443 Patrem
605 2380 641 2443 et
672 2374 808 2443 'Filium
843 2395 917 2443 esse
953 2397 1059 2443 unum
1082 2376 1194 2444 Βειιιιι
1217 2398 1386 2470 unamque

213 2488 382 2561 virtutem
406 2482 649 2567 essentialem,
675 2482 719 2551 ad
743 2481 985 2553 declarandam
1000 2483 1262 2553 distinctionem
1278 2507 1385 2576 pereo

212 2616 336 2666 narum
359 2599 395 2660 et
417 2590 588 2660 rationem
612 2589 778 2681 principii
802 2613 842 2660 ac
865 2591 1085 2682 procedentis
1098 2614 1120 2659 a
1134 2591 1383 2684 principioPa

212 2709 302 2775 trem
326 2699 483 2791 appellat
509 2705 684 2768 «totum»
711 2706 747 2768 et
771 2698 923 2769 Verbum
951 2700 1159 2770 «Virtutem
1182 2700 1224 2769 cx
1248 2707 1364 2770 totas

279 2808 357 2878 Huc
374 2811 564 2877 referemus
580 2808 789 2876 sententiam
807 2806 995 2877 Clementis
1005 2808 1242 2877 Alexandrini
1258 2808 1381 2879 Strcm.

212 2917 295 2992 VII.
308 2943 341 3009 p.
353 2916 419 2991 702
429 2916 496 3002 (ed.
509 2916 622 2985 Paris.
637 2914 751 3000 1641),
767 2914 968 2985 ubidicitur
983 2922 1130 2985 «natura
1142 2912 1230 2984 Filii
1240 2915 1309 2985 soli
1320 2938 1383 2984 om·

211 3024 384 3119 uipotenti
408 3024 701 3116 propinquissima
718 3029 793 3110 (seu
811 3024 1141 3112 coniunctissima)a
1160 3022 1181 3093 ri
1202 3023 1266 3088 ὐιου
1289 3046 1382 3116 awa,

167 3140 172 3149 ’
212 3145 289 3230 nite
308 3166 386 3229 μσνῳ
407 3162 621 3232 παντεκρατορι
646 3162 891 3231 πρεσεχεστατη.

279 3249 456 3340 Imprimis
479 3247 515 3316 in
540 3247 603 3316 hoc
636 3253 802 3316 contextu
831 3247 907 3338 ipso
938 3247 1150 3317 describitur
1175 3247 1242 3317 Dei
1272 3248 1384 3318 Filius

210 3357 395 3433 attributis
419 3356 480 3425 uni
504 3378 588 3425 vero
611 3355 682 3423 Deo
709 3354 873 3445 propriis.
898 3355 983 3424 Post
1006 3356 1115 3425 citata
1138 3357 1247 3424 verba
1270 3357 1386 3448 pergit

210 3466 367 3539 Clemens
390 3465 515 3550 dicere,
542 3462 632 3532 hanc
656 3470 819 3531 naturam
835 3462 923 3531 Filii
939 3486 1013 3532 esse
1031 3484 1197 3532 summam
1214 3465 1383 3535 excellen-

209 3575 296 3646 tiam
324 3571 356 3660 (t
371 3594 499 3660 μεγιστη
519 3567 684 3664 despexe),
710 3592 796 3661 quae
827 3570 1003 3639 indefessa
1026 3576 1062 3639 et
1094 3568 1313 3642 inexhausta·
1330 3593 1384 3662 po·

209 3684 323 3754 tentia
347 3681 462 3750 omnia
485 3685 673 3771 operatur,
699 3684 736 3747 et
767 3678 921 3748 occultas
952 3678 1098 3769 inspicit
1131 3679 1382 3769 cogitationes:

213 3790 348 3860 «Filius
364 3790 429 3859 Dei
447 3812 515 3857 non
525 3788 680 3874 divisus,
696 3810 763 3855 non
788 3794 971 3878 separatus
989 3791 1025 3873 (a
1038 3787 1168 3873 Patre),
1187 3810 1256 3855 non
1273 3793 1384 3857 trans·

209 3898 283 3970 iens
306 3898 348 3967 de
370 3895 446 3966 loco
469 3896 506 3965 in
529 3896 666 3980 locum,
693 3894 820 3987 ubique
852 3895 1030 3980 existens,
1055 3894 1216 3985 nuspiam
1240 3896 1384 3965 circum·

208 4005 375 4097 scriptus,
401 4011 498 4074 totus
520 4028 627 4090 meus,
653 4011 749 4072 totus
772 4002 835 4071 lux
859 4010 1016 4093 paterna,
1042 4008 1139 4070 totus
1157 4001 1291 4089 oculus,
1318 4025 1382 4072 om-

208 4112 437 4197 aluvidem,
464 4112 579 4181 omnia
602 4111 760 4197 audiens,
787 4111 900 4191 sciens
924 4108 1063 4195 omnia,
1089 4116 1263 4200 potestate
1291 4133 1382 4182 scru-

208 4229 289 4295 taus
312 4228 534 4314 potestates»
560 4228 627 4291 etc.
654 4222 743 4290 Tum
766 4219 895 4311 passim
919 4219 956 4287 iu
980 4218 1055 4287 suis
1071 4218 1215 4309 scriptis
1229 4217 1383 4288 Clemens

208 4354 313 4403 unam
336 4356 404 4401 non
429 4329 735 4422 multiplicabilem
759 4328 924 4397 deitatem
948 4325 1102 4397 celebrat
1124 4327 1245 4397 Patris
1267 4333 1304 4396 et
1324 4324 1381 4396 Fi·

208 4438 250 4510 lii
273 4448 310 4511 et
334 4439 493 4533 Spiritus
517 4439 652 4510 Sancti.
684 4436 743 4506 Sic
777 4435 973 4526 Paedagog.
989 4433 1015 4503 l.
1033 4433 1064 4505 Ι.
1080 4458 1110 4504 c.
1128 4433 1162 4503 8:
1191 4433 1381 4504 «Omnium
