3172 4950
707 247 746 264 ·-
768 214 827 278 476
847 246 886 264 -

216 322 328 394 Hard.
341 321 373 392 Ι.
386 345 421 413 p.
436 321 514 391 999.
532 321 576 392 Ι4
598 320 753 391 Concilio
776 320 900 392 deinde
923 321 1095 393 Toletano
1116 321 1189 393 ΠΙ.
1204 319 1349 417 Episcopo
1387 370 1389 381 ·

218 455 296 502 rum
318 430 509 520 Hispaniae
533 436 569 499 et
591 428 728 498 Galliae
754 428 992 500 Narbonensis
1008 432 1076 499 sub
1097 431 1285 502 1144444414
1296 455 1348 524 rege
1387 478 1389 499 2

217 560 308 607 enno
331 536 396 605 589
419 543 473 606 441
494 535 663 627 professio
686 535 768 604 fidei
791 543 913 605 contra
934 536 1107 607 haeresim
1127 537 1347 630 Arimampro
1387 532 1389 569 ²

217 645 331 737 posita
347 665 369 711 a
384 666 478 733 rege,
496 644 533 712 in
557 663 626 735 qua
642 642 797 711 dicitur:
817 643 1005 735 «Spiritus
1020 666 1130 738 aeque
1146 644 1348 719 Sanctusoor

217 750 369 823 fitendas
383 750 514 818 anobis
529 756 565 818 et
579 750 833 840 praedicandus
845 757 900 819 est
916 777 938 816 4
955 753 1063 820 Patre
1079 767 1111 818 et
1127 778 1151 819 a
1167 754 1258 821 Filio
1268 780 1348 844 proce

218 857 307 939 dere,
324 862 361 926 et
377 878 453 926 cum
468 857 573 944 Patre
590 859 626 924 et
639 856 734 924 Filio
750 857 855 926 unius
870 880 943 926 esse
959 859 1181 929 substantiae
1193 887 1223 928 n.
1236 861 1275 929 In
1287 886 1349 952 syn·

217 964 295 1034 bolo
310 964 386 1055 ipso
402 962 796 1053 Constantinopolitano,
816 965 999 1056 quodcum
1015 967 1169 1035 formula
1183 967 1352 1039 Nioaenect

218 1070 417 1142 definitione
440 1068 711 1139 Chalcedonensi
733 1093 795 1140 rex
818 1094 883 1140 sua
906 1094 1010 1141 manu
1026 1074 1351 1165 subscriptumdedit,

218 1181 352 1249 inserta
363 1183 417 1247 est
428 1178 619 1248 declaratio
630 1177 712 1248 fidei
730 1207 747 1242 4
760 1179 798 1247 14
813 1178 985 1269 Spiritum
1000 1180 1209 1250 Sanctum...
1224 1207 1263 1249 ex
1277 1184 1355 1251 Pom

218 1302 251 1353 et
273 1288 369 1355 Filio
393 1286 630 1377 procedentem
644 1312 676 1353 n.
694 1284 815 1354 Laetis
835 1286 1146 1356 acclamationibus
1160 1294 1355 1379 susceptura

217 1393 313 1482 regis
336 1393 505 1483 professio
520 1391 564 1459 ab
581 1390 746 1460 universo
765 1390 932 1477 Concilio,
951 1393 1137 1486 eademque
1154 1418 1230 1463 eum
1244 1396 1284 1464 23
1295 1416 1355 1465 444

217 1500 451 1570 thematismis
472 1498 623 1589 repetita
638 1503 674 1567 et
689 1497 888 1588 subscripta
910 1501 954 1567 ab
975 1500 1175 1591 Episcopis,
1192 1501 1356 1571 Clericieet

218 1608 413 1678 senioribus
436 1606 553 1698 gentis
582 1605 776 1674 Gothorum
798 1606 843 1673 ab
864 1605 1000 1675 Arierm
1029 1607 1167 1677 haeresi
1197 1607 1352 1678 conversis

218 1718 261 1786 In
285 1716 406 1785 anath.
436 1715 505 1783 III.
534 1712 705 1783 edicitur:
733 1711 795 1781 usi
819 1712 898 1803 quis
925 1712 1097 1803 Spiritum
1131 1716 1289 1784 Sanctum
1304 1737 1355 1782 ura

217 1824 340 1908 credit,
365 1828 429 1892 aut
451 1846 519 1890 non
541 1820 730 1890 crediderit
745 1843 767 1886 4
783 1821 891 1888 Patre
913 1836 945 1886 et
968 1822 1064 1889 Filio
1078 1823 1266 1910 procedere,
1285 1844 1355 1901 euu-

217 1951 284 2021 que
307 1950 376 1997 nou
397 1927 530 1996 dixerit
552 1931 771 1995 coaeternum
786 1940 860 1995 esse
874 1926 976 1994 Patri
999 1933 1035 1996 et
1056 1927 1153 1996 Filio
1169 1936 1207 1996 et
1221 1946 1352 2019 coaequa·

117 2084 120 2091 -
216 2035 296 2121 lem,
320 2034 505 2104 anathema
526 2032 577 2102 sit
592 2060 624 2101 4.
648 2033 797 2122 Insuper
818 2032 1016 2124 postulante
1039 2057 1122 2122 rege
1149 2035 1274 2103 statuit
1288 2033 1352 2101 Cor·

216 2143 350 2228 cilium,
378 2148 581 2212 antemnas
596 2141 845 2231 Hispaniarum
862 2145 899 2210 et
914 2140 1086 2210 (4141114144
1100 2142 1273 2212 Ecclesiae
1285 2142 1351 2209 hanc

216 2250 376 2340 regulam
399 2253 551 2334 servent,
577 2254 628 2318 ut·
641 2247 733 2318 omni
755 2247 920 2317 sacrificii
943 2254 1096 2339 tempore
1127 2256 1209 2318 ante
1236 2268 1351 2319 connu-

215 2358 425 2427 nicationem
441 2356 595 2447 corporis
611 2348 745 2424 Christi
767 2353 824 2423 vel
847 2354 1031 2444 sauguinis
1046 2356 1147 2424 iuxta
1163 2354 1351 2425 orientalium
1386 2382 1389 2435 j

215 2465 368 2557 partium
391 2487 517 2534 morem
541 2461 752 2530 unanimiter
782 2461 879 2529 clara
905 2484 987 2530 voce
1010 2462 1265 2532 sanctissimum
1292 2456 1350 2529 fidei
1385 2542 1389 2551 1

214 2577 416 2644 recenseant
438 2570 663 2660 symbolum»
689 2568 826 2660 (utique
849 2569 950 2638 iuxta
977 2569 1164 2638 formulam
1187 2571 1237 2639 ibi
1257 2568 1348 2639 444114
1384 2554 1389 2637 ’.

214 2684 302 2767 nm)
323 2680 435 2749 Hard.
449 2678 519 2746 ΠΙ.
533 2702 568 2769 p.
582 2677 660 2745 469.
676 2699 760 2768 sqq..

214 2914 243 2966 p.
255 2891 475 2967 cantantium
494 2894 652 2948 indicatum
672 2909 689 2946 4
705 2892 854 2947 (1411114414
877 2896 907 2947 et
925 2894 993 2947 aliis
1013 2893 1188 2949 solummodo
1207 2897 1267 2961 est,
1281 2894 1348 2946 utrru

213 2988 282 3041 haec
304 2986 426 3038 formula
446 2984 570 3051 symboli
588 2984 677 3038 fuerit
699 2984 755 3038 iam
782 2983 861 3036 edita
881 2984 912 3036 14
931 2984 1018 3038 Cone.
1041 2985 1165 3037 Toletl.
1190 2999 1262 3038 anuo
1275 2982 1316 3037 400
1329 2980 1348 3031 tl
1387 2968 1389 2973 ¹

213 3087 288 3126 anno
308 3074 519 3139 44744441114,
541 3087 577 3124 an
597 3087 663 3124 vero
681 3073 802 3138 primum
823 3072 874 3124 hoc
884 3088 959 3125 anno
968 3073 1123 3139 posteriori
1132 3066 1347 3144 conscripupile
1381 3104 1385 3113 ·

212 3162 387 3215 Ballorinloe
406 3164 476 3228 Opp.
492 3161 520 3213 S.
532 3161 637 3214 Leonis
653 3162 685 3213 T.
701 3157 975 3231 11.p.1374.sqq.).
996 3161 1039 3214 Cf.
1055 3163 1091 3215 cl.
1106 3163 1209 3215 Hercle
1227 3158 1349 3215 11141041

212 3252 261 3304 cil.
276 3251 308 3302 T.
323 3250 362 3302 11.
383 3265 411 3317 p.
432 3251 494 3301 289.
520 3249 598 3302 Idem
620 3251 778 3316 symbolum
799 3252 866 3303 olim
888 3250 1105 3306 adscribebatur
1124 3252 1154 3305 S.
1166 3249 1312 3317 Augustino
1329 3245 1349 3295 10
1387 3278 1389 3325 3

212 3341 275 3391 erat
298 3352 388 3390 sermo
412 3338 472 3391 129.
495 3337 528 3389 de
550 3338 701 3405 Tempore,
726 3338 757 3390 14
786 3338 830 3390 41.
851 3339 982 3393 Maurius
1002 3339 1126 3392 reiectus
1148 3340 1180 3392 14
1201 3336 1347 3408 appendice!
1387 3348 1389 3357 ·

210 3423 256 3499 (T.
265 3426 300 3479 V.
313 3440 398 3478 serm.
408 3421 494 3493 239).
516 3426 549 3477 In
569 3424 662 3478 codice
683 3441 783 3478 canon.
804 3429 833 3478 41
852 3429 942 3479 const.
965 3424 1346 3493 8411444441411444411144

211 3515 365 3579 Quesuello
388 3517 484 3567 exstat
506 3529 567 3581 cap.
580 3514 626 3566 40.
646 3511 730 3585 (opp.
751 3515 780 3567 S.
792 3515 896 3567 Leonis
919 3514 964 3567 ed.
978 3516 1121 3568 Balleriu.
1133 3516 1166 3568 T.
1180 3517 1234 3569 111.
1253 3532 1278 3583 p.
1294 3502 1346 3571 2000
1386 3508 1389 3581 ]

210 3600 263 3653 hoc
283 3600 381 3653 titulo:
405 3599 561 3651 «Libellus
577 3598 733 3663 Augustini
757 3599 790 3659 de
812 3599 866 3651 lide
886 3598 1027 3652 catholica
1048 3602 1150 3652 contra
1166 3614 1260 3652 ornnes
1279 3598 1346 3651 haere·
1387 3610 1389 3617 ·

210 3702 266 3739 444.
279 3707 293 3733 e
312 3688 347 3739 In
366 3687 419 3739 hac
444 3686 571 3739 editione
590 3684 696 3738 codicis
708 3686 951 3739 Corrstitutionirnr
968 3685 1044 3739 illud
1063 3686 1200 3753 Filioque
1224 3684 1344 3740 omittitur.

209 3778 242 3827 41
257 3776 342 3828 144114
352 3775 384 3827 14
399 3774 482 3828 0444.
500 3775 637 3828 Toletano
655 3789 673 3826 4
692 3775 803 3826 nemine
825 3773 986 3827 indubium
998 3776 1128 3840 vocatur,
1143 3778 1174 3827 ct
1193 3767 1345 3851 4441444411

210 3862 340 3917 additum
361 3863 496 3930 Filioque
515 3866 612 3916 exstat
629 3864 660 3916 14
678 3862 741 3917 edd.
755 3863 842 3915 Serm.
854 3862 1021 3928 Augustini.
1033 3861 1101 3916 Cum
1121 3864 1175 3917 hoc
1199 3864 1280 3917 etiarn
1300 3872 1345 3911 eon·

209 3953 290 4019 gruit
311 3972 324 3999 s
336 3952 496 4018 symbolum
515 3953 656 4006 Damasi»
677 3953 847 4019 inscriptum
867 3949 914 4024 (de
938 3966 992 4018 quo
1012 3951 1080 4004 vide
1092 3952 1287 4007 Constantium
1301 3961 1348 4015 epp

207 4041 270 4094 BR.
284 4041 451 4093 Pontificum
470 4041 591 4108 append.
601 4057 629 4108 p.
643 4038 894 4110 102.).Ballerinii
911 4041 1104 4108 suspicantur,
1116 4037 1349 4108 synbclrnfuira

207 4132 328 4200 primum
348 4131 456 4184 editum
475 4132 506 4182 in
528 4131 610 4184 Cone.
622 4131 714 4184 Tolst.
729 4131 752 4183 1.
766 4146 839 4182 anno
860 4131 914 4182 400
933 4131 995 4182 4144
1009 4130 1204 4184 declaratione
1212 4131 1264 4183 1114
1280 4125 1351 4180 Filio·

208 4238 278 4289 qus,
300 4224 330 4276 et
352 4222 425 4275 hanc
441 4226 596 4288 praeeunte
615 4223 709 4276 Leone
730 4220 866 4276 Pontiflce
878 4236 952 4275 anuo
971 4220 1025 4273 447
1043 4219 1136 4274 luisse
1149 4221 1274 4275 additam
1285 4215 1352 4293 (Opp-

206 4311 311 4365 Leonis
330 4312 362 4365 T.
377 4310 431 4365 ΙΙΙ.
443 4307 567 4381 paca).
