3172 4950
552 331 590 348 -
613 304 671 364 119
693 336 730 349 -

120 404 228 473 Porro
253 406 368 497 quoad
389 428 462 476 rem
484 405 595 498 ipsam
605 408 698 476 nihil
711 407 902 477 senealiud
915 408 1048 478 dicitur
1061 432 1123 501 per
1138 410 1227 478 hanc

67 512 340 598 declarationem,
353 514 511 585 «Filium
521 537 596 605 esse
608 514 757 602 ὁμοουσιον
769 515 870 585 Petri
883 543 914 600 n,
930 516 1076 607 quamsi
1089 516 1229 585 dicatur

66 620 170 690 lilius
194 622 262 692 Dei
284 623 423 710 Patris,
449 624 591 715 genitus
615 646 637 692 e
657 624 781 710 Patra,
807 624 913 695 Pater
932 625 1028 694 Deus
1052 630 1089 695 et
1113 623 1229 694 Filius

65 729 158 814 Deus,
177 728 287 800 Pater
302 738 339 801 et
361 731 477 801 Filius
500 755 607 801 unum
623 739 804 817 enatato,
824 731 1005 801 dummodo
1024 732 1110 802 haec
1125 755 1229 807 sensu

65 839 196 929 proprio
210 830 479 931 intelligantur:
501 870 518 905 a
535 842 600 911 hoc
616 847 671 911 est
685 840 778 910 illud
795 826 944 928 ὂμοουσιον
961 842 1051 934 quod
1068 841 1154 912 fides
1170 863 1229 911 en·

65 944 155 1036 tique
179 953 368 1038 pepererat
392 977 409 1012 c
424 950 520 1038 Aug.
544 954 657 1019 contr.
683 948 827 1019 Maxim.
841 949 867 1018 l.
882 950 932 1018 Π.
947 974 977 1020 o.
1001 950 1055 1019 14.
1075 973 1110 1019 n.
1126 947 1160 1018 3.
1180 950 1232 1018 At

66 1057 274 1145 peestantia
284 1055 386 1126 illius
400 1057 570 1127 formulae
581 1057 618 1126 in
630 1057 695 1127 hoc
707 1057 782 1148 ipso
795 1057 865 1126 site
876 1063 941 1144 est,
957 1057 1048 1150 quod
1058 1057 1230 1127 rationem

66 1160 253 1248 filiationis,
272 1163 522 1253 generationis,
541 1164 696 1250 deitatis,
716 1165 885 1252 unitatis,
908 1163 1101 1235 clarissime
1124 1187 1230 1234 enun-

66 1270 123 1338 tiat
133 1261 365 1340 constitutam
382 1272 420 1340 in
435 1272 742 1346 communicatione
757 1275 927 1344 essentiae
940 1272 1082 1344 divinae
1093 1294 1115 1340 e
1126 1273 1231 1340 Patre

67 1378 246 1448 ini'ilimn.
257 1379 396 1450 Exinde
413 1379 561 1468 ὁμοουσιον
577 1383 706 1450 mansit
718 1387 851 1451 tessera
870 1380 1066 1452 certissima
1082 1379 1164 1449 fidei
1176 1401 1230 1449 ca·

68 1484 206 1556 thelicae
218 1486 391 1557 adversus
401 1487 561 1559 haereses
576 1484 773 1558 contraries
787 1494 956 1579 negantes
972 1489 1047 1559 sive
1060 1488 1230 1558 unitatem

70 1598 204 1663 ceturae
215 1595 255 1662 in
266 1593 446 1665 distinctis
458 1597 627 1687 personis,
643 1597 718 1667 sive
731 1596 917 1666 distinctas
929 1616 1094 1687 personas
1104 1595 1142 1664 in
1155 1594 1231 1663 uni·

65 1694 130 1767 'ule
141 1706 303 1770 naturae.
318 1701 557 1789 (VidoPetres
569 1704 662 1795 apud
674 1705 795 1775 Peter.
809 1704 833 1775 l.
849 1702 913 1775 IV.
928 1727 958 1772 c.
974 1703 1007 1774 ὅ.
1023 1726 1059 1771 n.
1072 1702 1107 1772 4.
1123 1707 1228 1794 sqq.).

533 1897 676 1960 THESIS
698 1900 752 1959 IX.

306 2004 423 2067 Uestae
442 2015 585 2067 naturae
605 2009 643 2066 in
664 2008 831 2067 distinctis
844 2010 993 2083 personis

118 2113 179 2163 rom
200 2123 222 2165 o
244 2101 392 2166 Concilio
413 2106 557 2167 Nr'caeoo
578 2123 677 2185 quom
700 2124 720 2166 a
740 2103 895 2167 Patribus
916 2108 1179 2184 subsequentibus

319 2207 484 2295 intellecto
505 2214 552 2267 est
579 2207 692 2266 unitos
714 2207 974 2283 sinpolcrr’totis.

10 2388 13 2439 ;
135 2359 291 2415 «Absurde
310 2365 355 2416 est
372 2362 524 2428 calumnia,
539 2362 641 2416 Patres
653 2362 793 2416 Nicaenos
808 2365 837 2415 et
848 2359 897 2414 SS.
909 2361 1044 2414 Doctores
1057 2358 1232 2426 subsequen·

10 2446 12 2481 ³
81 2456 137 2504 etse
153 2466 241 2531 usque
260 2450 299 2504 ad
316 2449 549 2519 &Ametinum
569 2467 624 2505 non
644 2451 798 2518 agnovisse
817 2450 959 2505 unitatem
984 2450 1156 2504 numericam
1174 2465 1232 2525 ¹eeu

80 2541 305 2608 singularitatis
328 2541 359 2594 in
381 2543 487 2623 natura
505 2541 626 2611 divina,
649 2541 699 2596 sed
720 2543 795 2597 sicut
816 2544 847 2595 in
866 2542 996 2610 personIs
1016 2543 1059 2595 ita
1078 2542 1108 2593 in
1129 2544 1233 2594 natura

79 2629 304 2686 sdlstinctienem
324 2631 462 2688 docuisse.
477 2633 696 2688 Demonstratur
707 2623 785 2687 enim
802 2633 871 2687 fides
885 2650 917 2688 ac
930 2626 1069 2703 professio
1083 2632 1169 2685 unius
1183 2647 1233 2684 nn-

10 2724 13 2769 f
79 2737 164 2776 unere
182 2727 304 2777 naturas
323 2723 355 2777 in
374 2721 523 2778 distinctis
541 2724 673 2792 personis
691 2727 752 2777 tu'm
772 2739 806 2779 ex
825 2724 965 2779 communi
983 2719 1136 2791 principio,
1157 2719 1232 2788 quod

10 2784 14 2875 ἶ
78 2810 207 2867 ιΙῐίοιοπί
225 2815 328 2867 Patres
346 2812 463 2880 ipsique*
479 2812 583 2867 Ariani
601 2812 800 2881 supponebant
818 2816 851 2866 ut
874 2817 982 2866 certum
1012 2815 1096 2864 extre
1123 2814 1232 2864 contro·

10 2884 13 2919 ¹
77 2904 222 2970 eveniam,
242 2907 304 2963 tum
318 2918 352 2959 ex
365 2906 445 2958 statu
459 2903 637 2970 quaestionis
649 2904 728 2956 inter
740 2901 903 2957 (letholicos
915 2902 1058 2957 decimato
1069 2902 1100 2954 iu
1119 2898 1233 2968 synodo

76 2992 285 3049 »Alexandrina
298 2994 352 3048 sub
364 2993 534 3060 Athanasio,
551 2997 610 3047 tum
626 3010 661 3048 ex
674 2992 785 3048 diserta
795 2993 926 3048 doctrina
939 2994 1066 3059 Petrum,
1082 2992 1133 3059 qui
1151 2988 1233 3044 fldem

75 3083 121 3136 »ia
137 3083 264 3138 liicaeno
282 3085 410 3140 concilio
429 3084 574 3139 definitam
595 3084 732 3140 adversus
751 3086 910 3139 haereticos
928 3083 1148 3139 vindicarunt.»

123 3236 153 3305 Ι.
181 3234 376 3306 Concilium
398 3235 591 3305 Niceenum
606 3240 644 3304 et
658 3235 783 3304 Patres
799 3234 901 3303 fidem
914 3234 1068 3305 eiusdem
1083 3232 1232 3303 concilii

67 3348 196 3413 ocutos
222 3364 291 3412 nou
314 3364 420 3412 unum
443 3343 503 3412 sed
528 3348 602 3412 tres
632 3362 776 3410 numero
798 3346 947 3410 naturas
979 3340 1131 3426 divinas,
1157 3363 1233 3430 spe-

64 3450 153 3520 cifice
175 3456 316 3520 tanturn
339 3470 464 3534 uuam,
491 3449 648 3519 docuisse
671 3455 777 3540 etque
799 3447 851 3516 ite
874 3446 1112 3518 tritheismum
1136 3448 1232 3517 inve·

62 3559 161 3644 risse,
187 3564 417 3628 asseruerunt
438 3557 673 3642 Curcellaeus,
699 3555 945 3642 Cudworthus,
971 3556 1128 3626 Clericus
1156 3555 1228 3643 (cf.

60 3664 192 3737 Maron.
211 3690 266 3758 op.
286 3666 347 3736 cit.
365 3666 392 3734 1.
410 3666 474 3735 IV.
493 3689 524 3736 o.
542 3665 585 3734 29
597 3670 630 3753 );
668 3664 810 3735 eandem
841 3665 1050 3734 sententiam
1081 3662 1232 3732 unitatis

58 3775 240 3867 specillum
261 3774 429 3844 Patribus
450 3774 654 3844 tribuerunt
675 3773 803 3842 Petrus
825 3770 961 3863 Faydit
975 3779 1012 3843 et
1034 3781 1113 3864 post
1129 3770 1231 3842 illum

58 3885 149 3955 alius
163 3883 309 3977 quidam
331 3881 368 3952 in
391 3881 580 3952 Germania
602 3881 793 3952 monachus
809 3882 975 3952 Placidus
991 3882 1229 3969 Stdrmer(cf.

57 3992 344 4082 wirceburgensi.
364 3990 467 4061 Τ.Π.
487 4014 523 4062 n.
541 3991 635 4079 357);
661 3993 751 4084 quod
766 4014 859 4063 -vero
882 4004 1014 4060 omnem
1028 3988 1231 4060 admiratio·

56 4123 132 4170 nem
155 4106 326 4191 superet,
358 4106 480 4170 nostre
511 4104 626 4170 aetate
662 4099 748 4168 Ant.
776 4099 939 4169 Giinther
961 4099 1060 4168 nobie
1083 4104 1229 4182 narret,

55 4208 120 4279 88.
138 4208 352 4299 Gregorium
366 4208 627 4279 Nazianzenum
644 4210 749 4293 (forte
765 4207 881 4303 voluit
896 4208 1011 4277 dicere
1027 4208 1230 4297 Nyssencm)

55 4325 90 4388 et
111 4319 288 4389 Basiliam
311 4319 517 4388 nominatim
541 4319 710 4388 unitatem
735 4317 893 4389 docuisse
917 4315 1112 4408 specificam
1126 4319 1230 4383 natu·-

54 4451 115 4500 rec
126 4427 272 4500 divinae
285 4425 572 4522 (Propeedeutice
580 4425 624 4496 ad
636 4425 766 4517 specul.
777 4424 885 4497 theol.
897 4423 939 4494 Τ.
951 4423 1001 4494 Π.
1013 4418 1227 4516 Ῑ).865.366).
