3172 4950
882 374 920 387 -
942 341 982 404 30
1005 375 1043 388 -

374 447 571 538 Evangelio
594 471 671 518 cum
694 448 894 518 testimonio
916 449 1005 519 reali
1028 448 1213 538 sanguinis
1229 454 1265 517 et
1280 469 1391 541 aquae
1407 469 1550 517 manan-

373 555 423 623 tis
445 578 487 623 ex
510 557 665 647 perfosso
688 556 798 626 latere
821 556 956 627 Christi
979 557 1164 646 coniungit
1186 578 1287 624 anum
1309 555 1555 625 testimonium

374 663 629 754 Apostolicum,
655 670 691 734 et
713 664 820 757 buius
844 665 1029 735 veritatem
1053 662 1197 754 speciali
1213 683 1254 732 ac
1283 662 1430 731 insolita
1453 662 1549 732 solli·

375 770 531 840 citudine
553 771 719 840 inculcat:
749 801 765 835 a
783 773 947 841 continuo
962 771 1077 840 exivit
1091 769 1238 861 sanguis
1253 776 1289 839 et
1303 792 1412 862 aqua3
1436 775 1473 839 et
1489 769 1550 863 qui

376 879 470 949 vidit
490 880 727 949 testimonium
744 881 933 971 perhibuit,
952 889 989 950 et
1004 903 1125 950 verum
1141 879 1446 949 esttestimonium
1458 877 1546 963 eins,

375 994 411 1057 et
434 988 495 1058 ille
518 989 587 1058 scit
609 989 692 1082 quia
716 1012 800 1059 vera
822 990 931 1074 dicit,
959 997 1000 1059 ut
1021 997 1058 1059 et
1081 1013 1143 1058 vos
1167 987 1331 1058 credatis.
1349 1016 1366 1050 n
1392 987 1454 1056 Sic
1465 1009 1549 1078 ergo

375 1098 511 1167 uomina
527 1099 676 1190 spiritus
692 1123 727 1168 v.
747 1101 791 1168 θ’.
806 1106 843 1169 ct
859 1101 1008 1169 fortasse
1024 1100 1129 1167 etiam
1146 1122 1181 1168 v.
1199 1099 1242 1167 8'.
1261 1103 1376 1188 potest
1391 1095 1550 1186 intelligi

376 1205 498 1272 ‹tonum
521 1211 557 1276 et
580 1207 716 1294 effectos
740 1207 896 1298 Spiritus
920 1206 1042 1277 Sancti
1065 1208 1103 1276 in
1125 1207 1307 1298 Apostolis
1330 1205 1388 1275 vel
1404 1227 1548 1295 gencra-

374 1312 438 1383 tim
461 1314 498 1382 in
520 1313 690 1401 Ecclesia,
717 1314 807 1407 quod
831 1321 867 1384 et
889 1314 976 1384 alibi
1001 1314 1229 1404 metonymice
1254 1312 1413 1404 Spiritus
1429 1311 1548 1403 appel·

374 1422 483 1491 latur:
505 1423 688 1514 «Spiritus
704 1424 730 1492 i.
748 1447 777 1492 e.
794 1427 902 1490 omnis
925 1424 1126 1514 spiritualis
1149 1420 1264 1488 doctor
1278 1426 1447 1506 testatur,
1467 1443 1548 1511 quo·

375 1530 468 1598 uiam
491 1530 655 1602 Christus
671 1538 725 1602 est
742 1533 905 1602 veritas»
933 1531 1059 1601 Glossa
1081 1530 1239 1599 interlin.
1260 1529 1322 1617 (1).
1339 1529 1443 1599 Licet
1465 1551 1548 1618 ergo

375 1639 640 1725 concederetur,
659 1642 804 1711 eundem
821 1641 993 1710 nominari
1011 1640 1183 1731 Spiritum
1200 1639 1367 1709 Sanctum
1385 1637 1424 1705 in
1441 1637 1547 1705 omui-

375 1748 440 1816 bus
463 1749 578 1818 tribus
602 1749 789 1819 versiculis
813 1751 845 1818 6.
858 1753 890 1818 7.
906 1750 939 1837 8;
966 1774 1034 1818 non
1059 1754 1175 1817 tamen
1204 1747 1468 1836 intelligeretur
1499 1769 1547 1812 ec·

376 1853 447 1921 dem
471 1854 565 1921 modo
590 1856 784 1925 testificans
808 1881 843 1925 v.
858 1857 1065 1926 bet8sicut
1088 1880 1123 1925 v.
1143 1859 1175 1941 7,
1201 1861 1306 1946 atque
1320 1853 1407 1923 adeo
1422 1853 1547 1922 distin-

376 1968 544 2053 gueretur
566 1964 760 2033 testificans
783 1965 821 2033 in
845 1965 938 2034 coelo
962 1964 1121 2056 Spiritus
1145 1963 1295 2033 Sanctus
1317 1961 1548 2053 personaliter

376 2091 417 2139 ao
440 2093 501 2161 per
525 2093 561 2141 se
585 2070 795 2156 immediate,
821 2079 857 2140 et
879 2072 1073 2143 testificans
1104 2071 1142 2140 in
1164 2077 1261 2140 terra
1284 2092 1345 2161 per
1369 2092 1436 2138 sua
1457 2069 1548 2139 dous

355 2176 413 2246 in
435 2178 615 2268 Apostolis
638 2185 674 2249 et
697 2180 734 2248 in
756 2180 927 2250 Ecclesia.

441 2287 561 2358 Nexus
585 2310 750 2357 versuum
774 2291 813 2357 7¹.
841 2296 876 2358 et
899 2289 939 2356 8¹.
966 2310 1044 2358 cum
1067 2285 1350 2357 antecedentibus
1373 2285 1417 2352 δ’.
1443 2290 1480 2353 et
1503 2284 1545 2350 θ’.

375 2401 430 2467 est
452 2397 682 2467 arctissimus.
709 2398 766 2466 Ad
788 2397 878 2466 illud
901 2396 1004 2482 enim,
1023 2398 1114 2488 quod
1137 2396 1235 2466 Iesus
1258 2399 1313 2464 est
1333 2393 1452 2463 Filius
1467 2395 1544 2479 Dei,

375 2512 411 2576 et
434 2506 525 2600 quod
548 2507 709 2576 venitin
732 2527 824 2598 aqua
847 2512 882 2576 et
906 2505 1089 2595 sauguine,
1109 2510 1145 2573 et
1161 2504 1309 2595 spiritus
1331 2502 1546 2572 testificatur

375 2613 537 2705 quoniam
560 2613 724 2682 Christus
747 2618 801 2682 est
823 2612 969 2700 veritas,
996 2611 1155 2704 sequitur
1178 2610 1374 2680 testimonii
1397 2611 1547 2680 ulterior

374 2719 574 2811 explicatio.
593 2719 773 2789 Obiectum
796 2720 1056 2789 testificationis
1079 2718 1259 2788 indicatur
1275 2717 1430 2807 duplex,
1457 2719 1545 2811 quod

374 2828 473 2898 Iesus
496 2834 550 2898 est
571 2829 736 2898 Christus
759 2828 877 2898 Filius
900 2830 977 2914 Dei,
996 2835 1032 2898 et
1047 2827 1137 2921 quod
1153 2835 1209 2897 est
1225 2850 1330 2897 verus
1345 2828 1459 2897 homo.
1480 2830 1545 2898 Pro

373 2941 521 3030 utroque
544 2937 739 3007 distinctim
760 2939 870 3008 trium
886 2941 1049 3008 adfertur
1065 2937 1314 3024 testimouium;
1333 2937 1428 3006 sicut
1441 2939 1545 3007 etiam

374 3043 537 3114 Christus
548 3046 717 3114 Dominus
732 3045 876 3139 loquens
892 3047 1032 3115 Iudaeis
1048 3045 1135 3115 duos
1146 3045 1289 3115 induxit
1300 3050 1472 3116 testantes
1484 3046 1545 3113 Pa-

374 3156 463 3219 trem
475 3156 511 3220 et
520 3174 556 3221 se
573 3151 699 3242 ipsum,
714 3153 896 3244 appellans
907 3153 951 3223 ad
963 3154 1066 3245 illud:
1081 3154 1118 3222 in
1132 3176 1189 3224 ore
1202 3155 1348 3222 duorum
1367 3153 1425 3222 vel
1438 3154 1546 3223 trium

257 3296 261 3300 -
373 3259 517 3328 testium
540 3261 649 3330 stabit
672 3284 768 3330 omne
799 3264 943 3331 verbum
967 3264 1085 3350 (Deut.
1103 3263 1203 3331 XIX.
1220 3263 1296 3347 15),
1322 3269 1358 3330 et
1384 3262 1547 3354 deinceps

374 3368 411 3437 in
445 3368 610 3438 ulteriori
644 3369 867 3441 institutione
902 3371 1153 3462 discipulorum
1184 3371 1324 3440 addidit
1359 3376 1547 3441 testantem

375 3474 547 3565 Spiritum
564 3476 729 3546 Sanctum
745 3477 795 3547 Io.
812 3479 856 3548 V.
872 3479 997 3568 31-393
1013 3479 1116 3548 VIII.
1136 3479 1259 3565 14-183
1275 3476 1355 3548 XV.
1373 3478 1431 3546 26.
1447 3477 1547 3561 Quod

373 3582 491 3675 itaque
519 3584 710 3675 Apostolus
741 3586 880 3656 dixerat
915 3586 1196 3656 detestantibus
1227 3585 1331 3676 paulo
1364 3585 1548 3656 obscurius

376 3822 432 3891 «In
451 3839 503 3892 hoc
520 3840 702 3906 cognoscitur
721 3839 848 3909 Spiritus
867 3841 935 3895 Dei:
956 3840 1047 3893 omnis
1067 3839 1198 3906 spiritus,
1214 3838 1264 3907 qui
1279 3838 1432 3892 confltetur
1454 3838 1547 3892 Iesum

373 3929 520 3983 Christum
538 3929 569 3981 iu
589 3945 672 3982 carne
692 3930 815 3995 venisse,
837 3945 872 3982 cx
891 3931 948 3983 Deo
967 3932 1037 3983 ost»
1055 3929 1080 3980 1.
1099 3930 1140 3982 Io.
1152 3929 1202 3981 IV.
1216 3929 1241 3980 2.
1256 3930 1310 3980 etc.
1326 3930 1380 3980 etc.

443 4014 485 4090 (1)
503 4016 531 4071 S.
551 4018 754 4072 Beneventum
780 4019 923 4086 accipiens
941 4033 1003 4072 curn
1030 4018 1098 4071 aliis
1117 4018 1173 4071 Pr.
1193 4018 1389 4093 testimouium
1412 4017 1546 4083 spiritus,

372 4124 462 4176 aquae
481 4112 511 4161 et
529 4110 679 4176 sanguinis
699 4109 732 4163 de
751 4114 926 4163 sacramento
945 4109 1101 4177 baptismi,
1123 4109 1175 4176 ait,
1198 4108 1334 4175 spiritum
1354 4123 1438 4175 possa
1458 4107 1549 4175 accipi

373 4215 424 4268 pro
443 4215 473 4252 rc
493 4201 679 4266 scemmenti,
697 4203 752 4253 aet
770 4201 813 4253 its
831 4215 888 4253 nou
907 4200 1025 4253 habebit
1049 4200 1188 4252 rationem
1213 4198 1362 4252 causantis
1382 4196 1432 4249 scd
1451 4199 1549 4264 potius

373 4305 472 4342 nomon
492 4291 538 4342 vel
558 4289 697 4343 rationem
717 4291 841 4357 effectus,
858 4291 942 4343 etita
961 4290 1084 4357 spiritus
1103 4304 1159 4342 non
1179 4292 1272 4342 staret
1284 4304 1335 4356 pro
1355 4289 1420 4355 ipsa
1438 4290 1549 4342 virtute

373 4377 511 4430 influente
530 4376 579 4431 sed
592 4377 689 4443 potios
697 4395 751 4444 pro
764 4380 827 4445 ipsa
839 4380 936 4446 qratia
947 4379 1071 4444 Spiritus
1083 4380 1182 4431 Sancti
1194 4378 1293 4431 inlusa
1311 4377 1370 4444 ipsi
1389 4378 1503 4431 animae
1517 4379 1549 4431 tn

372 4468 544 4522 sacramenti
563 4469 768 4538 susceptiones
790 4470 818 4525 S.
833 4470 942 4526 Bonas.
957 4469 989 4522 iu
1001 4468 1029 4524 3.
1045 4467 1116 4523 dist.
1129 4469 1175 4523 40.
1190 4468 1422 4524 declaratctaxt.
1436 4467 1506 4522 dub.
1520 4468 1548 4522 3.
