3172 4950
705 345 743 360 -
768 315 825 375 134
846 345 884 360 -

210 420 269 489 sed
292 442 355 509 per
377 426 516 488 mutuas
538 420 726 490 relationes
749 419 953 511 designatas
975 420 1173 489 nominihus
1190 417 1379 511 personali·

209 527 274 595 bus
297 528 420 612 Pater,
446 527 584 613 Filius,
611 528 768 618 Spiritus
793 529 956 598 Sanctus.
976 527 1123 612 Quando
1145 550 1232 617 ergo
1245 526 1378 610 docent,

209 635 302 704 sicut
324 636 361 703 in
389 634 586 704 hominibus
608 642 663 705 est
680 657 751 705 nna
765 643 894 705 natura
912 636 1066 705 humana
1088 634 1283 706 communis
1304 632 1381 724 plu·

209 742 307 811 ribus
330 749 366 811 et
386 750 502 812 tamen
526 749 609 813 sunt
631 743 750 833 plures
773 742 981 834 hypostases
1004 744 1153 813 invicem
1178 741 1378 827 distinctae,

209 850 261 917 ita
283 851 389 919 etiam
412 850 449 919 in
472 851 543 920 Deo
566 873 671 919 unam
700 874 773 920 esse
807 874 1017 922 communem
1046 858 1210 921 naturam
1243 856 1282 919 et
1308 870 1382 918 esse

209 966 282 1029 tres
304 957 454 1026 invicem
477 957 664 1028 distinctas
688 958 896 1051 hypostases
919 961 1026 1029 unius
1043 966 1203 1045 naturaa;
1223 957 1311 1026 haee
1327 957 1381 1026 da·

208 1067 324 1135 finitio
346 1089 414 1133 non
437 1067 591 1157 pertinet
613 1067 657 1136 ad
674 1067 894 1136 asserendam
909 1068 1051 1137 eandam
1074 1067 1250 1137 unitatem
1273 1072 1309 1134 et
1331 1063 1381 1133 di·

209 1174 429 1243 stinctionem
453 1175 489 1243 in
512 1175 603 1261 Deo,
630 1175 746 1266 qualis
761 1182 817 1245 est
831 1176 1056 1267 inter-plures
1071 1175 1242 1261 homines,
1263 1172 1324 1243 sed
1339 1171 1381 1240 ad

208 1282 450 1352 declarandam
474 1282 732 1352 distinctionem
755 1283 903 1352 rationis
925 1284 1019 1352 inter
1040 1290 1204 1353 naturam
1219 1289 1259 1352 et
1272 1281 1381 1372 hypo

208 1392 331 1460 storin.
358 1391 451 1473 Quia
473 1390 610 1461 scilieet
631 1402 759 1461 natura
781 1392 915 1462 dicitur
937 1393 1124 1463 secundum
1147 1392 1185 1461 id
1214 1390 1309 1484 quod
1330 1412 1380 1459 re

208 1497 349 1567 velatur
372 1504 415 1567 nt
431 1520 536 1566 unum
554 1497 588 1566 h.
604 1521 635 1567 e.
648 1501 835 1570 secundum
851 1500 1061 1586 ahsolutum,
1080 1499 1285 1592 hypostasis
1300 1519 1381 1567 varo

207 1605 339 1675 dicitur
362 1607 551 1676 secundum
574 1629 626 1693 aa,
644 1630 733 1699 quae
755 1608 914 1679 revelata
936 1617 1021 1677 sunt
1036 1616 1077 1678 ut
1092 1608 1240 1678 realiter
1255 1605 1379 1675 distin·

208 1720 288 1799 cta,
326 1713 361 1781 h.
387 1737 417 1783 e.
444 1715 632 1784 secundum
662 1715 836 1803 relativa3
874 1717 950 1786 idac
982 1740 1026 1785 ex
1056 1716 1273 1787 revelatione
1303 1714 1381 1804 ipsa

208 1823 414 1891 confutatur
437 1822 697 1892 fundamentalc
720 1825 929 1916 principium
950 1824 1218 1910 haereticorum,
1237 1846 1306 1916 quo
1329 1842 1380 1891 aa

208 1937 332 1998 serunt
353 1936 408 1999 tot
431 1952 564 2022 semper
586 1954 660 2000 esse
683 1939 842 2018 naturas,
861 1940 947 2026 quot
968 1934 1041 2003 sint
1056 1933 1277 2022 hypostases.
1292 1929 1382 1999 Vide

207 2032 277 2106 PP.
292 2038 352 2130 qui
375 2038 466 2107 hanc
487 2046 636 2109 naturae
656 2049 692 2109 et
714 2040 916 2131 hypostasis
932 2040 1167 2110 definitionem
1190 2045 1227 2109 et
1250 2038 1381 2109 utrius

208 2167 275 2239 que
301 2145 561 2216 distinctionem
593 2148 797 2235 declarant,
830 2172 933 2240 penes
968 2149 1090 2218 Petav.
1110 2148 1136 2218 l.
1151 2146 1215 2219 Iv.
1233 2171 1265 2218 c.
1279 2148 1314 2217 7.
1325 2144 1378 2216 Oi.

210 2254 328 2323 Traot.
347 2262 505 2323 nostrum
529 2256 570 2324 de
593 2256 773 2326 Incarnat.

277 2362 323 2431 2‘.
337 2360 474 2431 Natura
497 2364 673 2434 abstracta
697 2371 835 2456 sumpta
857 2387 888 2433 e.
903 2389 938 2454 g.
957 2364 1170 2449 humanitas,
1198 2371 1241 2434 ut
1262 2365 1380 2435 deflui-

207 2470 303 2538 tione
326 2476 362 2538 at
384 2470 581 2539 universali
603 2472 742 2542 notione
767 2472 979 2558 continetur,
994 2495 1064 2541 una
1080 2472 1218 2541 omnino
1244 2479 1299 2542 est
1320 2494 1381 2542 nec

208 2575 368 2645 admittit
390 2576 718 2667 multiplicationem
735 2603 743 2666 3
769 2580 926 2669 profecto
940 2581 1032 2649 enim
1056 2581 1087 2648 si
1102 2579 1307 2648 humanitas
1318 2579 1381 2648 hoa

208 2689 306 2759 modo
329 2688 505 2771 sumitur,
530 2708 599 2754 non
622 2692 769 2775 possunt
791 2687 927 2778 concipi
942 2687 1032 2756 duae
1047 2687 1299 2757 humanitates.
1315 2686 1380 2758 Sed

208 2797 272 2865 hoc
296 2795 394 2864 modo
412 2794 608 2863 formaliter
621 2801 663 2862 ut
678 2794 892 2864 universalis
906 2817 974 2864 non
990 2802 1107 2887 potest
1122 2796 1295 2867 obieative
1312 2796 1381 2866 exi·

208 2911 312 2990 stere;
338 2903 508 2994 quidquid
531 2901 622 2971 enim
646 2902 781 2989 existit,
802 2903 983 2993 singulare
1000 2912 1065 2990 est,
1084 2903 1285 2995 singulares
1302 2925 1384 2974 vero

207 3010 447 3080 humanitates
470 3017 523 3079 tot
546 3016 640 3095 sunt,
660 3016 745 3103 quot
768 3020 852 3080 suut
874 3011 1049 3092 homines,
1075 3012 1202 3105 quibus
1226 3012 1382 3081 omnibus

209 3120 373 3189 convenit
395 3140 465 3187 una
486 3119 582 3187 notio
605 3126 640 3188 et
664 3117 822 3188 definitio
845 3120 1072 3189 universalis.
1090 3120 1183 3189 Hinc
1205 3119 1299 3188 nihil
1322 3119 1382 3187 im-

210 3227 329 3317 pedit,
356 3224 538 3319 quominus
561 3225 606 3292 ad
629 3222 871 3314 explicandam
895 3224 1069 3294 unitatem
1085 3247 1153 3292 non
1169 3224 1382 3314 multiplica·

210 3325 313 3401 bilem
337 3340 484 3400 naturae
508 3331 649 3400 divinae
673 3339 873 3400 assumatur
897 3332 1016 3400 unitas
1040 3354 1107 3399 non
1131 3331 1382 3422 multiplicabi-

210 3440 255 3508 lis
277 3449 425 3510 naturae
448 3440 646 3508 abstractae
676 3445 712 3507 et
737 3438 973 3524 universalis,
1005 3438 1188 3507 dummodo
1218 3460 1383 3528 magnum

210 3548 300 3618 illud
324 3549 510 3618 discrimen
534 3571 602 3616 non
625 3548 668 3614 ab
692 3547 803 3616 oculis
827 3546 1047 3633 dimittatur,
1074 3545 1165 3639 quod
1187 3552 1319 3616 natura
1334 3546 1384 3617 di·

210 3658 294 3726 vina
316 3665 371 3727 est
394 3656 478 3727 haec
501 3679 572 3725 una
595 3655 826 3725 determinata
848 3656 1042 3746 singularis
1064 3663 1100 3725 et
1122 3655 1268 3726 realiter
1279 3662 1385 3748 atqua

210 3766 404 3835 necessario
426 3766 581 3835 existens
604 3765 642 3831 in
664 3766 780 3835 tribus
803 3764 984 3834 distinctis
1006 3763 1269 3855 hypostasibus,
1289 3763 1386 3834 notio

209 3879 325 3941 autem
340 3871 406 3940 illa
420 3871 634 3941 universalis
649 3879 798 3942 naturae
816 3879 953 3941 creatae
968 3896 1000 3941 e.
1015 3897 1050 3961 g.
1066 3871 1299 3941 humanitatis
1316 3873 1386 3941 for·

210 3981 350 4050 maliter
373 3982 437 4050 sub
459 3982 597 4049 ratione
620 3981 826 4067 universali,
842 3982 907 4049 sub
922 4003 992 4072 qua
1008 3980 1113 4049 habet
1129 3979 1303 4066 unitatem
1318 4000 1386 4050 non

210 4088 524 4178 multiplicabilem,
543 4094 644 4157 extra
660 4090 787 4157 mentis
803 4089 1113 4158 considerationem
1135 4093 1172 4156 et
1186 4089 1224 4156 in
1247 4110 1286 4158 re
1309 4086 1385 4178 ipsa

209 4217 277 4264 non
301 4196 436 4265 existit.
452 4197 509 4264 Ita
531 4197 654 4266 Patres
677 4197 790 4288 aliqui
814 4196 986 4265 unitatem
1009 4195 1152 4266 divinae
1174 4201 1325 4266 naturae
1347 4195 1383 4263 in

209 4304 325 4373 tribus
348 4303 528 4375 distinctis
551 4306 799 4390 declararunt,
825 4327 888 4375 nec
918 4327 1000 4375 sane
1029 4311 1115 4396 puto
1145 4326 1245 4396 posse
1272 4307 1385 4373 menta

209 4413 361 4482 humana
384 4414 581 4504 analogiam
606 4414 889 4506 propinquiorem
911 4412 1061 4506 reperiri
1076 4413 1120 4483 ad
1136 4412 1292 4507 aliquam
1306 4432 1380 4500 my·
