3172 4950
710 349 748 363 -
768 315 831 378 538
850 350 888 364 -

211 422 404 494 clarissime
426 418 631 507 revelatam)
655 420 814 511 Spiritus
827 421 977 493 Sanctus
993 422 1154 514 procedit
1169 424 1273 493 stiam
1288 424 1362 492 ali·

212 531 283 618 li0;
305 529 515 621 proindeque
538 552 581 597 ex
612 528 781 619 opposito:
814 532 846 596 si
875 546 1024 621 nepetae·
1054 532 1213 620 Spiritus
1242 533 1364 601 Semta

206 637 387 729 procedere
410 639 514 702 etiam
537 661 559 701 a
582 636 693 715 Filio,
718 636 920 703 virtualiter
942 653 1090 728 nepotas·
1113 637 1223 706 realis
1245 636 1364 704 distinc-

214 749 262 813 tio
288 747 380 813 Filii
403 758 435 810 et
458 745 613 832 Spiritus
645 745 777 812 Sancti.
798 744 902 813 Hunc
932 768 1070 814 sensum
1100 769 1204 836 quem
1234 745 1366 813 diximus

212 852 442 931 dialecticam,
469 850 574 919 habet
597 849 661 918 illa
683 851 887 940 propositio:
913 852 944 920 si
969 851 1129 941 Spiritus
1153 851 1365 921 Sanctnsnon

213 960 412 1052 procederet
434 981 456 1025 a
477 958 583 1042 Filio,
595 959 640 1025 ab
662 980 702 1026 eo
724 982 792 1027 nou
808 959 952 1028 realiter
967 958 1263 1049 distingueretur.
1277 959 1367 1028 'lico

213 1066 288 1158 logi
311 1066 472 1135 nonnulli
495 1064 686 1149 catholici,
713 1071 754 1134 ut
776 1065 952 1151 diximus,
976 1065 1014 1134 id
1037 1073 1182 1155 negant,
1202 1068 1287 1158 quia
1306 1090 1367 1136 ceu·

213 1183 291 1244 sent
312 1180 453 1265 praeter
475 1171 679 1241 relationem
702 1173 851 1262 originis
875 1174 980 1241 unius
1002 1195 1170 1263 personae
1192 1175 1239 1243 ab
1260 1174 1366 1258 altera,

212 1305 287 1351 esse
309 1281 425 1350 adhuc
448 1279 554 1348 aliam
578 1280 750 1348 rationem
772 1279 1016 1349 distinotionis
1038 1279 1172 1366 realis,
1199 1281 1369 1350 relationes

213 1388 349 1459 scilicet
370 1409 437 1455 non
461 1387 599 1479 quidem
624 1387 801 1478 oppositas
824 1387 884 1456 sed
907 1388 1068 1457 diversas
1090 1410 1134 1459 ac
1157 1389 1348 1479 disparatos
1359 1413 1369 1467 ,·

212 1503 367 1566 attamen
391 1495 495 1563 iidem
519 1494 641 1587 utique
665 1495 846 1564 affirmant
868 1495 905 1563 id
929 1496 1019 1587 quod
1042 1503 1098 1565 est
1120 1497 1164 1565 ds
1187 1497 1280 1580 lide,
1302 1501 1370 1564 actu

213 1603 390 1692 distingui
414 1602 585 1692 Spiritum
610 1601 778 1672 Senatum
800 1624 822 1669 a
844 1601 938 1671 Filio
960 1602 1133 1673 relatione
1148 1603 1260 1673 etiam
1280 1602 1371 1691 origi·

212 1713 279 1780 nis.
293 1708 517 1780 Schismatici
533 1715 654 1778 contra
669 1715 706 1777 et
721 1715 853 1798 negant
868 1709 942 1776 sola
959 1709 1129 1779 relatione
1144 1709 1296 1799 originis
1309 1731 1372 1799 pcr-

214 1841 316 1888 aouas
338 1816 541 1906 distingui,
566 1823 603 1885 et
625 1817 801 1885 affirmant
822 1815 896 1884 sola
918 1816 1089 1886 relatione
1117 1816 1303 1906 disparato
1323 1839 1373 1884 seu

213 1926 353 1994 diverso
375 1924 474 1992 modo
497 1922 704 2014 procedendi
728 1945 750 1989 a
771 1923 876 1991 Patre
898 1930 935 1992 et
950 1923 1154 1992 nallatenus
1170 1922 1374 2015 processione

212 2033 317 2102 etiam
341 2054 363 2099 a
384 2031 479 2098 Filio
503 2031 676 2120 Spiritum
690 2030 857 2099 Sanctum
872 2031 1047 2120 distingui
1063 2053 1085 2099 a
1100 2031 1211 2100 Filio.
1226 2031 1302 2100 Uno
1317 2030 1372 2098 ita·

213 2163 279 2234 que
295 2139 400 2209 verbo
415 2138 480 2206 illa
495 2139 665 2230 quaestio,
680 2146 798 2207 utrum
823 2137 979 2229 Spiritus
1002 2139 1156 2209 Sanctus
1179 2140 1214 2207 si
1228 2163 1297 2209 non
1309 2160 1373 2229 pro

215 2247 353 2316 cederet
375 2266 396 2311 a
418 2244 535 2329 Filio,
561 2245 677 2314 adhuc
700 2251 815 2313 amen
840 2244 983 2314 realiter
1006 2246 1051 2313 ab
1078 2267 1119 2314 eo
1149 2245 1373 2336 distinguere·

213 2362 296 2438 tur,
323 2352 504 2421 reducitur
527 2353 572 2421 ad
588 2352 677 2420 hanc
692 2351 838 2420 alteram
856 2351 1161 2442 simplicissimam:
1182 2359 1303 2423 utram
1312 2375 1373 2445 per·

213 2485 315 2531 sonae
339 2461 482 2529 divinae
506 2461 591 2529 solis
613 2460 843 2529 relationibus
870 2459 1019 2550 originis
1049 2461 1142 2552 quod
1174 2483 1248 2530 una
1270 2462 1312 2529 ab
1331 2459 1371 2527 al-

212 2577 289 2639 tera
305 2568 472 2659 procedit,
488 2567 632 2636 realiter
656 2568 749 2636 inter
766 2591 802 2635 se
819 2567 1101 2656 distinguantur.
1118 2569 1222 2651 Quae
1233 2570 1373 2660 prolecto

213 2676 371 2769 quaestio
395 2699 462 2744 non
486 2675 627 2743 inutilis
650 2682 763 2745 estet
786 2698 889 2744 sensu
914 2697 1048 2760 vacua,
1079 2676 1140 2744 sed
1163 2675 1372 2767 opportunis·

212 2787 300 2854 sima
323 2792 397 2853 tum
423 2783 613 2853 universim
638 2784 682 2852 ad
707 2784 936 2853 oeconomiam
960 2784 1153 2852 Trinitatis
1182 2782 1372 2854 distinctim

212 2892 482 2981 cognoscendam
505 2897 579 2958 tum
604 2890 808 2959 nominatim
822 2891 876 2959 ‘ad
900 2889 1174 2979 intelligentiam
1206 2887 1371 2958 relationis

212 3001 305 3068 inter
327 2998 460 3066 Filium
483 3004 521 3066 et
544 2997 715 3086 Spiritum
738 2998 903 3067 Sanctum
927 3005 985 3081 at,
1012 2998 1188 3089 siquidem
1202 3020 1288 3067 vera
1307 3018 1369 3085 pro

212 3108 315 3175 batur
338 3105 516 3195 responsio
540 3105 727 3188 affirmans,
741 3105 786 3172 ad
803 3103 1132 3174 demonstrationem
1155 3102 1369 3195 processionis

212 3214 368 3303 Spiritus
393 3212 514 3281 Sancti
537 3213 642 3281 etiam
666 3235 687 3279 a
711 3211 817 3297 Filio,
843 3218 887 3282 ut
909 3212 973 3281 hoc
995 3218 1205 3300 argumento
1223 3213 1261 3281 in
1282 3211 1368 3280 Cone.

210 3316 1368 3410 Florent.IoannestheologusceterisconsentientibussessXVlII·

210 3433 247 3497 et
262 3426 447 3494 Bessarion
472 3425 508 3493 in
529 3433 618 3494 orat.
630 3427 744 3514 dogm.
758 3449 788 3495 c.
804 3426 838 3494 6.
854 3426 910 3493 usi
927 3431 1021 3493 sunt.

278 3535 385 3603 Porro
413 3535 454 3602 de
484 3534 634 3603 veritate
664 3534 778 3603 instar
799 3533 964 3623 principii
990 3531 1185 3623 theologici
1204 3534 1370 3616 habands,

210 3642 354 3734 quadiu
377 3643 449 3710 Deo
473 3641 587 3710 omnia
611 3648 695 3710 sunt
718 3635 846 3726 unum,
872 3641 931 3709 ubi
958 3663 1026 3709 non
1050 3642 1174 3712 obviat
1204 3644 1372 3711 relationis

210 3753 393 3840 oppositio,
419 3773 506 3840 quae
530 3750 759 3819 constituitur
782 3750 819 3817 in
843 3749 919 3838 ipsa
943 3749 1079 3839 origine
1096 3750 1205 3822 unius
1220 3772 1373 3843 personae

208 3860 252 3924 ab
268 3859 381 3926 altera
403 3863 525 3948 (supra
540 3883 573 3949 p.
587 3858 679 3944 199),
698 3857 835 3926 nullum
852 3864 1056 3946 potestesse
1080 3859 1228 3929 dubium
1251 3867 1329 3951 post
1340 3880 1373 3927 aa

209 3965 347 4049 omnia,
373 3986 459 4056 quse
482 3966 523 4034 de
548 3966 685 4034 unitate
708 3972 744 4033 et
767 3965 991 4035 distinctione
1015 3965 1051 4033 in
1082 3967 1155 4036 Dec
1187 3968 1316 4058 passim
1344 3966 1373 4033 in

209 4073 448 4162 superioribus
472 4074 709 4142 demonstrata
725 4079 820 4141 sunt.

276 4181 366 4249 Sane
389 4181 426 4248 in
450 4180 522 4248 Deo
545 4181 630 4249 licet
653 4180 783 4249 multae
807 4180 1039 4271 perfectiones
1056 4187 1093 4249 et
1106 4182 1300 4251 relationes
1315 4184 1374 4250 for·

208 4287 316 4356 males
338 4288 475 4378 possint
490 4288 627 4357 ratione
641 4288 829 4377 distingui,
844 4288 989 4358 realiter
1004 4295 1120 4357 tamen
1144 4290 1263 4359 omnia
1279 4312 1374 4359 anum

207 4402 291 4464 suut
313 4397 389 4465 sine
412 4396 501 4465 reali
523 4396 775 4484 distinctione,
800 4397 872 4467 nisi
894 4401 1068 4489 quatenus
1081 4404 1138 4468 ost
1153 4398 1314 4468 formalis
1328 4417 1375 4466 ra
