3172 4950
574 137 612 151 -
634 106 695 168 239
716 139 753 154 -

10 220 13 225 '
74 210 165 295 sario
185 218 244 283 est
258 209 366 290 simul
380 209 571 287 ueletiam
588 211 686 287 trina
700 211 931 289 substantiali
941 211 1128 296 relatione,
1146 211 1246 289 adeo,-

77 343 138 414 que
152 325 210 399 est
223 319 338 401 amai!
360 319 541 410 perronio,
560 326 637 390 tum
654 343 741 412 quae
757 322 821 390 sub
837 320 972 390 ratione
988 319 1153 404 absoluti,
1171 327 1246 393 turn
1304 386 1306 390 ,

77 448 160 520 quse
182 427 250 496 sub
272 426 409 496 ratione
432 425 577 499 relativi
600 427 765 517 explieite
789 426 997 518 ooneipitur,
1017 447 1105 519 quae
1128 427 1247 497 ambae

80 534 229 617 rau‘ones
244 532 318 603 solo
335 539 505 624 eonaeptu
526 539 647 603 nostro
670 533 742 603 olio
765 541 801 603 et
823 533 894 602 alio
910 533 1195 623 distinguuntur,
1208 555 1247 603 re

82 644 149 735 ipss
171 664 258 712 vero
280 646 365 710 sunt
386 662 457 710 nna
479 663 547 727 res,
573 648 615 711 ut
637 641 707 722 iam
724 641 856 715 dietum
878 647 942 711 est.
960 641 1058 730 Ergo
1072 641 1177 710 etiam
1194 639 1246 711 vi·

83 750 190 833 asum
213 749 280 825 sub
294 748 436 818 notione
451 770 616 839 mmouae
632 771 663 826 e.
677 774 714 839 g.
729 749 847 820 Patris
865 749 1019 841 concipio
1034 749 1173 841 quidem
1186 772 1246 825 ex·

84 857 195 959 plicita
217 854 422 941 relativam,
442 855 586 948 quadiu
602 854 742 926 notione
766 856 936 939 essentiae
960 856 1071 926 solum
1094 856 1246 927 eratin·

34 1034 38 1041 ,
86 965 263 1056 plicitum
288 964 349 1035 sed
372 965 621 1055 profusiones
644 964 725 1054 plus
747 987 858 1058 neque
881 965 996 1039 miuus
1020 963 1246 1054 perfeetionis

86 1071 381 1164 apprehenditur
405 1073 469 1142 sub
492 1072 559 1155 hae
586 1073 705 1151 Petris
728 1075 867 1143 notione
895 1094 998 1165 quam
1021 1073 1085 1141 sub
1107 1073 1274 1171 notione·

86 1179 265 1266 ssseutiae,
291 1180 383 1272 qaod
405 1178 496 1249 idem
520 1178 617 1249 valet
639 1179 836 1265 deuotione
860 1180 935 1250 sive
957 1179 1045 1249 Filii
1068 1179 1144 1249 sive
1167 1176 1244 1268 Spi-

87 1286 166 1361 sin
183 1287 336 1372 emen,
362 1291 401 1356 et
422 1286 568 1379 proinde
590 1287 697 1367 etiam
711 1286 812 1363 ualet
834 1287 930 1358 sieut
952 1286 993 1355 de
1017 1285 1170 1376 singulis
1193 1285 1246 1355 ita

88 1394 299 1465 mommbue
321 1394 438 1463 tribus
460 1393 577 1477 simul.
594 1391 815 1485 Quapropter
839 1394 876 1463 in
906 1392 1062 1483 personis
1092 1391 1254 1481 singulis,

88 1500 271 1571 obuolutum
283 1499 389 1583 simul
402 1505 597 1592 spectatum
614 1522 690 1570 aum
706 1500 870 1586 relativo,
888 1522 950 1569 seu
965 1497 1117 1580 essentia
1140 1497 1245 1579 simul
1350 1527 1352 1530 ⁴

89 1631 153 1696 usn
173 1608 346 1679 relatione
367 1629 437 1691 uon
460 1613 515 1678 est
537 1607 673 1700 aliquid
691 1609 803 1683 mains
827 1614 891 1689 aut
913 1607 1115 1700 persentias,
1140 1626 1244 1697 quam

89 1715 225 1791 sumtis
245 1714 409 1789 absolute
431 1737 493 1806 per
515 1737 553 1786 se
576 1721 752 1806 speetata;
777 1737 888 1808 neque
911 1713 1064 1785 essentia
1085 1717 1245 1804 apostate

90 1822 179 1905 sinul
200 1844 278 1893 oum
301 1821 419 1895 tribus
435 1820 685 1908 relationibus,
705 1843 794 1914 quse
809 1845 888 1891 oum
903 1821 968 1892 illa
980 1821 1126 1892 realiter
1137 1843 1244 1903 uuum

90 1935 178 2017 sant,
202 1935 259 2003 est
279 1928 415 2021 aliquid
439 1929 552 1998 meins
574 1935 638 1999 eat
659 1930 853 2020 perfectius
884 1951 987 2022 quam
1009 1928 1161 1999 essentia
1183 1950 1244 2018 per

32 2066 36 2071 ·
91 2058 118 2107 ss
135 2043 301 2130 spectum
320 2037 417 2128 Ergo
433 2060 511 2107 eum
523 2037 684 2127 singulae
700 2059 867 2128 personae
882 2037 958 2108 sint
971 2037 1116 2122 realiter
1131 2057 1244 2120 esseu-

92 2144 132 2229 iit
149 2146 295 2232 dinuo,
319 2151 393 2216 tres
409 2166 575 2237 personae
590 2167 659 2216 non
675 2150 760 2215 euni
774 2144 911 2237 aliquid
927 2145 1040 2214 maius
1054 2165 1158 2235 quam
1174 2163 1244 2226 una

94 2274 140 2343 pa
159 2277 194 2324 ee
217 2258 387 2346 spectata.
651 2335 654 2340 ,
989 2274 991 2278 ’

142 2362 196 2445 Ad
217 2383 387 2445 summam
410 2364 556 2437 essentia
579 2361 709 2443 diuina·
725 2377 774 2430 est
794 2360 976 2451 plenitudo
1011 2363 1099 2429 entis
1130 2358 1244 2437 stefani

95 2471 225 2561 tempos
246 2471 338 2550 sient
365 2468 609 2539 diminutionis
644 2474 698 2536 ita
728 2472 947 2554 inermenti,
972 2492 1043 2543 nna
1066 2466 1245 2559 eademqne

96 2576 290 2669 lissh'fifflia
314 2592 384 2644 tum
407 2601 480 2644 eum
503 2578 654 2668 sinquiis
685 2593 755 2644 tum
779 2603 851 2645 essm
874 2576 1027 2645 omnibns
1053 2576 1163 2644 tribus
1192 2599 1243 2645 rs·

95 2684 263 2763 manitus
285 2685 574 2755 substantialibus
596 2687 667 2753 sire
695 2689 877 2776 personis,
904 2687 1059 2778 quamvis
1076 2707 1243 2774 personae

92 2793 137 2861 ab
159 2795 298 2862 notione
320 2795 485 2860 essentiae
506 2816 574 2858 non
600 2794 764 2884 implicite
795 2794 1035 2882 concipiantur
1068 2791 1125 2860 sed
1159 2815 1242 2859 eom·

89 2899 328 2987 memndnnnsr
350 2900 531 2989 implicite.
546 2901 642 2970 Hine
666 2914 733 2969 tres
750 2923 919 2990 personas
941 2914 1021 2968 sunt
1037 2899 1152 2968 eedem
1170 2907 1241 2990 pls·

91 3006 193 3076 sitnia
216 3031 291 3076 eam
314 3008 481 3097 explicita
498 3011 711 3098 expressione
724 3010 932 3076 relationum
947 3009 1243 3091 substantialium·

87 3138 218 3203 persona
238 3138 464 3209 unaquaeqne
488 3118 568 3185 item
591 3132 641 3184 est
659 3116 841 3206 plenitudo
858 3116 972 3185 eodem
988 3141 1061 3197 snm
1076 3117 1243 3207 explicita

88 3225 287 3313 &pressione
301 3223 404 3291 nnius
426 3222 570 3303 relativi
585 3237 618 3289 et
633 3247 706 3291 oum
722 3225 1011 3314 comprehensione
1031 3221 1178 3293 deornm
1192 3245 1243 3291 ss·

86 3327 250 3423 insuram
259 3353 507 3423 personarum,
533 3347 701 3423 quatenns
718 3330 980 3423 identifioantur
994 3355 1067 3399 eum
1084 3332 1241 3412 essentia,

10 3478 14 3519 ι
85 3451 111 3505 u
120 3453 289 3533 quatenns
299 3451 485 3530 propterea
499 3440 559 3507 snb
569 3438 723 3528 formali
738 3443 875 3515 ratione
898 3441 1121 3509 relativorum
1131 3439 1242 3528 perti·

10 3550 12 3559 '
82 3561 153 3621 emt
165 3571 235 3616 nan
250 3545 387 3639 quidem
402 3561 443 3613 ut
458 3549 699 3617 constituentes
714 3547 771 3616 sed
786 3563 826 3614 nt
843 3551 983 3616 termini
1003 3548 1182 3615 intrinseci
1195 3545 1244 3628 asi

74 3657 315 3748 perfectionem
326 3679 493 3745 personae
508 3659 784 3747 uniuscuiusque.
803 3657 882 3740 Qun
897 3657 934 3725 in
950 3655 1077 3729 ultima
1090 3655 1240 3741 ratione,

76 3767 113 3833 at
126 3766 239 3854 patet,
258 3759 396 3850 reditur
413 3761 459 3830 sd
480 3761 853 3853 oneuminsessionsmi
870 3762 996 3835 'lotum
1017 3763 1082 3833 hoo
1105 3785 1241 3854 expres-

72 3868 118 3938 sit
138 3867 283 3959 egregie
306 3866 344 3938 S.
361 3867 521 3959 cyrillus
543 3869 829 3951 Alexandrinus:
851 3870 1034 3961 «simplex
1056 3876 1094 3943 et
1115 3870 1242 3942 ineam·
1295 3859 1300 3870 ’

69 3975 184 4067 pusits
205 3981 261 4052 est
282 3974 349 4045 illa
368 3976 529 4061 omnibns
553 3977 810 4070 supereminens
825 3984 981 4066 natura,
1006 3978 1242 4070 hypostaseon

69 4082 209 4177 quidem
232 4083 517 4176 proprietatibus,
543 4092 580 4161 et
594 4108 818 4179 personarum
830 4109 871 4157 ae
886 4087 1064 4171 nominum
1076 4086 1242 4171 ,differtu-

69 4191 134 4265 tiis
156 4191 312 4270 dilatata
339 4185 558 4284 (ἑξενρυνομενη
574 4192 609 4279 lu.
628 4217 658 4278 e.
679 4196 868 4281 eommunis
888 4193 1051 4286 pluribus
1067 4190 1240 4284 personis)
