3172 4950
694 350 732 365 -
757 319 815 378 127
835 350 872 363 ..

220 428 253 496 de
271 423 453 515 hypostasi
475 427 513 493 et
533 422 692 521 personis
706 422 973 508 dissentiebant,
991 422 1160 492 neminem
1179 423 1300 507 fnisse,
1317 422 1377 514 qui

220 534 304 602 fidem
326 531 514 616 Nioaenam
535 553 604 601 non
626 532 849 622 profiteretur
872 530 936 602 hoo
960 553 1089 616 sensu,
1115 530 1205 623 quod
1229 551 1300 599 una
1314 554 1376 600 nu-

219 665 305 727 nero,
323 663 394 711 non
409 645 528 710 autern
552 640 663 709 solum
686 640 844 731 speoifioe
868 660 939 708 una
960 645 1015 710 eat
1036 639 1208 724 essentia,
1234 644 1374 724 natura,

218 751 402 821 substantia
424 750 501 821 sive
523 749 637 820 deitas
658 748 768 817 trium
792 770 1018 839 personarum
1040 748 1299 818 distinctarum.

269 859 337 929 III.
350 858 477 928 Patres
504 857 663 928 universi
690 856 773 926 fidei
796 857 969 927 Nioaense
992 855 1151 927 vindices
1174 856 1294 927 verbis
1317 855 1377 924 di-

217 967 308 1038 sertis
318 973 356 1036 et
372 966 670 1036 declarationibus
685 964 911 1055 amplissimis
929 987 1032 1034 unam
1055 986 1198 1034 numero
1213 969 1375 1033 naturam

216 1074 379 1146 intribus
399 1073 580 1145 distinctis
594 1075 711 1158 Patre,
732 1072 838 1156 Filio,
858 1071 996 1164 Spiritu
1019 1072 1147 1141 Sanoto
1170 1071 1373 1142 docuerunt.

215 1184 314 1254 llulta
342 1202 433 1276 qnae
455 1182 607 1273 proferri
630 1186 781 1273 possent,
806 1182 842 1249 in
858 1185 971 1271 pauca
995 1178 1251 1250 eontrahemus.

268 1292 311 1361 1·.
324 1292 463 1377 Aiunt,
488 1290 697 1382 mysterium
720 1312 794 1360 esse
818 1312 925 1380 supra
949 1296 1088 1380 eaptum
1118 1288 1289 1359 humanae
1312 1311 1376 1358 ra-

214 1401 307 1471 tionis
322 1453 330 1486 ,
355 1400 448 1493 quod
462 1399 581 1471 eadem
598 1420 731 1468 summa
745 1420 802 1469 res
817 1407 854 1469 et
868 1397 1097 1469 numerabilis
1119 1403 1174 1468 est
1189 1398 1375 1467 seeundum

214 1511 373 1580 rationem
400 1511 635 1601 hypostaseon
658 1514 779 1578 etune
795 1530 864 1579 non
881 1506 1161 1599 multiplioabilis
1187 1506 1375 1577 seeundum

214 1619 372 1687 rationem
396 1614 544 1687 deitatis
568 1637 629 1685 seu
647 1620 806 1686 naturae.
831 1613 944 1707 Atqui
970 1613 1062 1684 nihil
1089 1614 1251 1702 mysterii
1277 1614 1376 1683 ineo

215 1731 318 1810 aret,
345 1723 439 1817 quod
463 1723 575 1793 trium
597 1729 727 1793 natura
755 1724 804 1792 sit
831 1721 989 1812 speoifiee
1013 1742 1106 1810 una;
1135 1750 1151 1785 u
1176 1721 1260 1814 quid
1283 1722 1377 1790 enim

216 1834 345 1902 haberet
364 1831 636 1917 admirationis,
660 1831 779 1924 inquit
796 1830 834 1899 S.
853 1830 1028 1899 Maximus
1045 1834 1150 1918 (sent.
1169 1830 1219 1902 Π.
1238 1831 1280 1901 de
1296 1829 1375 1901 eha-

215 1942 293 2029 rit),
319 1941 352 2011 si
380 1947 422 2010 ut
451 1940 601 2011 hominis
625 1963 702 2010 eum
731 1939 868 2010 homine
886 1941 939 2009 ita
961 1938 1049 2009 Filii
1065 1962 1143 2008 oum
1165 1940 1269 2009 Patre
1286 1945 1377 2011 esset

216 2051 320 2121 unitas
342 2055 381 2121 et
394 2047 524 2118 divisio
538 2048 575 2116 a?
592 2049 710 2142 Neque
726 2071 808 2119 sane
824 2048 909 2119 haee
926 2053 1000 2117 tum
1018 2047 1110 2118 ratio
1125 2047 1288 2138 mysterii
1301 2054 1377 2117 tum

217 2159 357 2230 exclusio
380 2157 516 2228 numeri
532 2158 570 2227 in
585 2164 715 2227 natura
729 2157 837 2227 trium
861 2155 1106 2248 hypostasium
1130 2156 1288 2248 intelligi
1304 2157 1377 2228 ullo

218 2267 301 2337 nodo
332 2270 451 2357 potest
480 2264 550 2335 nisi
579 2265 621 2335 de
653 2267 790 2336 unitate
823 2265 1100 2355 singularitatis.
1129 2294 1145 2329 u
1171 2265 1205 2334 N
1207 2265 1278 2334 ullo
1306 2288 1376 2335 ser·

219 2398 299 2446 none
317 2375 492 2446 deelarari
518 2379 633 2466 potest
648 2374 840 2444 ineffabilis
862 2374 1086 2464 profunditas
1106 2374 1279 2464 mysterii,
1295 2396 1376 2467 quo·

219 2485 301 2555 nodo
323 2506 380 2554 res
403 2485 521 2554 eadem
543 2490 579 2553 at
601 2482 828 2553 numerabilis
852 2488 906 2553 ast
922 2488 958 2552 at
980 2505 1163 2553 numerum
1189 2485 1310 2574 fugit,
1341 2491 1377 2555 et

219 2594 359 2663 oernitur
378 2593 416 2663 in
432 2592 657 2663 distinetione
675 2598 711 2662 et
725 2593 763 2661 in
786 2592 929 2662 monade
953 2590 1185 2682 intelligitur,
1200 2597 1236 2660 et
1251 2591 1375 2661 distin-

219 2701 328 2790 guitur
340 2700 527 2792 hypostasi
546 2706 583 2770 et
596 2723 665 2770 non
678 2700 858 2771 dirimitur
875 2700 1031 2771 subiecto
1055 2688 1110 2788 (tp
1122 2698 1303 2787 ὑποκειμενῳ
1313 2698 1374 2769 i.e.

219 2814 352 2894 natura„
363 2830 451 2901 quae
468 2809 606 2878 subesse
630 2808 825 2898 coneipitur
843 2808 1024 2879 distinctis
1038 2808 1300 2900 hypostasibus,
1316 2831 1377 2877 sau

221 2916 326 2987 nelius
350 2939 427 2987 oum
450 2916 525 2985 illis
547 2915 816 3002 identificatur).
842 2916 950 2985 Porro
973 2916 1067 2985 alius
1090 2922 1145 2993 est
1170 2914 1249 3000 ille,
1276 2914 1376 2986 ouius

220 3029 261 3093 eat
280 3025 432 3094 Verbum
456 3045 496 3094 ao
513 3023 681 3114 Spiritns3
705 3023 765 3092 sed
785 3023 846 3093 ubi
869 3023 905 3091 in
929 3023 985 3091 hia
1011 3024 1207 3115 conceperis
1233 3022 1377 3093 distino-

220 3129 356 3217 tionem,
381 3129 539 3201 vicissim
569 3134 720 3200 naturae
747 3130 868 3199 unitas
894 3129 1118 3221 partitionem
1149 3153 1217 3199 non
1252 3129 1377 3199 admit·

219 3240 284 3307 tit»
310 3239 460 3329 Gregor.
478 3238 587 3329 Nysa.
602 3260 652 3306 or.
673 3237 808 3308 osteeh.
823 3261 853 3307 o.
872 3238 905 3307 3„
922 3238 964 3307 Τ.
978 3238 1028 3306 Π.
1047 3261 1081 3328 p.
1096 3239 1179 3325 481,
1198 3238 1309 3308 Basil.
1335 3239 1378 3308 de

218 3343 343 3436 Spiritu
366 3344 497 3415 Sanoto
513 3367 544 3413 e.
563 3344 618 3413 18.
635 3351 702 3414 eto.
717 3344 845 3414 Adhuo
861 3345 1079 3436 expressius,
1097 3345 1129 3414 si
1147 3345 1224 3414 fieri
1248 3350 1374 3436 potest,

217 3451 288 3526 haee
309 3453 574 3545 praedicantur,
588 3453 727 3546 quando
748 3453 819 3522 iam
843 3453 999 3523 haeresis
1014 3454 1257 3525 tritheitarum
1280 3454 1376 3522 inno·

214 3563 285 3633 tuit.
301 3561 430 3632 hiultis
456 3561 546 3633 hene
568 3561 741 3632 unitatem
762 3563 858 3632 inter
874 3562 963 3630 alios
979 3563 1139 3632 vindieat
1162 3562 1377 3654 Sophronias

213 3669 243 3739 in
262 3695 317 3764 ep.
331 3671 502 3763 synodius
524 3671 617 3745 lecta
639 3670 677 3739 in
693 3667 847 3741 Consilio
861 3672 924 3742 VI.
943 3673 1025 3742 Aet.
1040 3672 1105 3742 XI.
1124 3701 1139 3736 u
1155 3672 1242 3741 Tria
1256 3693 1374 3756 unum,

212 3802 350 3870 quorum
379 3783 434 3848 ast
466 3777 605 3863 deitas,
634 3780 907 3866 annuntiamus,
941 3803 1003 3849 seu
1029 3781 1121 3877 quod
1150 3787 1205 3850 est
1235 3801 1375 3850 secura·

211 3886 274 3957 tius
296 3894 335 3958 et
356 3885 582 3956 manifestius
611 3886 753 3972 dioare,
786 3910 874 3981 quae
902 3888 973 3958 tria
1001 3888 1115 3958 deitas
1146 3894 1230 3958 sunt
1258 3895 1295 3959 st
1323 3911 1375 3959 oo·

209 3999 444 4084 gnosonntur3
474 3994 537 4063 hoo
564 3994 678 4083 ipsum
707 3995 836 4088 quippe
860 4001 897 4066 et
924 4018 1031 4066 unum
1057 4002 1111 4065 est
1141 4002 1177 4067 et
1203 3997 1275 4066 tria
1304 4019 1375 4067 ore·

208 4103 342 4174 ditur...
368 4108 405 4172 et
426 4125 538 4196 neque
561 4126 669 4173 unum
694 4109 867 4196 quatenus
884 4113 1015 4191 unum,
1044 4105 1218 4196 aoeipitur
1233 4112 1276 4175 nt
1291 4106 1375 4190 tria,

205 4234 311 4306 neque
335 4210 420 4283 tria
452 4217 624 4303 quatenus
655 4211 728 4281 tria
759 4219 870 4298 sunt,
911 4214 1081 4284 dieuntur
1113 4238 1247 4299 unum,
1285 4213 1376 4305 quod

205 4343 283 4391 sane
310 4319 473 4391 mirabile
502 4326 557 4391 est
586 4327 622 4390 et
650 4320 742 4392 omni
770 4320 911 4413 plenum
943 4327 1096 4414 stupore.
1128 4322 1259 4391 Eadem
1285 4321 1376 4389 enim

206 4451 258 4498 res
290 4436 328 4499 et
365 4427 593 4499 numerabilis
628 4435 683 4501 est
715 4436 752 4499 et
786 4430 884 4521 fugit
915 4453 1119 4519 numerum
1151 4427 1378 4500 numerabilis
