3172 4950
697 355 735 368 -
760 324 817 384 135
839 355 877 369 -

219 429 301 499 sarii
322 428 603 519 explicationem.
629 427 666 498 S.
692 426 851 516 Cyrillus
874 429 1018 519 probat,
1044 429 1197 499 admissa
1224 430 1367 498 consub-

218 537 434 606 stantialitate
457 537 576 607 Patris
598 542 634 606 ct
655 536 743 608 Filii
765 559 834 604 non
858 558 956 627 posse
985 535 1161 604 numerari
1196 536 1284 604 duas
1308 559 1370 604 ns-

216 653 324 730 turas,
350 645 435 738 quia
456 651 532 714 tum
555 645 695 715 deberet
717 644 858 714 admitti
880 644 1062 714 distinctio
1080 644 1174 714 inter
1191 665 1295 714 unam
1311 665 1371 713 na·

215 759 313 820 turam
335 757 374 822 ct
394 752 566 839 alteram,
591 751 775 823 distinctio
797 774 880 822 vero
903 760 1052 822 naturae
1068 775 1089 820 a
1104 759 1234 822 natura
1249 751 1372 821 divina

214 882 267 928 non
287 868 404 951 posset
426 884 500 931 essa
521 862 592 931 nisi
616 862 825 946 diversitas,
852 866 888 930 et
910 862 962 930 ita
985 885 1054 929 non
1076 862 1146 930 iam
1169 871 1286 931 assent
1308 862 1371 929 Pa·

213 976 255 1037 ter
274 976 310 1037 st
330 969 449 1040 Filius
472 970 810 1056 consubstantiales,
837 970 930 1039 sicut
960 970 1112 1038 admissa
1142 969 1370 1039 distinctione

213 1075 290 1145 inter
312 1085 476 1146 naturam
498 1077 734 1148 universalem
758 1099 862 1146 unam
885 1083 921 1147 et
943 1077 1092 1147 alteram
1114 1077 1152 1145 in
1177 1077 1305 1147 creatis
1329 1100 1370 1145 eo

213 1183 272 1273 ipso
293 1185 438 1275 ponitur
461 1190 668 1255 naturarum
691 1186 893 1256 diversitas.
922 1186 1043 1277 Neque
1066 1184 1157 1255 enim
1180 1190 1296 1276 potest
1317 1185 1371 1253 in·

212 1291 313 1382 elligi
336 1292 411 1362 alia
432 1302 469 1365 ct
490 1295 563 1363 alia
584 1299 713 1364 natura
738 1295 889 1364 humana
906 1293 1128 1379 universalis,
1148 1293 1207 1362 sed
1224 1293 1296 1362 alia
1311 1317 1370 1362 na·

210 1407 279 1468 tura
300 1399 454 1470 bumana
476 1407 514 1470 et
535 1401 608 1470 alia
629 1425 697 1470 non
727 1401 880 1471 humana
902 1425 932 1471 e.
957 1427 992 1491 g.
1011 1400 1190 1487 belluina,
1219 1401 1370 1494 adeoque

211 1506 306 1576 solum
328 1516 479 1579 naturae
501 1510 662 1580 diversae
684 1511 967 1600 distinguuntur,
988 1532 1074 1603 quae
1098 1509 1228 1579 habent
1250 1511 1370 1580 defini-

210 1614 307 1685 tiones
329 1617 501 1687 divcrsas.
532 1618 603 1687 uSi
628 1640 697 1688 una
720 1625 774 1688 ost
797 1618 916 1687 Patris
939 1625 1078 1702 natura,
1097 1624 1134 1686 et
1156 1619 1284 1687 iterum
1301 1639 1371 1685 una

212 1722 269 1790 alia
289 1731 429 1814 praetor
452 1725 552 1794 illam
568 1733 697 1796 natura
712 1725 811 1811 Filii,
831 1749 942 1795 nonne
958 1748 1096 1796 necasse
1113 1725 1183 1795 erit
1197 1726 1367 1794 rationem

212 1831 415 1921 excogitare,
442 1855 530 1925 quac
554 1834 693 1903 dividat
715 1840 752 1902 st
775 1840 913 1924 separet
935 1834 1021 1902 duos
1044 1834 1138 1903 inter
1162 1856 1198 1902 se
1221 1839 1369 1902 naturae

213 1937 408 2032 inaequalis?
425 1942 503 2012 Non
517 1942 610 2011 enim
625 1942 721 2028 licet,
734 1941 840 2011 otiam
853 1942 890 2011 in
903 1942 1102 2012 hominibus
1119 1964 1224 2012 unam
1239 1948 1275 2011 et
1290 1964 1370 2011 ean-

214 2044 273 2115 lcm
284 2050 494 2120 habentibus
508 2051 677 2121 rationem
690 2051 1082 2137 consubstantialitatis,
1097 2050 1203 2119 aliam
1215 2056 1252 2120 et
1262 2049 1369 2118 aliam

214 2156 383 2226 essentiam
406 2157 521 2227 dicero
544 2166 581 2227 ot
603 2157 757 2247 singulis
781 2159 1015 2228 existentibus
1038 2158 1191 2250 aliquam
1213 2158 1371 2249 particu-

217 2261 305 2332 larem
339 2264 577 2334 definitionem
608 2267 764 2336 tribuere
800 2268 912 2358 quoad
934 2289 998 2352 ea,
1026 2273 1222 2359 quaesunt
1248 2267 1370 2336 multis

217 2372 399 2441 communia.
419 2373 460 2442 Si
482 2373 574 2442 enim
589 2371 654 2443 hoc
672 2373 843 2443 faciamus
858 2380 894 2442 et
908 2374 1114 2443 inducamus
1129 2374 1284 2467 aliquam
1303 2373 1370 2442 dif-

217 2476 381 2549 ferentiam
404 2480 637 2550 necessariam
671 2481 766 2551 inter
793 2504 897 2551 unam
920 2489 957 2552 st
979 2481 1085 2551 aliam
1109 2481 1294 2551 essentiam
1318 2481 1369 2568 (si

217 2581 449 2657 humanitatem
473 2588 511 2655 in
540 2589 717 2659 abstracto
747 2596 918 2679 sumptam
947 2611 1165 2659 numeremus
1193 2588 1299 2656 aliam
1329 2577 1366 2656 et

217 2690 327 2780 sliam),
352 2695 391 2763 in
413 2694 566 2764 nihilum
588 2695 701 2765 abibit
732 2695 933 2767 universale
957 2725 973 2758 n
999 2696 1127 2786 cyrill.
1154 2695 1239 2766 dial.
1271 2695 1301 2763 Ι.
1329 2695 1371 2764 de

218 2797 398 2873 binuv.
409 2802 449 2871 P.
464 2803 494 2870 I.
501 2826 535 2894 p.
546 2803 625 2872 409.
641 2805 687 2873 cf.
698 2803 735 2872 in
747 2803 844 2873 Ios.
855 2805 919 2873 IV.
931 2829 965 2895 p.
982 2804 1059 2891 7983
1073 2803 1368 2874 DamascenFid.

218 2908 332 2980 cabod.
346 2911 374 2979 1.
388 2910 459 2980 111.
478 2934 508 2981 c.
527 2912 560 2980 6.

263 3017 310 3087 3¹⁰.
335 3019 523 3105 Platonici,
550 3043 637 3112 quos
659 3043 701 3090 ex
727 3021 958 3090 Scholasticis
980 3021 1094 3115 aliqui
1118 3021 1291 3092 Scotistae
1319 3024 1382 3090 sc·⁴

216 3124 270 3192 cuti
291 3133 387 3214 sunt,
405 3128 606 3198 universale
630 3130 721 3222 quod
754 3137 866 3199 mente
891 3131 1087 3221 concipitur
1109 3137 1145 3205 ct
1167 3130 1369 3200 definitione

214 3236 421 3322 umeiatur,
447 3238 621 3327 ponebant
643 3238 709 3305 sub
733 3239 874 3306 formali
902 3238 1037 3308 ratione
1069 3238 1284 3309 universalis
1308 3239 1367 3306 hs·

214 3338 272 3412 bare
294 3345 503 3414 obiectivam
527 3344 655 3414 realem
679 3346 915 3416 existentiam.
936 3348 1036 3417 Unde
1052 3370 1262 3441 consequens
1278 3352 1366 3431 erat,

213 3445 378 3522 humanam
401 3460 564 3523 naturam
590 3460 762 3546 quatenus
774 3462 829 3524 est
844 3455 1069 3540 universalis,
1089 3456 1125 3524 h.
1142 3480 1170 3524 e.
1191 3456 1301 3546 ipsam
1317 3477 1369 3523 es·

211 3561 339 3630 tentiam
362 3561 577 3652 praecisione
601 3565 695 3632 facta
718 3565 762 3631 ab
786 3564 944 3632 omnibus
967 3563 1240 3655 particularibus
1264 3553 1368 3632 etin·

211 3661 462 3737 dividuantibus
484 3669 578 3738 notis
594 3691 681 3762 quae
700 3669 944 3761 concipiantur
969 3670 1069 3740 velut
1090 3693 1166 3740 eam
1183 3670 1317 3739 afficere
1332 3676 1369 3740 et

210 3772 498 3863 circumscribere,
524 3799 664 3847 numero
697 3801 800 3847 unam
826 3801 900 3848 essa
925 3779 961 3847 in
988 3778 1146 3847 omnibus
1171 3778 1367 3847 hominibus

208 3883 333 3954 naliter
355 3883 562 3954 existentem
586 3908 654 3954 non
678 3909 789 3970 secus,
816 3908 856 3955 ac
874 3892 988 3955 menta
1006 3887 1201 3977 concipitur
1217 3888 1281 3954 sub
1297 3886 1366 3955 for·

207 3990 273 4059 mli
293 3991 433 4062 ratione
450 3991 663 4063 universalis
680 3998 722 4062 ut
739 4015 809 4062 una
823 4017 893 4061 non
911 3992 1193 4084 multiplicabilis
1211 4000 1247 4063 ct
1261 3993 1366 4062 omni·

207 4093 256 4168 bus
276 4099 477 4170 bominibus
492 4101 694 4171 communis.
713 4101 815 4171 Sicut
837 4101 951 4192 igitur
968 4107 1153 4192 conceptus
1168 4103 1367 4170 abstractus

205 4202 337 4276 leminis
359 4231 427 4278 non
450 4198 631 4297 astallus,
657 4211 689 4279 si
712 4211 845 4279 dicitur
868 4211 910 4279 de
933 4211 1039 4280 Petro
1062 4215 1098 4278 ct
1122 4210 1152 4278 si
1168 4209 1301 4279 dicitur
1324 4206 1365 4274 de

204 4309 310 4403 Paulo,
335 4323 374 4389 et
396 4340 465 4388 non
488 4324 572 4388 sunt
594 4318 682 4388 duae
699 4318 857 4389 notiones
874 4319 933 4387 sed
956 4340 1027 4387 una
1051 4317 1188 4386 omniuo
1211 4322 1265 4385 est
1281 4315 1365 4384 haec

203 4422 284 4493 notio
306 4426 533 4511 universalis,
551 4418 604 4497 ita
619 4427 801 4520 supposita
816 4426 881 4496 illa
897 4426 1071 4500 obiectiva
1085 4424 1273 4496 existentia
1288 4423 1365 4492 uni-
