3172 4950
561 392 599 405 -
620 358 681 420 390
702 392 740 405 -

71 474 106 535 et
128 464 317 535 communis
340 463 466 546 tribus,
486 462 546 530 sed
558 468 728 551 processio
743 490 805 553 per
820 464 957 531 modum
974 469 1203 539 sanctitutioio

71 574 237 658 claretur3
265 572 354 638 unde
376 570 480 639 etiam
506 571 571 640 hoc
595 596 698 641 sensu
714 573 838 643 Patres
859 575 1061 667 frequenter
1075 578 1204 647 aneon

70 688 138 749 tem
161 678 217 748 vel
242 678 409 747 virtutem
435 678 742 747 sanctificatricem
766 679 892 750 dicunt
907 684 1087 772 proprium
1102 684 1205 754 chorso

70 796 176 857 terem
199 787 327 855 tertiae
359 808 524 875 personae
552 788 744 873 (Basilius,
770 788 954 879 Cyrinus,
983 792 1204 875 Damascenis,

69 894 293 985 Augustinus
316 901 381 963 etc.
409 895 490 964 vide
512 896 635 963 Petav.
655 895 680 963 l.
703 895 753 965 II.
771 920 800 966 o.
825 897 879 965 15.
899 923 935 967 ιι.
958 899 1004 986 2;
1027 900 1108 968 VII.
1127 924 1151 970 c.
1168 900 1204 967 12.

68 1030 104 1075 n.
119 1006 174 1091 11;
193 1028 223 1074 c.
241 1003 295 1070 13.
310 1026 345 1071 ιι.
360 1002 417 1071 21.
434 1003 489 1071 22.
507 1005 553 1072 cf.
569 1004 594 1071 l.
611 1004 712 1073 VIII.
733 1029 762 1073 c.
779 1008 812 1073 6.
828 1030 863 1073 ιι.
879 1007 927 1092 7).
941 1007 1206 1077 Formalisautou

69 1115 159 1183 ratio
182 1112 382 1181 sanctitatis
406 1110 548 1180 divinae.
583 1120 637 1181 est
670 1114 832 1182 infinitus
868 1137 965 1184 amor
995 1115 1075 1184 boui
1108 1114 1206 1184 infiniti

68 1222 153 1311 (rid.
170 1219 289 1289 Tract.
305 1222 345 1290 de
359 1222 456 1306 Deo);
484 1221 575 1290 unde
598 1222 772 1311 processio
794 1246 855 1315 per
878 1224 1018 1292 modum
1042 1222 1206 1294 sanctitutis

68 1330 157 1401 idem
181 1328 278 1397 valet
299 1351 340 1397 ec
364 1328 537 1417 processio
561 1352 622 1418 per
645 1352 807 1397 amorem.

131 1438 163 1505 2⁹
185 1437 388 1505 Doctrinam
406 1436 668 1527 Scripturarnm
692 1437 729 1504 iu
752 1436 845 1507 hunc
868 1461 1021 1522 sensum,
1040 1463 1135 1531 quem
1148 1438 1205 1507 diei·

68 1568 155 1630 mus,
171 1544 434 1627 intellexerunt,
450 1542 514 1611 SS.
526 1543 651 1612 Patres
663 1552 699 1613 et
710 1544 989 1614 luculentissime
1004 1547 1202 1627 declararunt.

68 1662 107 1723 ut
130 1654 161 1721 si
185 1652 269 1744 quid
293 1658 448 1719 maneret
478 1649 597 1735 dubii,
623 1651 660 1720 id
691 1675 788 1720 omne
819 1653 966 1722 Patrum
998 1652 1204 1746 interpretatio

66 1760 277 1831 excluderet.

132 1870 221 1939 Nam
247 1872 282 1955 a)
306 1868 600 1957 descriptionibus
623 1875 699 1936 tum
724 1893 786 1959 per
808 1870 916 1938 verba
931 1872 1077 1963 propria
1091 1880 1203 1960 tuupu

68 1977 287 2067 metaphoras
310 1975 511 2065 aptissimas
534 1975 717 2044 declarant
739 1978 914 2045 notionem
931 1976 1090 2067 Spiritus
1105 1976 1200 2057 Sancti,

66 2086 156 2179 quod
180 2092 234 2153 est
258 2084 440 2168 sanctitas,
468 2083 641 2169 suavitas,
667 2085 816 2153 bouitas.
846 2116 862 2149 u
877 2084 1047 2176 Spiritus,
1065 2084 1201 2156 citatu-

67 2194 199 2277 nusius‚
227 2198 443 2283 unguentum
466 2198 502 2259 et
525 2191 684 2281 sigillum
708 2199 773 2273 est,
800 2194 837 2261 iu
862 2216 930 2285 quo
954 2195 1069 2264 omnia
1088 2194 1201 2285 uugitot

66 2304 186 2393 signat
210 2302 418 2369 Verbum...
436 2300 663 2389 Unguentum
688 2301 826 2393 quidem
855 2300 988 2368 odorem
1016 2320 1049 2369 et
1070 2306 1201 2393 sroprm·

67 2414 152 2477 tium
180 2402 324 2495 (inciam
347 2434 398 2471 και
416 2404 524 2489 nocuo)
554 2410 722 2497 ungentis
750 2409 935 2479 retinet...
958 2412 1201 2501 Unguentumei

66 2518 225 2607 sigillum
247 2540 314 2585 non
340 2522 476 2586 creatae
494 2516 553 2584 sed
569 2525 718 2585 naturae
734 2516 821 2585 Filii
837 2523 903 2601 est,
922 2520 984 2609 qui
1004 2544 1066 2588 nos
1087 2542 1140 2609 per
1152 2512 1200 2605 Spi-

66 2626 192 2709 ritmo,
219 2627 279 2717 qui
304 2625 340 2691 iu
364 2626 440 2714 ipso
463 2630 535 2705 est,
561 2623 662 2691 Patri
691 2624 905 2715 coniungite
932 2628 1020 2695 Atb.
1050 2628 1094 2695 ad
1115 2625 1199 2711 Seru.

66 2756 119 2821 ep.
135 2732 165 2801 I.
181 2756 216 2799 n.
231 2732 287 2799 ⁴23.
303 2732 359 2799 24.
374 2731 484 2798 Paulo
501 2730 630 2799 inflexa
646 2731 775 2821 repetit
791 2732 909 2801 eadem
926 2755 981 2823 ep.
999 2733 1068 2803 111.
1086 2736 1200 2803 Rumon

69 2876 83 2903 a
99 2840 163 2907 hoc
196 2846 413 2926 unguentum
438 2837 617 2927 (Spiritus
641 2837 816 2924 Sanctus)
840 2848 895 2908 est
920 2841 1128 2929 fragrantia
1147 2846 1200 2927 (seu

66 2946 254 3037 spiramen)
277 2944 369 3013 Filii
392 2944 436 3031 (rc
454 2970 570 3038 χρισμιι
588 2968 671 3009 :cute
696 2970 768 3015 maen
792 2942 854 3012 ἐστι
878 2970 928 3012 τευ
945 2942 1200 3027 uteo)....1nui·

66 3059 178 3127 nitate
212 3056 421 3148 precabatur
455 3058 648 3146 Apostolus
682 3056 741 3144 (2.
772 3056 850 3124 Cor.
875 3056 985 3125 XIII.
1012 3058 1093 3143 13):
1118 3049 1200 3147 gratie

66 3168 108 3233 D.
127 3166 171 3234 N.
190 3165 221 3233 I.
240 3166 277 3233 C.
297 3171 333 3232 et
355 3164 512 3233 charitas
526 3166 592 3234 Dei
607 3173 643 3234 et
658 3165 924 3234 communicatio
941 3164 1064 3236 Sancti
1086 3164 1200 3255 Spiritu

66 3274 114 3341 sit·
130 3295 207 3342 curn
224 3272 382 3340 omnibus
399 3274 510 3341 vobis.
525 3274 613 3343 Nam
630 3298 705 3341 cunr
726 3273 916 3363 participes
935 3296 1057 3342 sumus
1072 3270 1199 3363 Spiritu.

67 3380 173 3449 Verbi
208 3381 360 3471 gratiam
395 3379 584 3463 habemus,
610 3390 646 3450 et
668 3382 705 3448 iu
735 3382 811 3471 ipso
843 3381 963 3449 Patris
997 3382 1198 3450 charitatem-¹

65 3490 112 3559 ib.
132 3515 167 3559 u.
186 3490 219 3558 3.
240 3490 273 3557 6.
294 3488 375 3559 Sine
400 3489 611 3579 metaphoris
635 3489 762 3581 quibus
786 3487 843 3557 hic
867 3491 984 3557 utitur
1007 3482 1198 3558 Athanasio

65 3597 221 3691 loquitur
252 3598 344 3666 alter
376 3598 527 3686 insignis
559 3619 681 3687 praeeo
713 3596 869 3687 Spiritus
903 3596 1028 3667 Sancti
1059 3593 1198 3665 Basilio*

68 3707 159 3773 ovia
189 3707 234 3775 ad
259 3706 323 3775 Dei
346 3705 581 3795 cognitionem
604 3710 657 3771 est
688 3705 731 3771 ab
764 3728 831 3773 nno
863 3703 1001 3794 Spiritu
1038 3729 1099 3796 per
1128 3714 1200 3769 unul!

65 3813 197 3882 Filium
221 3813 265 3881 ad
289 3836 395 3880 unum
420 3813 569 3880 Patrem.
596 3812 644 3880 Et
668 3812 788 3881 ordine
811 3811 970 3901 opposito
995 3803 1200 3879 putreruliolo·

66 3923 161 3987 nitus
185 3936 216 3987 et
240 3919 434 3986 essentialis
456 3920 685 3984 sanctimonia
703 3926 738 3986 et
756 3918 888 4006 regalis
903 3917 1063 4006 dignitas
1078 3941 1116 3986 ex
1130 3916 1202 3983 Peto

66 4050 126 4118 per
149 4026 377 4116 Unigenitum
401 4026 437 4092 in
463 4026 634 4115 Spiritum
663 4032 874 4114 permaneto
900 4024 1011 4093 Basil.
1039 4025 1079 4094 de
1101 4016 1203 4112 Spiritu

65 4136 193 4205 Sancto
216 4160 251 4204 n.
271 4136 329 4204 47.
351 4133 539 4225 «Spiritus
562 4132 713 4203 Sanctus
745 4158 821 4203 cum
854 4134 1083 4199 essentialiter
1103 4138 1204 4198 saneto

64 4248 124 4325 ait,
145 4244 232 4333 fona
256 4244 456 4333 appellatur
479 4245 709 4309 sanctitatis»
728 4242 776 4310 id.
795 4264 850 4331 ep.
871 4242 903 4307 8.
923 4266 959 4309 ιι.
979 4242 1035 4309 10.
1057 4272 1073 4305 α
1087 4238 1161 4308 Sive
1172 4228 1205 4301 li·

65 4354 160 4423 reris
182 4352 326 4443 angelos
350 4351 424 4419 sive
448 4349 678 4440 archangelos
709 4350 784 4418 sive
816 4348 982 4418 coelestes
1004 4372 1117 4419 omncs
1139 4348 1205 4436 poto·

65 4468 187 4547 etates,
213 4483 275 4553 per
297 4458 471 4552 Spiritum
487 4458 754 4527 sanctimoniam
777 4457 978 4547 accipiuut;
1003 4456 1154 4548 Spiritus
1166 4468 1206 4517 oo·
