3172 4950
266 340 269 345 ,
706 318 743 332 -
768 287 826 347 132
845 319 883 332 -

208 391 366 462 deitatis.
380 390 499 483 Neque
521 390 611 460 enim
635 389 750 461 Filius
773 399 827 461 est
849 393 966 477 Pater,
980 414 1060 460 nam
1085 415 1178 462 unus
1192 392 1311 480 Pater,
1326 403 1376 465 ts·

209 522 285 568 men
308 498 424 568 Filius
446 505 501 568 est
522 499 558 568 id
582 498 673 590 quod
696 500 812 585 Pater3
831 522 893 569 nec
910 499 1067 593 Spiritus
1079 506 1134 570 est
1148 501 1279 587 Filius,
1297 503 1380 595 quis

208 630 249 677 ex
273 607 345 676 Deo
367 613 432 690 est,
458 628 537 675 nam
561 629 651 676 unus
674 608 904 697 unigenitus,
936 613 1052 678 tamen
1076 609 1235 701 Spiritus
1265 611 1379 681 estid

208 715 299 808 quod
321 713 461 784 Filius:
486 719 559 783 tres
582 721 665 783 sunt
687 737 794 783 unum
818 715 973 801 deitate,
998 739 1105 786 unum
1128 723 1202 786 tres
1224 717 1380 809 proprie·

207 824 341 892 tatibus
360 851 375 884 n
402 823 453 910 (1)
476 822 644 893 Nazianz.
671 845 721 892 or.
744 821 800 890 al.
823 822 885 910 (al.
904 822 977 909 37.)
996 847 1031 892 n.
1054 823 1088 891 9.
1106 823 1198 893 Vide
1221 827 1380 914 geminas

208 928 363 1020 plurium
387 930 531 997 Petrum
555 927 807 998 declarationes
830 952 934 1019 penes
956 931 1078 1000 Petav.
1096 930 1122 998 l.
1137 930 1202 1000 IV.
1215 955 1247 1002 o.
1264 932 1320 1001 10.

276 1037 446 1106 Scholion.
477 1037 624 1122 Quando
648 1038 770 1106 Patres
793 1037 913 1124 iidem,
939 1039 1000 1130 qui
1030 1045 1192 1107 naturam
1222 1040 1380 1110 divinam

210 1166 312 1214 unam
347 1164 489 1214 numero
512 1143 549 1210 in
578 1142 693 1211 tribus
728 1145 884 1232 personis
915 1149 987 1211 tam
1018 1143 1209 1233 multiplici
1244 1145 1380 1215 ratione

208 1257 376 1336 tuentur,
401 1249 667 1341 explicationem
691 1250 853 1338 mysterii
876 1259 1030 1341 repetere
1053 1251 1222 1322 videntur
1246 1273 1290 1321 ex
1304 1252 1379 1321 uni·

208 1368 281 1430 tate
311 1366 459 1428 naturae
494 1357 664 1426 hnmanae
692 1357 729 1425 in
764 1357 925 1448 pluribus
948 1359 1168 1444 hominibus,
1194 1359 1283 1430 haec
1305 1359 1379 1430 sive

208 1467 419 1558 comparatio
443 1465 518 1533 sive
538 1463 738 1560 declaratio¹
750 1488 819 1533 non
842 1466 969 1557 ubique
985 1466 1100 1536 eodem
1124 1489 1229 1536 sensu
1245 1467 1379 1537 sedtri·

208 1575 291 1667 plici
315 1575 412 1644 modo
435 1573 575 1642 diverso
598 1574 640 1640 ab
663 1573 714 1641 eis
737 1573 952 1644 instituitur.

276 1684 318 1750 1·.
336 1679 632 1772 Frequentissime
648 1702 716 1747 non
731 1679 861 1749 habent
875 1680 1073 1751 immediate
1090 1685 1310 1773 propositum
1325 1685 1379 1755 de·

209 1792 343 1861 clarere
362 1841 370 1874 ,
398 1788 513 1881 qualis
536 1789 585 1856 sit
602 1789 719 1857 unitas
735 1788 876 1858 divinae
891 1794 1050 1875 naturae,
1070 1791 1130 1859 sed
1145 1790 1312 1864 exhibere
1326 1815 1378 1862 ra·

208 1901 337 1968 tionem
361 1896 594 1966 universalem
617 1903 767 1966 naturus
791 1919 832 1968 ac
856 1897 1104 1988 hypostaseos,
1130 1920 1235 1990 quam
1259 1900 1380 1972 deinde

208 2006 385 2097 applicent
406 2003 586 2094 analogice
610 2005 653 2074 ad
677 2011 838 2074 naturam
862 2012 898 2075 et
919 2004 1137 2096 hypostasim
1162 2007 1381 2095 divinam,et

208 2135 251 2182 ex
275 2135 344 2204 qna
371 2111 577 2196 ostendant,
604 2135 666 2180 cur
689 2118 725 2180 et
747 2111 913 2203 quomodo
930 2118 1088 2203 oporteat
1102 2114 1240 2183 ratione
1257 2114 1380 2185 distin·

209 2243 316 2313 guere
337 2220 430 2288 inter
453 2225 615 2288 naturam
639 2227 676 2288 et
698 2218 928 2310 hypostasim.
955 2220 1134 2289 Haeretici
1156 2221 1379 2292 scilicetuni·

210 2328 305 2399 versi
328 2334 400 2396 tam
423 2326 663 2396 monarchiani
686 2349 789 2417 quam
811 2326 940 2395 Ariani
959 2331 995 2395 et
1020 2326 1204 2398 tritheitae
1220 2327 1317 2398 nihil
1331 2329 1380 2400 di·

209 2437 429 2526 stinguentes
454 2436 545 2504 inter
561 2434 742 2518 rationem,
763 2433 950 2502 secundum
974 2455 1076 2526 quam
1101 2434 1236 2506 dicitur
1252 2444 1379 2507 natura

209 2551 246 2614 et
267 2543 454 2613 secundum
478 2564 581 2635 quam
605 2541 736 2611 dicitur
751 2541 970 2632 hypostasis,
990 2540 1054 2612 hoc
1069 2542 1146 2633 ipso
1163 2544 1381 2616 affirmabant

210 2658 265 2721 tot
286 2672 419 2741 semper
442 2672 515 2718 esse
538 2653 685 2717 naturas
708 2647 917 2732 distinctas,
943 2657 1029 2739 quot
1056 2649 1129 2717 sint
1159 2649 1378 2742 hypostases.

210 2760 308 2830 Unde
332 2757 389 2827 vel
412 2757 616 2826 insistentes
639 2756 815 2825 revelatae
839 2757 1009 2840 veritati,
1036 2779 1142 2825 unum
1173 2781 1250 2829 esse
1272 2761 1381 2831 Deum

211 2889 381 2960 unamque
404 2866 561 2934 divinam
584 2872 770 2950 naturam,
796 2866 929 2956 pariter
953 2868 1172 2936 affirmabant
1187 2890 1293 2937 unam
1310 2892 1383 2939 esse

211 2975 441 3067 hypostasim,
473 2995 560 3066 quae
587 2975 703 3044 eadam
728 2976 844 3044 tribus
871 2975 1068 3045 nominibus
1090 2977 1214 3062 Pater,
1241 2977 1380 3062 Filius,

212 3084 368 3174 Spiritus
403 3084 553 3152 Sanctus
588 3083 775 3152 secundum
812 3082 971 3152 diversas
1005 3083 1307 3154 manifestationes
1339 3086 1385 3155 sd

211 3196 311 3259 extra
334 3190 561 3279 designetur3
592 3188 648 3259 vel
671 3190 827 3260 vicissim
855 3191 1047 3260 retinentes
1071 3191 1256 3261 veritatem
1288 3216 1385 3263 reve·

213 3301 320 3367 latam
347 3297 456 3366 trium
487 3297 732 3367 distinctarum
765 3297 997 3389 hypostaseon
1029 3305 1102 3368 tres
1125 3300 1232 3369 stiam
1255 3323 1385 3372 assem·

213 3410 298 3477 bant
330 3414 489 3475 naturas.
526 3407 599 3474 Hoc
634 3404 783 3476 alterum
818 3412 933 3476 autem
967 3407 1204 3478 instituebant
1235 3409 1384 3501 duplici·

212 3521 289 3599 ter,
316 3513 374 3584 vel
397 3512 631 3599 itascilicet,
658 3522 699 3582 ut
722 3513 826 3582 simul
850 3514 986 3582 salvum
1011 3515 1143 3585 vellent
1158 3516 1285 3606 dogma
1308 3517 1381 3587 uni·

212 3624 300 3694 tatis
321 3621 410 3706 Dei,
436 3629 509 3691 tum
535 3645 617 3693 vero
640 3645 743 3692 unam
767 3623 862 3693 sicut
892 3619 1055 3693 naturam
1083 3625 1135 3693 ita
1165 3624 1381 3718 hypostasim

213 3733 369 3802 divinam
391 3732 626 3801 admittebant
647 3733 756 3802 Deum
779 3735 939 3820 Patrem,
965 3733 1184 3826 hypostasim
1206 3742 1378 3805 usturam·

213 3865 279 3935 que
302 3839 388 3908 Filii
411 3847 446 3911 et
469 3838 770 3931 Spiritus-Sancti
793 3843 830 3910 in
853 3842 1008 3912 ordinem
1032 3850 1274 3913 creaturarum
1296 3843 1379 3914 redi·

215 3953 336 4038 gentes
350 3971 358 4035 3
386 3947 443 4016 vel
465 3946 531 4032 ita,
549 3953 591 4015 ut
606 3946 731 4038 dogma
746 3948 949 4018 divinitatis
966 3949 1052 4018 Filii
1074 3955 1111 4019 et
1127 3949 1284 4040 Spiritus
1301 3950 1378 4020 San·

215 4053 264 4123 oti
288 4059 559 4140 conservarent,
586 4060 661 4123 tum
684 4075 726 4122 ex
750 4055 825 4144 ipso
857 4054 1031 4146 principio
1064 4055 1306 4147 philosophico
1335 4056 1380 4126 eis

279 4222 358 4273 ¹(lore
381 4240 434 4287 γαρ
456 4217 468 4270 o'
492 4218 547 4277 ύιος
568 4238 662 4289 πατήρ,
691 4219 727 4280 ὄις
753 4241 806 4290 γαρ
827 4239 921 4291 serap,
949 4220 1011 4274 ἀλλ’
1037 4221 1100 4291 u'aesp
1120 4221 1133 4272 ό
1153 4236 1248 4291 semp·
1271 4221 1332 4274 dors
1356 4240 1381 4272 ro

214 4329 275 4362 πνιυ
336 4308 375 4361 rho
392 4348 399 4371 ,
417 4307 456 4359 ότι
478 4307 505 4359 ix
521 4326 565 4360 roo
580 4306 651 4370 Secu,
676 4307 711 4369 ἑις
733 4330 787 4379 γαρ
808 4307 822 4360 o‘
841 4329 995 4380 μονογινης,
1015 4310 1077 4362 ἀλλ’
1099 4309 1163 4381 ὅπερ
1184 4309 1197 4364 o'
1219 4309 1282 4372 ιῖιος·
1306 4309 1331 4363 iv
1353 4331 1383 4364 rs
