<?xml version="1.0" encoding="UTF-8"?>
<!DOCTYPE html PUBLIC "-//W3C//DTD XHTML 1.0 Transitional//EN"
    "http://www.w3.org/TR/xhtml1/DTD/xhtml1-transitional.dtd">
<html xmlns="http://www.w3.org/1999/xhtml" xml:lang="en" lang="en">
 <head>
  <title>
</title>
<meta http-equiv="Content-Type" content="text/html;charset=utf-8" />
  <meta name='ocr-system' content='tesseract 3.04.00' />
  <meta name='ocr-capabilities' content='ocr_page ocr_carea ocr_par ocr_line ocrx_word'/>
</head>
<body>
  <div class='ocr_page' id='page_1' title='image "./tractatusdedeot00frangoog/tractatusdedeot00frangoog_0431.png"; bbox 0 0 3180 4944; ppageno 0'>
   <div class='ocr_carea' id='block_1_1' title="bbox 275 291 1590 4365">
    <p class='ocr_par' dir='ltr' id='par_1_1' title="bbox 330 291 1555 686">
     <span class='ocr_line' id='line_1_1' title="bbox 831 291 1011 357; baseline 0 -15"><span class='ocrx_word' id='word_1_1' title='bbox 831 323 870 342; x_wconf 89' lang='lat'>-</span> <span class='ocrx_word' id='word_1_2' title='bbox 891 291 953 357; x_wconf 72' lang='lat'>420</span> <span class='ocrx_word' id='word_1_3' title='bbox 972 323 1011 342; x_wconf 89' lang='lat'>-</span> 
     </span>
     <span class='ocr_line' id='line_1_2' title="bbox 330 395 1555 493; baseline 0 -25"><span class='ocrx_word' id='word_1_4' title='bbox 330 422 398 493; x_wconf 89' lang='lat' dir='ltr'>quo</span> <span class='ocrx_word' id='word_1_5' title='bbox 422 406 579 491; x_wconf 86' lang='lat' dir='ltr'>apparet,</span> <span class='ocrx_word' id='word_1_6' title='bbox 606 399 696 493; x_wconf 90' lang='lat' dir='ltr'>quod</span> <span class='ocrx_word' id='word_1_7' title='bbox 720 421 788 467; x_wconf 90' lang='lat' dir='ltr'>non</span> <span class='ocrx_word' id='word_1_8' title='bbox 810 404 904 468; x_wconf 88' lang='lat' dir='ltr'>asset</span> <span class='ocrx_word' id='word_1_9' title='bbox 918 398 1024 468; x_wconf 85' lang='lat' dir='ltr'>Pater</span> <span class='ocrx_word' id='word_1_10' title='bbox 1039 397 1133 468; x_wconf 87' lang='lat' dir='ltr'>Deus</span> <span class='ocrx_word' id='word_1_11' title='bbox 1152 397 1343 490; x_wconf 79' lang='lat' dir='ltr'>perfectus,</span> <span class='ocrx_word' id='word_1_12' title='bbox 1360 395 1431 468; x_wconf 88' lang='lat' dir='ltr'>nisi</span> <span class='ocrx_word' id='word_1_13' title='bbox 1446 396 1495 477; x_wconf 70' lang='lat'>1³·</span> <span class='ocrx_word' id='word_1_14' title='bbox 1500 414 1555 481; x_wconf 71' lang='lat'>1·-</span> 
     </span>
     <span class='ocr_line' id='line_1_3' title="bbox 330 503 1544 598; baseline -0.002 -22"><span class='ocrx_word' id='word_1_15' title='bbox 330 507 419 577; x_wconf 87' lang='lat' dir='ltr'>lium</span> <span class='ocrx_word' id='word_1_16' title='bbox 447 514 483 577; x_wconf 86' lang='lat' dir='ltr'>et</span> <span class='ocrx_word' id='word_1_17' title='bbox 514 506 688 598; x_wconf 88' lang='lat' dir='ltr'>Spiritum</span> <span class='ocrx_word' id='word_1_18' title='bbox 718 507 885 577; x_wconf 84' lang='lat' dir='ltr'>Sanctum</span> <span class='ocrx_word' id='word_1_19' title='bbox 916 507 1060 576; x_wconf 88' lang='lat' dir='ltr'>haberat</span> <span class='ocrx_word' id='word_1_20' title='bbox 1076 533 1093 570; x_wconf 80' lang='lat' dir='ltr'>r</span> <span class='ocrx_word' id='word_1_21' title='bbox 1111 506 1166 575; x_wconf 90' lang='lat' dir='ltr'>Id.</span> <span class='ocrx_word' id='word_1_22' title='bbox 1196 526 1319 596; x_wconf 83' lang='lat' dir='ltr'>opusc.</span> <span class='ocrx_word' id='word_1_23' title='bbox 1343 503 1375 575; x_wconf 89' lang='lat' dir='ltr'>I.</span> <span class='ocrx_word' id='word_1_24' title='bbox 1392 520 1544 586; x_wconf 76' lang='lat' dir='ltr'>contr.</span> 
     </span>
     <span class='ocr_line' id='line_1_4' title="bbox 330 613 831 686; baseline -0.01 0"><span class='ocrx_word' id='word_1_25' title='bbox 330 636 439 686; x_wconf 86' lang='lat' dir='ltr'>crrcr.</span> <span class='ocrx_word' id='word_1_26' title='bbox 459 613 584 683; x_wconf 85' lang='lat' dir='ltr'>Graec.</span> <span class='ocrx_word' id='word_1_27' title='bbox 603 638 633 683; x_wconf 92' lang='lat' dir='ltr'>c.</span> <span class='ocrx_word' id='word_1_28' title='bbox 653 616 685 683; x_wconf 86' lang='lat'>7.</span> <span class='ocrx_word' id='word_1_29' title='bbox 827 644 831 651; x_wconf 92' lang='lat'>·</span> 
     </span>
    </p>

    <p class='ocr_par' dir='ltr' id='par_1_2' title="bbox 331 719 1567 1675">
     <span class='ocr_line' id='line_1_5' title="bbox 398 719 1542 813; baseline 0.002 -20"><span class='ocrx_word' id='word_1_30' title='bbox 398 726 449 793; x_wconf 84' lang='lat' dir='ltr'>At</span> <span class='ocrx_word' id='word_1_31' title='bbox 472 724 556 792; x_wconf 90' lang='lat' dir='ltr'>haec</span> <span class='ocrx_word' id='word_1_32' title='bbox 579 723 691 812; x_wconf 80' lang='lat' dir='ltr'>accipi</span> <span class='ocrx_word' id='word_1_33' title='bbox 708 727 855 813; x_wconf 86' lang='lat' dir='ltr'>possunt</span> <span class='ocrx_word' id='word_1_34' title='bbox 869 720 1002 812; x_wconf 78' lang='lat' dir='ltr'><strong>duplici</strong></span> <span class='ocrx_word' id='word_1_35' title='bbox 1019 720 1159 792; x_wconf 88' lang='lat' dir='ltr'>diverso</span> <span class='ocrx_word' id='word_1_36' title='bbox 1176 743 1293 792; x_wconf 84' lang='lat' dir='ltr'>sensu.</span> <span class='ocrx_word' id='word_1_37' title='bbox 1315 719 1354 791; x_wconf 87' lang='lat' dir='ltr'>si</span> <span class='ocrx_word' id='word_1_38' title='bbox 1369 721 1542 795; x_wconf 58' lang='lat' dir='ltr'>diam)</span> 
     </span>
     <span class='ocr_line' id='line_1_6' title="bbox 331 828 1543 919; baseline -0.001 -18"><span class='ocrx_word' id='word_1_39' title='bbox 331 830 437 902; x_wconf 87' lang='lat' dir='ltr'>Pater</span> <span class='ocrx_word' id='word_1_40' title='bbox 461 829 658 899; x_wconf 81' lang='lat' dir='ltr'>formaliter</span> <span class='ocrx_word' id='word_1_41' title='bbox 682 829 820 919; x_wconf 87' lang='lat' dir='ltr'>sapiens</span> <span class='ocrx_word' id='word_1_42' title='bbox 843 852 905 919; x_wconf 84' lang='lat' dir='ltr'>per</span> <span class='ocrx_word' id='word_1_43' title='bbox 932 829 1099 913; x_wconf 82' lang='lat' dir='ltr'>Verbum,</span> <span class='ocrx_word' id='word_1_44' title='bbox 1117 828 1223 897; x_wconf 87' lang='lat' dir='ltr'>Pater</span> <span class='ocrx_word' id='word_1_45' title='bbox 1244 835 1282 898; x_wconf 91' lang='lat' dir='ltr'>et</span> <span class='ocrx_word' id='word_1_46' title='bbox 1304 828 1543 900; x_wconf 72' lang='lat' dir='ltr'>Filiusloc·</span> 
     </span>
     <span class='ocr_line' id='line_1_7' title="bbox 332 924 1550 1028; baseline 0 -21"><span class='ocrx_word' id='word_1_47' title='bbox 332 938 472 1009; x_wconf 86' lang='lat' dir='ltr'>maliter</span> <span class='ocrx_word' id='word_1_48' title='bbox 494 959 614 1006; x_wconf 89' lang='lat' dir='ltr'>amans</span> <span class='ocrx_word' id='word_1_49' title='bbox 637 960 698 1028; x_wconf 90' lang='lat' dir='ltr'>per</span> <span class='ocrx_word' id='word_1_50' title='bbox 715 936 887 1026; x_wconf 86' lang='lat' dir='ltr'>Spiritum</span> <span class='ocrx_word' id='word_1_51' title='bbox 912 936 1091 1023; x_wconf 87' lang='lat' dir='ltr'>Sanctum,</span> <span class='ocrx_word' id='word_1_52' title='bbox 1117 959 1241 1006; x_wconf 86' lang='lat' dir='ltr'>sensus</span> <span class='ocrx_word' id='word_1_53' title='bbox 1265 942 1321 1006; x_wconf 87' lang='lat' dir='ltr'>est</span> <span class='ocrx_word' id='word_1_54' title='bbox 1343 937 1444 1007; x_wconf 83' lang='lat' dir='ltr'>falsus</span> <span class='ocrx_word' id='word_1_55' title='bbox 1454 924 1550 1007; x_wconf 51' lang='lat' dir='ltr'>ab</span> 
     </span>
     <span class='ocr_line' id='line_1_8' title="bbox 332 1043 1555 1137; baseline -0.001 -23"><span class='ocrx_word' id='word_1_56' title='bbox 332 1046 518 1115; x_wconf 87' lang='lat' dir='ltr'>absurdus.</span> <span class='ocrx_word' id='word_1_57' title='bbox 552 1045 671 1137; x_wconf 84' lang='lat' dir='ltr'>Neque</span> <span class='ocrx_word' id='word_1_58' title='bbox 702 1043 794 1113; x_wconf 89' lang='lat' dir='ltr'>enim</span> <span class='ocrx_word' id='word_1_59' title='bbox 823 1066 970 1135; x_wconf 89' lang='lat' dir='ltr'>persona</span> <span class='ocrx_word' id='word_1_60' title='bbox 993 1043 1115 1112; x_wconf 88' lang='lat' dir='ltr'>divina</span> <span class='ocrx_word' id='word_1_61' title='bbox 1149 1043 1348 1114; x_wconf 80' lang='lat' dir='ltr'>formaliter</span> <span class='ocrx_word' id='word_1_62' title='bbox 1370 1044 1555 1135; x_wconf 58' lang='lat' dir='ltr'>rupis*⁸</span> 
     </span>
     <span class='ocr_line' id='line_1_9' title="bbox 332 1150 1559 1243; baseline 0 -22"><span class='ocrx_word' id='word_1_63' title='bbox 332 1160 538 1223; x_wconf 82' lang='lat' dir='ltr'>autumans</span> <span class='ocrx_word' id='word_1_64' title='bbox 561 1175 636 1221; x_wconf 88' lang='lat' dir='ltr'>essa</span> <span class='ocrx_word' id='word_1_65' title='bbox 659 1158 772 1243; x_wconf 87' lang='lat' dir='ltr'>potest</span> <span class='ocrx_word' id='word_1_66' title='bbox 795 1173 856 1243; x_wconf 91' lang='lat' dir='ltr'>per</span> <span class='ocrx_word' id='word_1_67' title='bbox 879 1152 990 1220; x_wconf 89' lang='lat' dir='ltr'>alium</span> <span class='ocrx_word' id='word_1_68' title='bbox 1013 1150 1157 1221; x_wconf 78' lang='lat' dir='ltr'>realiter</span> <span class='ocrx_word' id='word_1_69' title='bbox 1179 1174 1201 1219; x_wconf 89' lang='lat' dir='ltr'>a</span> <span class='ocrx_word' id='word_1_70' title='bbox 1226 1174 1264 1222; x_wconf 88' lang='lat' dir='ltr'>se</span> <span class='ocrx_word' id='word_1_71' title='bbox 1286 1152 1559 1222; x_wconf 59' lang='lat' dir='ltr'>distinctuwr</span> 
     </span>
     <span class='ocr_line' id='line_1_10' title="bbox 333 1248 1564 1352; baseline 0 -23"><span class='ocrx_word' id='word_1_72' title='bbox 333 1258 393 1329; x_wconf 90' lang='lat' dir='ltr'>sed</span> <span class='ocrx_word' id='word_1_73' title='bbox 417 1259 591 1349; x_wconf 81' lang='lat' dir='ltr'>iutelligit</span> <span class='ocrx_word' id='word_1_74' title='bbox 614 1268 650 1328; x_wconf 87' lang='lat' dir='ltr'>et</span> <span class='ocrx_word' id='word_1_75' title='bbox 673 1265 768 1328; x_wconf 90' lang='lat' dir='ltr'>amat</span> <span class='ocrx_word' id='word_1_76' title='bbox 793 1282 854 1349; x_wconf 93' lang='lat' dir='ltr'>per</span> <span class='ocrx_word' id='word_1_77' title='bbox 877 1259 989 1351; x_wconf 89' lang='lat' dir='ltr'>ipsam</span> <span class='ocrx_word' id='word_1_78' title='bbox 1012 1281 1111 1328; x_wconf 87' lang='lat' dir='ltr'>suam</span> <span class='ocrx_word' id='word_1_79' title='bbox 1133 1259 1333 1345; x_wconf 78' lang='lat' dir='ltr'>essentiam,</span> <span class='ocrx_word' id='word_1_80' title='bbox 1351 1248 1564 1352; x_wconf 62' lang='lat' dir='ltr'>quaerut</span> 
     </span>
     <span class='ocr_line' id='line_1_11' title="bbox 332 1365 1566 1459; baseline -0.001 -23"><span class='ocrx_word' id='word_1_81' title='bbox 332 1367 494 1436; x_wconf 86' lang='lat' dir='ltr'>absoluta</span> <span class='ocrx_word' id='word_1_82' title='bbox 517 1366 690 1457; x_wconf 83' lang='lat' dir='ltr'>sapientia</span> <span class='ocrx_word' id='word_1_83' title='bbox 713 1372 748 1434; x_wconf 88' lang='lat' dir='ltr'>et</span> <span class='ocrx_word' id='word_1_84' title='bbox 771 1366 933 1435; x_wconf 87' lang='lat' dir='ltr'>absoluta</span> <span class='ocrx_word' id='word_1_85' title='bbox 957 1365 1122 1436; x_wconf 88' lang='lat' dir='ltr'>voluntas</span> <span class='ocrx_word' id='word_1_86' title='bbox 1146 1388 1207 1435; x_wconf 87' lang='lat' dir='ltr'>aeu</span> <span class='ocrx_word' id='word_1_87' title='bbox 1230 1366 1384 1453; x_wconf 90' lang='lat' dir='ltr'>dilectio,</span> <span class='ocrx_word' id='word_1_88' title='bbox 1400 1373 1566 1459; x_wconf 55' lang='lat' dir='ltr'>atqu-³</span> 
     </span>
     <span class='ocr_line' id='line_1_12' title="bbox 333 1474 1567 1565; baseline 0 -20"><span class='ocrx_word' id='word_1_89' title='bbox 333 1475 504 1559; x_wconf 78' lang='lat' dir='ltr'>idecuna</span> <span class='ocrx_word' id='word_1_90' title='bbox 526 1497 668 1543; x_wconf 89' lang='lat' dir='ltr'>numero</span> <span class='ocrx_word' id='word_1_91' title='bbox 692 1481 747 1543; x_wconf 91' lang='lat' dir='ltr'>est</span> <span class='ocrx_word' id='word_1_92' title='bbox 769 1474 944 1565; x_wconf 86' lang='lat' dir='ltr'>sapientia</span> <span class='ocrx_word' id='word_1_93' title='bbox 965 1495 1006 1543; x_wconf 97' lang='lat' dir='ltr'>ac</span> <span class='ocrx_word' id='word_1_94' title='bbox 1030 1474 1196 1544; x_wconf 85' lang='lat' dir='ltr'>voluntas</span> <span class='ocrx_word' id='word_1_95' title='bbox 1213 1474 1375 1545; x_wconf 86' lang='lat' dir='ltr'>absoluta</span> <span class='ocrx_word' id='word_1_96' title='bbox 1396 1474 1567 1545; x_wconf 62' lang='lat' dir='ltr'>nium</span> 
     </span>
     <span class='ocr_line' id='line_1_13' title="bbox 333 1602 910 1675; baseline -0.009 -23"><span class='ocrx_word' id='word_1_97' title='bbox 333 1602 571 1675; x_wconf 85' lang='lat' dir='ltr'>personarum.</span> <span class='ocrx_word' id='word_1_98' title='bbox 907 1642 910 1647; x_wconf 87' lang='lat'>.</span> 
     </span>
    </p>

    <p class='ocr_par' dir='ltr' id='par_1_3' title="bbox 333 1686 1590 3397">
     <span class='ocr_line' id='line_1_14' title="bbox 400 1686 1568 1780; baseline -0.002 -21"><span class='ocrx_word' id='word_1_99' title='bbox 400 1690 531 1759; x_wconf 82' lang='lat' dir='ltr'>Sensus</span> <span class='ocrx_word' id='word_1_100' title='bbox 554 1687 673 1780; x_wconf 82' lang='lat' dir='ltr'>itaque</span> <span class='ocrx_word' id='word_1_101' title='bbox 697 1686 796 1757; x_wconf 89' lang='lat' dir='ltr'>illius</span> <span class='ocrx_word' id='word_1_102' title='bbox 820 1687 907 1756; x_wconf 87' lang='lat' dir='ltr'>dicti</span> <span class='ocrx_word' id='word_1_103' title='bbox 924 1686 987 1757; x_wconf 85' lang='lat' dir='ltr'>SS.</span> <span class='ocrx_word' id='word_1_104' title='bbox 1006 1687 1153 1756; x_wconf 86' lang='lat' dir='ltr'>Patrum</span> <span class='ocrx_word' id='word_1_105' title='bbox 1174 1688 1271 1759; x_wconf 88' lang='lat' dir='ltr'>alius</span> <span class='ocrx_word' id='word_1_106' title='bbox 1285 1694 1352 1759; x_wconf 88' lang='lat' dir='ltr'>est.</span> <span class='ocrx_word' id='word_1_107' title='bbox 1375 1686 1568 1758; x_wconf 74' lang='lat' dir='ltr'>Dicin-l</span> 
     </span>
     <span class='ocr_line' id='line_1_15' title="bbox 334 1795 1567 1887; baseline -0.001 -20"><span class='ocrx_word' id='word_1_108' title='bbox 334 1796 528 1867; x_wconf 83' lang='lat' dir='ltr'>intellectio</span> <span class='ocrx_word' id='word_1_109' title='bbox 551 1802 607 1883; x_wconf 90' lang='lat' dir='ltr'>(ut</span> <span class='ocrx_word' id='word_1_110' title='bbox 629 1803 685 1865; x_wconf 90' lang='lat' dir='ltr'>est</span> <span class='ocrx_word' id='word_1_111' title='bbox 707 1796 840 1880; x_wconf 82' lang='lat' dir='ltr'>Patris)</span> <span class='ocrx_word' id='word_1_112' title='bbox 856 1817 898 1864; x_wconf 88' lang='lat' dir='ltr'>ex</span> <span class='ocrx_word' id='word_1_113' title='bbox 915 1795 1106 1865; x_wconf 86' lang='lat' dir='ltr'>intrinseca</span> <span class='ocrx_word' id='word_1_114' title='bbox 1128 1818 1193 1865; x_wconf 87' lang='lat' dir='ltr'>sua</span> <span class='ocrx_word' id='word_1_115' title='bbox 1210 1796 1567 1887; x_wconf 64' lang='lat' dir='ltr'>perfectionem</span> 
     </span>
     <span class='ocr_line' id='line_1_16' title="bbox 333 1900 1564 1998; baseline -0.002 -22"><span class='ocrx_word' id='word_1_116' title='bbox 333 1905 530 1975; x_wconf 87' lang='lat' dir='ltr'>necessario</span> <span class='ocrx_word' id='word_1_117' title='bbox 555 1904 784 1993; x_wconf 81' lang='lat' dir='ltr'>intelligendo</span> <span class='ocrx_word' id='word_1_118' title='bbox 806 1905 968 1996; x_wconf 82' lang='lat' dir='ltr'>producit</span> <span class='ocrx_word' id='word_1_119' title='bbox 992 1905 1156 1991; x_wconf 89' lang='lat' dir='ltr'>Verbum,</span> <span class='ocrx_word' id='word_1_120' title='bbox 1182 1926 1286 1998; x_wconf 90' lang='lat' dir='ltr'>quam</span> <span class='ocrx_word' id='word_1_121' title='bbox 1315 1900 1564 1975; x_wconf 68' lang='lat' dir='ltr'>necesaffio</span> 
     </span>
     <span class='ocr_line' id='line_1_17' title="bbox 335 2010 1564 2101; baseline -0.003 -18"><span class='ocrx_word' id='word_1_122' title='bbox 335 2020 391 2083; x_wconf 86' lang='lat' dir='ltr'>est</span> <span class='ocrx_word' id='word_1_123' title='bbox 411 2010 607 2080; x_wconf 86' lang='lat' dir='ltr'>intellectio</span> <span class='ocrx_word' id='word_1_124' title='bbox 631 2011 777 2098; x_wconf 91' lang='lat' dir='ltr'>divina,</span> <span class='ocrx_word' id='word_1_125' title='bbox 807 2035 869 2081; x_wconf 86' lang='lat' dir='ltr'>uec</span> <span class='ocrx_word' id='word_1_126' title='bbox 892 2017 1104 2100; x_wconf 87' lang='lat' dir='ltr'>potestesse</span> <span class='ocrx_word' id='word_1_127' title='bbox 1127 2012 1289 2095; x_wconf 78' lang='lat' dir='ltr'>divinum</span> <span class='ocrx_word' id='word_1_128' title='bbox 1313 2012 1564 2101; x_wconf 60' lang='lat' dir='ltr'>incertae—r</span> 
     </span>
     <span class='ocr_line' id='line_1_18' title="bbox 335 2108 1559 2212; baseline -0.002 -23"><span class='ocrx_word' id='word_1_129' title='bbox 335 2119 495 2207; x_wconf 82' lang='lat' dir='ltr'>(Patris),</span> <span class='ocrx_word' id='word_1_130' title='bbox 522 2119 698 2211; x_wconf 88' lang='lat' dir='ltr'>quincius</span> <span class='ocrx_word' id='word_1_131' title='bbox 715 2120 885 2188; x_wconf 84' lang='lat' dir='ltr'>terminus</span> <span class='ocrx_word' id='word_1_132' title='bbox 908 2108 1128 2188; x_wconf 82' lang='lat' dir='ltr'>intrinsecus</span> <span class='ocrx_word' id='word_1_133' title='bbox 1145 2120 1338 2212; x_wconf 87' lang='lat' dir='ltr'>productus</span> <span class='ocrx_word' id='word_1_134' title='bbox 1361 2119 1411 2191; x_wconf 89' lang='lat' dir='ltr'>sit</span> <span class='ocrx_word' id='word_1_135' title='bbox 1423 2118 1471 2189; x_wconf 88' lang='lat' dir='ltr'>Vc</span> <span class='ocrx_word' id='word_1_136' title='bbox 1483 2140 1559 2187; x_wconf 74' lang='lat' dir='ltr'>:r-</span> 
     </span>
     <span class='ocr_line' id='line_1_19' title="bbox 336 2224 1557 2321; baseline 0 -26"><span class='ocrx_word' id='word_1_137' title='bbox 336 2226 440 2314; x_wconf 82' lang='lat' dir='ltr'>bum3</span> <span class='ocrx_word' id='word_1_138' title='bbox 466 2226 667 2317; x_wconf 81' lang='lat' dir='ltr'>pariterque</span> <span class='ocrx_word' id='word_1_139' title='bbox 690 2248 758 2293; x_wconf 88' lang='lat' dir='ltr'>nou</span> <span class='ocrx_word' id='word_1_140' title='bbox 781 2231 898 2316; x_wconf 83' lang='lat' dir='ltr'>potest</span> <span class='ocrx_word' id='word_1_141' title='bbox 921 2248 995 2294; x_wconf 89' lang='lat' dir='ltr'>essa</span> <span class='ocrx_word' id='word_1_142' title='bbox 1018 2224 1140 2295; x_wconf 89' lang='lat' dir='ltr'>divina</span> <span class='ocrx_word' id='word_1_143' title='bbox 1163 2225 1308 2321; x_wconf 85' lang='lat' dir='ltr'>dilectio</span> <span class='ocrx_word' id='word_1_144' title='bbox 1325 2226 1557 2315; x_wconf 62' lang='lat' dir='ltr'>(Pasirae</span> 
     </span>
     <span class='ocr_line' id='line_1_20' title="bbox 334 2332 1549 2426; baseline 0.001 -23"><span class='ocrx_word' id='word_1_145' title='bbox 334 2332 451 2419; x_wconf 83' lang='lat' dir='ltr'>Filii),</span> <span class='ocrx_word' id='word_1_146' title='bbox 477 2334 562 2426; x_wconf 91' lang='lat' dir='ltr'>quin</span> <span class='ocrx_word' id='word_1_147' title='bbox 586 2341 627 2401; x_wconf 91' lang='lat' dir='ltr'>ut</span> <span class='ocrx_word' id='word_1_148' title='bbox 643 2334 828 2402; x_wconf 91' lang='lat' dir='ltr'>terminum</span> <span class='ocrx_word' id='word_1_149' title='bbox 852 2333 1080 2403; x_wconf 87' lang='lat' dir='ltr'>intrinsecum</span> <span class='ocrx_word' id='word_1_150' title='bbox 1103 2334 1230 2403; x_wconf 90' lang='lat' dir='ltr'>habeat</span> <span class='ocrx_word' id='word_1_151' title='bbox 1252 2355 1403 2404; x_wconf 85' lang='lat' dir='ltr'>arnonem</span> <span class='ocrx_word' id='word_1_152' title='bbox 1428 2354 1549 2426; x_wconf 64' lang='lat' dir='ltr'>prta</span> 
     </span>
     <span class='ocr_line' id='line_1_21' title="bbox 335 2440 1545 2533; baseline -0.006 -20"><span class='ocrx_word' id='word_1_153' title='bbox 335 2440 502 2514; x_wconf 88' lang='lat' dir='ltr'>ductum:</span> <span class='ocrx_word' id='word_1_154' title='bbox 532 2442 649 2533; x_wconf 78' lang='lat' dir='ltr'>aquia</span> <span class='ocrx_word' id='word_1_155' title='bbox 672 2448 729 2529; x_wconf 93' lang='lat' dir='ltr'>(ut</span> <span class='ocrx_word' id='word_1_156' title='bbox 750 2440 804 2510; x_wconf 89' lang='lat' dir='ltr'>ait</span> <span class='ocrx_word' id='word_1_157' title='bbox 827 2441 863 2511; x_wconf 87' lang='lat' dir='ltr'>S.</span> <span class='ocrx_word' id='word_1_158' title='bbox 885 2441 951 2511; x_wconf 81' lang='lat' dir='ltr'>Th.</span> <span class='ocrx_word' id='word_1_159' title='bbox 979 2450 1089 2511; x_wconf 91' lang='lat' dir='ltr'>contr.</span> <span class='ocrx_word' id='word_1_160' title='bbox 1116 2449 1213 2533; x_wconf 81' lang='lat' dir='ltr'>gent.</span> <span class='ocrx_word' id='word_1_161' title='bbox 1230 2441 1296 2511; x_wconf 94' lang='lat' dir='ltr'>IV.</span> <span class='ocrx_word' id='word_1_162' title='bbox 1316 2465 1347 2512; x_wconf 89' lang='lat' dir='ltr'>c.</span> <span class='ocrx_word' id='word_1_163' title='bbox 1366 2442 1423 2528; x_wconf 84' lang='lat'>14)</span> <span class='ocrx_word' id='word_1_164' title='bbox 1453 2445 1545 2508; x_wconf 69' lang='lat' dir='ltr'>ivr·</span> 
     </span>
     <span class='ocr_line' id='line_1_22' title="bbox 336 2548 1542 2640; baseline -0.002 -23"><span class='ocrx_word' id='word_1_165' title='bbox 336 2548 489 2617; x_wconf 68' lang='lat' dir='ltr'>celloran</span> <span class='ocrx_word' id='word_1_166' title='bbox 506 2553 543 2615; x_wconf 84' lang='lat' dir='ltr'>in</span> <span class='ocrx_word' id='word_1_167' title='bbox 561 2563 639 2616; x_wconf 82' lang='lat' dir='ltr'>actu</span> <span class='ocrx_word' id='word_1_168' title='bbox 663 2573 845 2640; x_wconf 81' lang='lat' dir='ltr'>numquam</span> <span class='ocrx_word' id='word_1_169' title='bbox 862 2552 999 2615; x_wconf 84' lang='lat' dir='ltr'>estsine</span> <span class='ocrx_word' id='word_1_170' title='bbox 1017 2550 1120 2617; x_wconf 82' lang='lat' dir='ltr'>Verbo</span> <span class='ocrx_word' id='word_1_171' title='bbox 1138 2575 1170 2635; x_wconf 84' lang='lat' dir='ltr'>n,</span> <span class='ocrx_word' id='word_1_172' title='bbox 1189 2555 1225 2618; x_wconf 82' lang='lat' dir='ltr'>et</span> <span class='ocrx_word' id='word_1_173' title='bbox 1240 2548 1361 2619; x_wconf 81' lang='lat' dir='ltr'>eadam</span> <span class='ocrx_word' id='word_1_174' title='bbox 1374 2548 1542 2619; x_wconf 70' lang='lat' dir='ltr'>rationo</span> 
     </span>
     <span class='ocr_line' id='line_1_23' title="bbox 336 2650 1537 2748; baseline -0.005 -21"><span class='ocrx_word' id='word_1_175' title='bbox 336 2655 478 2727; x_wconf 89' lang='lat' dir='ltr'>dilectio</span> <span class='ocrx_word' id='word_1_176' title='bbox 501 2659 538 2727; x_wconf 91' lang='lat' dir='ltr'>in</span> <span class='ocrx_word' id='word_1_177' title='bbox 561 2663 645 2726; x_wconf 89' lang='lat' dir='ltr'>actu</span> <span class='ocrx_word' id='word_1_178' title='bbox 667 2677 856 2748; x_wconf 89' lang='lat' dir='ltr'>numquam</span> <span class='ocrx_word' id='word_1_179' title='bbox 879 2655 1031 2725; x_wconf 88' lang='lat' dir='ltr'>estsine</span> <span class='ocrx_word' id='word_1_180' title='bbox 1054 2678 1170 2725; x_wconf 88' lang='lat' dir='ltr'>amora</span> <span class='ocrx_word' id='word_1_181' title='bbox 1201 2656 1385 2746; x_wconf 89' lang='lat' dir='ltr'>producto.</span> <span class='ocrx_word' id='word_1_182' title='bbox 1409 2650 1537 2725; x_wconf 81' lang='lat' dir='ltr'>Unda</span> 
     </span>
     <span class='ocr_line' id='line_1_24' title="bbox 335 2762 1534 2856; baseline -0.004 -23"><span class='ocrx_word' id='word_1_183' title='bbox 335 2766 528 2835; x_wconf 88' lang='lat' dir='ltr'>rectissima</span> <span class='ocrx_word' id='word_1_184' title='bbox 551 2765 727 2849; x_wconf 87' lang='lat' dir='ltr'>infertur,</span> <span class='ocrx_word' id='word_1_185' title='bbox 762 2764 853 2855; x_wconf 89' lang='lat' dir='ltr'>quod</span> <span class='ocrx_word' id='word_1_186' title='bbox 877 2765 908 2833; x_wconf 83' lang='lat' dir='ltr'>si</span> <span class='ocrx_word' id='word_1_187' title='bbox 932 2763 1069 2856; x_wconf 88' lang='lat' dir='ltr'>quando</span> <span class='ocrx_word' id='word_1_188' title='bbox 1091 2763 1245 2833; x_wconf 89' lang='lat' dir='ltr'>Verbum</span> <span class='ocrx_word' id='word_1_189' title='bbox 1269 2770 1334 2832; x_wconf 89' lang='lat' dir='ltr'>aut</span> <span class='ocrx_word' id='word_1_190' title='bbox 1356 2762 1534 2854; x_wconf 78' lang='lat' dir='ltr'>Spiritus</span> 
     </span>
     <span class='ocr_line' id='line_1_25' title="bbox 338 2869 1531 2964; baseline -0.008 -21"><span class='ocrx_word' id='word_1_191' title='bbox 338 2871 489 2943; x_wconf 86' lang='lat' dir='ltr'>Sanctus</span> <span class='ocrx_word' id='word_1_192' title='bbox 512 2896 580 2941; x_wconf 88' lang='lat' dir='ltr'>non</span> <span class='ocrx_word' id='word_1_193' title='bbox 603 2878 691 2955; x_wconf 86' lang='lat' dir='ltr'>erat,</span> <span class='ocrx_word' id='word_1_194' title='bbox 718 2876 759 2939; x_wconf 90' lang='lat' dir='ltr'>ut</span> <span class='ocrx_word' id='word_1_195' title='bbox 781 2870 924 2940; x_wconf 89' lang='lat' dir='ltr'>aiebant</span> <span class='ocrx_word' id='word_1_196' title='bbox 944 2871 1097 2956; x_wconf 87' lang='lat' dir='ltr'>Ariani,</span> <span class='ocrx_word' id='word_1_197' title='bbox 1122 2894 1233 2964; x_wconf 87' lang='lat' dir='ltr'>nequa</span> <span class='ocrx_word' id='word_1_198' title='bbox 1256 2869 1451 2941; x_wconf 87' lang='lat' dir='ltr'>intellectio</span> <span class='ocrx_word' id='word_1_199' title='bbox 1498 2872 1531 2935; x_wconf 84' lang='lat' dir='ltr'>at</span> 
     </span>
     <span class='ocr_line' id='line_1_26' title="bbox 338 2979 1528 3071; baseline -0.006 -20"><span class='ocrx_word' id='word_1_200' title='bbox 338 2979 480 3052; x_wconf 91' lang='lat' dir='ltr'>dilectio</span> <span class='ocrx_word' id='word_1_201' title='bbox 504 2979 626 3051; x_wconf 86' lang='lat' dir='ltr'>divina</span> <span class='ocrx_word' id='word_1_202' title='bbox 648 2980 776 3048; x_wconf 83' lang='lat' dir='ltr'>fuisset</span> <span class='ocrx_word' id='word_1_203' title='bbox 798 2980 834 3047; x_wconf 90' lang='lat' dir='ltr'>in</span> <span class='ocrx_word' id='word_1_204' title='bbox 858 2990 953 3065; x_wconf 89' lang='lat' dir='ltr'>actu,</span> <span class='ocrx_word' id='word_1_205' title='bbox 971 2986 1008 3049; x_wconf 91' lang='lat' dir='ltr'>et</span> <span class='ocrx_word' id='word_1_206' title='bbox 1022 2980 1075 3049; x_wconf 90' lang='lat' dir='ltr'>ita</span> <span class='ocrx_word' id='word_1_207' title='bbox 1091 2980 1303 3071; x_wconf 90' lang='lat' dir='ltr'>simpliciter</span> <span class='ocrx_word' id='word_1_208' title='bbox 1322 2986 1528 3070; x_wconf 75' lang='lat' dir='ltr'>negaretur</span> 
     </span>
     <span class='ocr_line' id='line_1_27' title="bbox 338 3085 1521 3179; baseline -0.007 -20"><span class='ocrx_word' id='word_1_209' title='bbox 338 3087 481 3159; x_wconf 85' lang='lat' dir='ltr'>divinus</span> <span class='ocrx_word' id='word_1_210' title='bbox 512 3089 712 3159; x_wconf 89' lang='lat' dir='ltr'>intellectus</span> <span class='ocrx_word' id='word_1_211' title='bbox 741 3093 779 3156; x_wconf 93' lang='lat' dir='ltr'>et</span> <span class='ocrx_word' id='word_1_212' title='bbox 808 3087 951 3156; x_wconf 91' lang='lat' dir='ltr'>divinus</span> <span class='ocrx_word' id='word_1_213' title='bbox 984 3108 1079 3157; x_wconf 91' lang='lat' dir='ltr'>amor</span> <span class='ocrx_word' id='word_1_214' title='bbox 1111 3088 1228 3179; x_wconf 86' lang='lat' dir='ltr'>sicque</span> <span class='ocrx_word' id='word_1_215' title='bbox 1261 3089 1340 3157; x_wconf 83' lang='lat' dir='ltr'>vita</span> <span class='ocrx_word' id='word_1_216' title='bbox 1362 3085 1521 3165; x_wconf 74' lang='lat' dir='ltr'>divina,</span> 
     </span>
     <span class='ocr_line' id='line_1_28' title="bbox 338 3188 1590 3291; baseline 0 -25"><span class='ocrx_word' id='word_1_217' title='bbox 338 3219 426 3291; x_wconf 89' lang='lat' dir='ltr'>quae</span> <span class='ocrx_word' id='word_1_218' title='bbox 449 3198 643 3267; x_wconf 89' lang='lat' dir='ltr'>necessario</span> <span class='ocrx_word' id='word_1_219' title='bbox 673 3219 805 3287; x_wconf 86' lang='lat' dir='ltr'>semper</span> <span class='ocrx_word' id='word_1_220' title='bbox 829 3197 974 3265; x_wconf 90' lang='lat' dir='ltr'>suntin</span> <span class='ocrx_word' id='word_1_221' title='bbox 997 3204 1080 3266; x_wconf 88' lang='lat' dir='ltr'>actu</span> <span class='ocrx_word' id='word_1_222' title='bbox 1109 3197 1280 3287; x_wconf 87' lang='lat' dir='ltr'>perfecto.</span> <span class='ocrx_word' id='word_1_223' title='bbox 1305 3195 1397 3266; x_wconf 83' lang='lat' dir='ltr'>Vide</span> <span class='ocrx_word' id='word_1_224' title='bbox 1419 3188 1519 3265; x_wconf 79' lang='lat' dir='ltr'>auu</span> <span class='ocrx_word' id='word_1_225' title='bbox 1589 3263 1590 3266; x_wconf 74' lang='grc'>,</span> 
     </span>
     <span class='ocr_line' id='line_1_29' title="bbox 338 3304 526 3397; baseline -0.016 -21"><span class='ocrx_word' id='word_1_226' title='bbox 338 3304 430 3397; x_wconf 89' lang='lat' dir='ltr'>disp.</span> <span class='ocrx_word' id='word_1_227' title='bbox 449 3304 526 3373; x_wconf 91' lang='lat'>111.</span> 
     </span>
    </p>

    <p class='ocr_par' dir='ltr' id='par_1_4' title="bbox 275 3406 1589 4365">
     <span class='ocr_line' id='line_1_30' title="bbox 404 3406 1512 3504; baseline -0.003 -23"><span class='ocrx_word' id='word_1_228' title='bbox 404 3412 456 3482; x_wconf 88' lang='lat' dir='ltr'>De</span> <span class='ocrx_word' id='word_1_229' title='bbox 472 3434 509 3481; x_wconf 91' lang='lat' dir='ltr'>re</span> <span class='ocrx_word' id='word_1_230' title='bbox 526 3413 603 3502; x_wconf 89' lang='lat' dir='ltr'>ipsa</span> <span class='ocrx_word' id='word_1_231' title='bbox 624 3412 744 3504; x_wconf 90' lang='lat' dir='ltr'>itaque</span> <span class='ocrx_word' id='word_1_232' title='bbox 767 3412 855 3481; x_wconf 89' lang='lat' dir='ltr'>satis</span> <span class='ocrx_word' id='word_1_233' title='bbox 878 3418 1034 3481; x_wconf 86' lang='lat' dir='ltr'>constat:</span> <span class='ocrx_word' id='word_1_234' title='bbox 1060 3413 1164 3482; x_wconf 89' lang='lat' dir='ltr'>Pater</span> <span class='ocrx_word' id='word_1_235' title='bbox 1188 3413 1388 3483; x_wconf 80' lang='lat' dir='ltr'>formaliter</span> <span class='ocrx_word' id='word_1_236' title='bbox 1410 3406 1512 3483; x_wconf 74' lang='lat' dir='ltr'>intel-</span> 
     </span>
     <span class='ocr_line' id='line_1_31' title="bbox 337 3518 1508 3611; baseline 0.001 -21"><span class='ocrx_word' id='word_1_237' title='bbox 337 3518 473 3611; x_wconf 81' lang='lat' dir='ltr'>ligens,</span> <span class='ocrx_word' id='word_1_238' title='bbox 506 3518 610 3588; x_wconf 89' lang='lat' dir='ltr'>Pater</span> <span class='ocrx_word' id='word_1_239' title='bbox 634 3528 670 3590; x_wconf 90' lang='lat' dir='ltr'>et</span> <span class='ocrx_word' id='word_1_240' title='bbox 691 3521 808 3589; x_wconf 83' lang='lat' dir='ltr'>Filius</span> <span class='ocrx_word' id='word_1_241' title='bbox 832 3521 1027 3592; x_wconf 85' lang='lat' dir='ltr'>formaliter</span> <span class='ocrx_word' id='word_1_242' title='bbox 1051 3542 1171 3605; x_wconf 81' lang='lat' dir='ltr'>amans</span> <span class='ocrx_word' id='word_1_243' title='bbox 1202 3527 1256 3590; x_wconf 90' lang='lat' dir='ltr'>est</span> <span class='ocrx_word' id='word_1_244' title='bbox 1278 3522 1437 3591; x_wconf 72' lang='lat' dir='ltr'>absoluta</span> <span class='ocrx_word' id='word_1_245' title='bbox 1465 3536 1508 3599; x_wconf 71' lang='lat' dir='ltr'>et</span> 
     </span>
     <span class='ocr_line' id='line_1_32' title="bbox 339 3624 1589 3725; baseline -0.002 -26"><span class='ocrx_word' id='word_1_246' title='bbox 339 3629 464 3713; x_wconf 80' lang='lat' dir='ltr'>sentia,</span> <span class='ocrx_word' id='word_1_247' title='bbox 483 3636 640 3720; x_wconf 85' lang='lat' dir='ltr'>quaeest</span> <span class='ocrx_word' id='word_1_248' title='bbox 663 3630 835 3719; x_wconf 87' lang='lat' dir='ltr'>sapientia</span> <span class='ocrx_word' id='word_1_249' title='bbox 851 3637 888 3699; x_wconf 92' lang='lat' dir='ltr'>et</span> <span class='ocrx_word' id='word_1_250' title='bbox 903 3629 1046 3698; x_wconf 91' lang='lat' dir='ltr'>dilectio</span> <span class='ocrx_word' id='word_1_251' title='bbox 1069 3629 1254 3717; x_wconf 84' lang='lat' dir='ltr'>absoluta;</span> <span class='ocrx_word' id='word_1_252' title='bbox 1281 3637 1432 3701; x_wconf 83' lang='lat' dir='ltr'>attamen</span> <span class='ocrx_word' id='word_1_253' title='bbox 1447 3624 1503 3697; x_wconf 78' lang='lat' dir='ltr'>Pr·</span> <span class='ocrx_word' id='word_1_254' title='bbox 1580 3638 1589 3725; x_wconf 34' lang='grc' dir='ltr'>Γ.</span> 
     </span>
     <span class='ocr_line' id='line_1_33' title="bbox 339 3732 1582 3829; baseline -0.006 -23"><span class='ocrx_word' id='word_1_255' title='bbox 339 3743 394 3806; x_wconf 88' lang='lat' dir='ltr'>ter</span> <span class='ocrx_word' id='word_1_256' title='bbox 416 3737 648 3827; x_wconf 87' lang='lat' dir='ltr'>intelligendo</span> <span class='ocrx_word' id='word_1_257' title='bbox 671 3739 864 3807; x_wconf 84' lang='lat' dir='ltr'>necessario</span> <span class='ocrx_word' id='word_1_258' title='bbox 880 3738 1043 3828; x_wconf 89' lang='lat' dir='ltr'>producit</span> <span class='ocrx_word' id='word_1_259' title='bbox 1061 3738 1210 3807; x_wconf 88' lang='lat' dir='ltr'>Verbum</span> <span class='ocrx_word' id='word_1_260' title='bbox 1229 3760 1292 3808; x_wconf 87' lang='lat' dir='ltr'>nec</span> <span class='ocrx_word' id='word_1_261' title='bbox 1307 3747 1422 3829; x_wconf 83' lang='lat' dir='ltr'>posset</span> <span class='ocrx_word' id='word_1_262' title='bbox 1434 3732 1499 3803; x_wconf 86' lang='lat' dir='ltr'>sinc</span> <span class='ocrx_word' id='word_1_263' title='bbox 1578 3734 1582 3739; x_wconf 86' lang='lat'>&#39;</span> 
     </span>
     <span class='ocr_line' id='line_1_34' title="bbox 340 3822 1588 3938; baseline 0.002 -28"><span class='ocrx_word' id='word_1_264' title='bbox 340 3840 406 3912; x_wconf 91' lang='lat' dir='ltr'>hcc</span> <span class='ocrx_word' id='word_1_265' title='bbox 428 3866 502 3912; x_wconf 88' lang='lat' dir='ltr'>esse</span> <span class='ocrx_word' id='word_1_266' title='bbox 527 3844 753 3933; x_wconf 83' lang='lat' dir='ltr'>intelligens,</span> <span class='ocrx_word' id='word_1_267' title='bbox 780 3853 817 3913; x_wconf 89' lang='lat' dir='ltr'>et</span> <span class='ocrx_word' id='word_1_268' title='bbox 839 3847 937 3914; x_wconf 91' lang='lat' dir='ltr'>ambo</span> <span class='ocrx_word' id='word_1_269' title='bbox 961 3844 1139 3935; x_wconf 85' lang='lat' dir='ltr'>diligendo</span> <span class='ocrx_word' id='word_1_270' title='bbox 1162 3847 1360 3916; x_wconf 88' lang='lat' dir='ltr'>necessario</span> <span class='ocrx_word' id='word_1_271' title='bbox 1385 3839 1494 3938; x_wconf 81' lang='lat' dir='ltr'>produ·</span> <span class='ocrx_word' id='word_1_272' title='bbox 1573 3822 1588 3867; x_wconf 59' lang='lat'>³¹</span> 
     </span>
     <span class='ocr_line' id='line_1_35' title="bbox 275 3944 1580 4047; baseline -0.005 -28"><span class='ocrx_word' id='word_1_273' title='bbox 275 4030 280 4039; x_wconf 30' lang='lat'>¹</span> <span class='ocrx_word' id='word_1_274' title='bbox 341 3954 427 4019; x_wconf 90' lang='lat' dir='ltr'>cunt</span> <span class='ocrx_word' id='word_1_275' title='bbox 449 3971 597 4018; x_wconf 87' lang='lat' dir='ltr'>amorem</span> <span class='ocrx_word' id='word_1_276' title='bbox 621 3951 808 4040; x_wconf 87' lang='lat' dir='ltr'>(Spiritum</span> <span class='ocrx_word' id='word_1_277' title='bbox 833 3951 1014 4036; x_wconf 87' lang='lat' dir='ltr'>Sanctum)</span> <span class='ocrx_word' id='word_1_278' title='bbox 1039 3973 1102 4018; x_wconf 92' lang='lat' dir='ltr'>nec</span> <span class='ocrx_word' id='word_1_279' title='bbox 1118 3950 1193 4020; x_wconf 88' lang='lat' dir='ltr'>sinc</span> <span class='ocrx_word' id='word_1_280' title='bbox 1208 3973 1324 4021; x_wconf 89' lang='lat' dir='ltr'>amore</span> <span class='ocrx_word' id='word_1_281' title='bbox 1346 3950 1490 4043; x_wconf 84' lang='lat' dir='ltr'>producto</span> <span class='ocrx_word' id='word_1_282' title='bbox 1550 3944 1580 4047; x_wconf 49' lang='lat' dir='ltr'>&#39;j</span> 
     </span>
     <span class='ocr_line' id='line_1_36' title="bbox 341 4048 1586 4151; baseline -0.002 -26"><span class='ocrx_word' id='word_1_283' title='bbox 341 4062 458 4148; x_wconf 86' lang='lat' dir='ltr'>posset</span> <span class='ocrx_word' id='word_1_284' title='bbox 480 4080 553 4125; x_wconf 88' lang='lat' dir='ltr'>esse</span> <span class='ocrx_word' id='word_1_285' title='bbox 576 4057 718 4126; x_wconf 89' lang='lat' dir='ltr'>dilectio</span> <span class='ocrx_word' id='word_1_286' title='bbox 742 4058 875 4127; x_wconf 89' lang='lat' dir='ltr'>divina.</span> <span class='ocrx_word' id='word_1_287' title='bbox 894 4058 1000 4127; x_wconf 86' lang='lat' dir='ltr'>Pater</span> <span class='ocrx_word' id='word_1_288' title='bbox 1023 4059 1142 4151; x_wconf 86' lang='lat' dir='ltr'>itaque</span> <span class='ocrx_word' id='word_1_289' title='bbox 1165 4060 1307 4150; x_wconf 86' lang='lat' dir='ltr'>sapiens</span> <span class='ocrx_word' id='word_1_290' title='bbox 1329 4068 1383 4131; x_wconf 87' lang='lat' dir='ltr'>est</span> <span class='ocrx_word' id='word_1_291' title='bbox 1397 4052 1486 4127; x_wconf 78' lang='lat' dir='ltr'>verto</span> <span class='ocrx_word' id='word_1_292' title='bbox 1564 4048 1586 4135; x_wconf 55' lang='grc' dir='ltr'>*ἕ</span> 
     </span>
     <span class='ocr_line' id='line_1_37' title="bbox 340 4138 1580 4259; baseline 0.002 -27"><span class='ocrx_word' id='word_1_293' title='bbox 340 4185 408 4232; x_wconf 87' lang='lat' dir='ltr'>nou</span> <span class='ocrx_word' id='word_1_294' title='bbox 425 4165 622 4234; x_wconf 89' lang='lat' dir='ltr'>formaliter</span> <span class='ocrx_word' id='word_1_295' title='bbox 640 4164 699 4233; x_wconf 90' lang='lat' dir='ltr'>sed</span> <span class='ocrx_word' id='word_1_296' title='bbox 716 4172 892 4259; x_wconf 86' lang='lat' dir='ltr'>tamquam</span> <span class='ocrx_word' id='word_1_297' title='bbox 915 4165 1064 4235; x_wconf 90' lang='lat' dir='ltr'>termino</span> <span class='ocrx_word' id='word_1_298' title='bbox 1088 4167 1299 4238; x_wconf 88' lang='lat' dir='ltr'>immaneuta</span> <span class='ocrx_word' id='word_1_299' title='bbox 1321 4156 1483 4239; x_wconf 71' lang='lat' dir='ltr'>necessario</span> <span class='ocrx_word' id='word_1_300' title='bbox 1559 4138 1580 4209; x_wconf 68' lang='lat'>&#39;²⁵&#39;</span> 
     </span>
     <span class='ocr_line' id='line_1_38' title="bbox 341 4272 1480 4365; baseline 0.001 -24"><span class='ocrx_word' id='word_1_301' title='bbox 341 4292 425 4341; x_wconf 88' lang='lat' dir='ltr'>suae</span> <span class='ocrx_word' id='word_1_302' title='bbox 448 4273 614 4342; x_wconf 85' lang='lat' dir='ltr'>fecundae</span> <span class='ocrx_word' id='word_1_303' title='bbox 638 4273 853 4363; x_wconf 87' lang='lat' dir='ltr'>sapientiae,</span> <span class='ocrx_word' id='word_1_304' title='bbox 886 4273 961 4343; x_wconf 90' lang='lat' dir='ltr'>sinc</span> <span class='ocrx_word' id='word_1_305' title='bbox 985 4295 1052 4365; x_wconf 89' lang='lat' dir='ltr'>qno</span> <span class='ocrx_word' id='word_1_306' title='bbox 1074 4272 1153 4364; x_wconf 87' lang='lat' dir='ltr'>ipsa</span> <span class='ocrx_word' id='word_1_307' title='bbox 1175 4276 1350 4365; x_wconf 90' lang='lat' dir='ltr'>sapientia</span> <span class='ocrx_word' id='word_1_308' title='bbox 1370 4296 1428 4343; x_wconf 91' lang='lat' dir='ltr'>nou</span> <span class='ocrx_word' id='word_1_309' title='bbox 1445 4286 1480 4334; x_wconf 68' lang='lat' dir='ltr'>tt</span> 
     </span>
    </p>
   </div>
   <div class='ocr_carea' id='block_1_2' title="bbox 342 4373 1477 4472">
    <p class='ocr_par' dir='ltr' id='par_1_5' title="bbox 342 4373 1477 4472">
     <span class='ocr_line' id='line_1_39' title="bbox 342 4373 1477 4472; baseline -0.001 -25"><span class='ocrx_word' id='word_1_310' title='bbox 342 4386 396 4450; x_wconf 87' lang='lat' dir='ltr'>sat</span> <span class='ocrx_word' id='word_1_311' title='bbox 408 4405 417 4468; x_wconf 72' lang='grc' dir='ltr'>ς</span> <span class='ocrx_word' id='word_1_312' title='bbox 450 4382 635 4472; x_wconf 89' lang='lat' dir='ltr'>eademque</span> <span class='ocrx_word' id='word_1_313' title='bbox 666 4380 801 4451; x_wconf 88' lang='lat' dir='ltr'>ratione</span> <span class='ocrx_word' id='word_1_314' title='bbox 824 4381 929 4452; x_wconf 89' lang='lat' dir='ltr'>Pater</span> <span class='ocrx_word' id='word_1_315' title='bbox 952 4387 988 4450; x_wconf 88' lang='lat' dir='ltr'>ct</span> <span class='ocrx_word' id='word_1_316' title='bbox 1009 4380 1127 4451; x_wconf 82' lang='lat' dir='ltr'>Filius</span> <span class='ocrx_word' id='word_1_317' title='bbox 1158 4402 1279 4453; x_wconf 86' lang='lat' dir='ltr'>amana</span> <span class='ocrx_word' id='word_1_318' title='bbox 1300 4390 1354 4454; x_wconf 91' lang='lat' dir='ltr'>est</span> <span class='ocrx_word' id='word_1_319' title='bbox 1373 4373 1477 4472; x_wconf 84' lang='lat' dir='ltr'>Spiritu</span> 
     </span>
    </p>
   </div>
   <div class='ocr_carea' id='block_1_3' title="bbox 0 0 1608 4944">
    <p class='ocr_par' dir='ltr' id='par_1_6' title="bbox 0 0 1608 4944">
     <span class='ocr_line' id='line_1_40' title="bbox 0 0 1608 4944; baseline 0 0"><span class='ocrx_word' id='word_1_320' title='bbox 0 0 1608 4944; x_wconf 95' lang='lat' dir='ltr'> </span> 
     </span>
    </p>
   </div>
  </div>
 </body>
</html>
