<?xml version="1.0" encoding="UTF-8"?>
<!DOCTYPE html PUBLIC "-//W3C//DTD XHTML 1.0 Transitional//EN"
    "http://www.w3.org/TR/xhtml1/DTD/xhtml1-transitional.dtd">
<html xmlns="http://www.w3.org/1999/xhtml" xml:lang="en" lang="en">
 <head>
  <title>
</title>
<meta http-equiv="Content-Type" content="text/html;charset=utf-8" />
  <meta name='ocr-system' content='tesseract 3.04.00' />
  <meta name='ocr-capabilities' content='ocr_page ocr_carea ocr_par ocr_line ocrx_word'/>
</head>
<body>
  <div class='ocr_page' id='page_1' title='image "./tractatusdedeot00frangoog/tractatusdedeot00frangoog_0571.png"; bbox 0 0 3172 4950; ppageno 0'>
   <div class='ocr_carea' id='block_1_1' title="bbox 29 4408 171 4632">
    <p class='ocr_par' dir='ltr' id='par_1_1' title="bbox 29 4408 171 4632">
     <span class='ocr_line' id='line_1_1' title="bbox 29 4408 171 4632; baseline 0.007 -1"><span class='ocrx_word' id='word_1_1' title='bbox 29 4408 36 4421; x_wconf 35' lang='lat'><em>⁰</em></span> <span class='ocrx_word' id='word_1_2' title='bbox 92 4510 171 4632; x_wconf 71' lang='grc' dir='ltr'>ιι</span> 
     </span>
    </p>
   </div>
   <div class='ocr_carea' id='block_1_2' title="bbox 376 310 1538 3731">
    <p class='ocr_par' dir='ltr' id='par_1_2' title="bbox 376 310 1538 3731">
     <span class='ocr_line' id='line_1_2' title="bbox 874 310 1054 374; baseline -0.006 -14"><span class='ocrx_word' id='word_1_3' title='bbox 874 344 914 360; x_wconf 92' lang='grc'>..</span> <span class='ocrx_word' id='word_1_4' title='bbox 934 310 996 374; x_wconf 76' lang='lat'>500</span> <span class='ocrx_word' id='word_1_5' title='bbox 1015 343 1054 359; x_wconf 93' lang='lat'>..</span> 
     </span>
     <span class='ocr_line' id='line_1_3' title="bbox 380 414 1527 509; baseline -0.009 -19"><span class='ocrx_word' id='word_1_6' title='bbox 380 422 473 491; x_wconf 84' lang='lat' dir='ltr'>bitat</span> <span class='ocrx_word' id='word_1_7' title='bbox 504 426 599 506; x_wconf 76' lang='lat' dir='ltr'>eta,</span> <span class='ocrx_word' id='word_1_8' title='bbox 629 444 672 490; x_wconf 85' lang='lat' dir='ltr'>ex</span> <span class='ocrx_word' id='word_1_9' title='bbox 707 420 765 488; x_wconf 89' lang='lat' dir='ltr'>his</span> <span class='ocrx_word' id='word_1_10' title='bbox 793 417 882 509; x_wconf 90' lang='lat' dir='ltr'>ipsis</span> <span class='ocrx_word' id='word_1_11' title='bbox 907 414 1127 504; x_wconf 69' lang='lat' dir='ltr'>intelligitur</span> <span class='ocrx_word' id='word_1_12' title='bbox 1156 420 1318 483; x_wconf 88' lang='lat' dir='ltr'>nostrum</span> <span class='ocrx_word' id='word_1_13' title='bbox 1353 417 1527 481; x_wconf 62' lang='lat' dir='ltr'>concutias</span> 
     </span>
     <span class='ocr_line' id='line_1_4' title="bbox 385 521 1528 617; baseline 0.001 -24"><span class='ocrx_word' id='word_1_14' title='bbox 385 525 543 617; x_wconf 76' lang='grc' dir='ltr'>(κοινωνια)</span> <span class='ocrx_word' id='word_1_15' title='bbox 569 528 712 598; x_wconf 83' lang='lat' dir='ltr'>divinae</span> <span class='ocrx_word' id='word_1_16' title='bbox 743 535 915 607; x_wconf 87' lang='lat' dir='ltr'>naturae,</span> <span class='ocrx_word' id='word_1_17' title='bbox 942 522 1033 614; x_wconf 89' lang='lat' dir='ltr'>quod</span> <span class='ocrx_word' id='word_1_18' title='bbox 1062 521 1270 613; x_wconf 86' lang='lat' dir='ltr'>Scripturas</span> <span class='ocrx_word' id='word_1_19' title='bbox 1293 523 1400 593; x_wconf 87' lang='lat' dir='ltr'>etiam</span> <span class='ocrx_word' id='word_1_20' title='bbox 1426 523 1528 594; x_wconf 81' lang='lat' dir='ltr'>diserte</span> 
     </span>
     <span class='ocr_line' id='line_1_5' title="bbox 381 630 1528 727; baseline -0.004 -20"><span class='ocrx_word' id='word_1_21' title='bbox 381 636 579 707; x_wconf 87' lang='lat' dir='ltr'>enuntiant:</span> <span class='ocrx_word' id='word_1_22' title='bbox 600 656 805 727; x_wconf 73' lang='lat' dir='ltr'>«perquem</span> <span class='ocrx_word' id='word_1_23' title='bbox 827 630 870 724; x_wconf 81' lang='grc' dir='ltr'>(δι’</span> <span class='ocrx_word' id='word_1_24' title='bbox 883 632 933 725; x_wconf 77' lang='lat' dir='ltr'>da)</span> <span class='ocrx_word' id='word_1_25' title='bbox 960 634 1112 704; x_wconf 82' lang='lat' dir='ltr'>maxima</span> <span class='ocrx_word' id='word_1_26' title='bbox 1133 636 1169 701; x_wconf 92' lang='lat' dir='ltr'>et</span> <span class='ocrx_word' id='word_1_27' title='bbox 1192 632 1351 721; x_wconf 87' lang='lat' dir='ltr'>pretiosa</span> <span class='ocrx_word' id='word_1_28' title='bbox 1366 633 1460 702; x_wconf 88' lang='lat' dir='ltr'>nobis</span> <span class='ocrx_word' id='word_1_29' title='bbox 1473 655 1528 724; x_wconf 81' lang='lat' dir='ltr'>pro</span> 
     </span>
     <span class='ocr_line' id='line_1_6' title="bbox 383 739 1528 833; baseline -0.001 -22"><span class='ocrx_word' id='word_1_30' title='bbox 383 744 489 811; x_wconf 90' lang='lat' dir='ltr'>missa</span> <span class='ocrx_word' id='word_1_31' title='bbox 511 742 679 828; x_wconf 84' lang='lat' dir='ltr'>donavit,</span> <span class='ocrx_word' id='word_1_32' title='bbox 706 749 747 811; x_wconf 89' lang='lat' dir='ltr'>nt</span> <span class='ocrx_word' id='word_1_33' title='bbox 784 765 846 833; x_wconf 88' lang='lat' dir='ltr'>per</span> <span class='ocrx_word' id='word_1_34' title='bbox 884 743 969 815; x_wconf 84' lang='lat' dir='ltr'>haec</span> <span class='ocrx_word' id='word_1_35' title='bbox 1004 739 1203 811; x_wconf 88' lang='lat' dir='ltr'>efficiamini</span> <span class='ocrx_word' id='word_1_36' title='bbox 1241 740 1389 810; x_wconf 88' lang='lat' dir='ltr'>divinae</span> <span class='ocrx_word' id='word_1_37' title='bbox 1421 764 1528 810; x_wconf 89' lang='lat' dir='ltr'>consor·</span> 
     </span>
     <span class='ocr_line' id='line_1_7' title="bbox 382 842 1527 940; baseline -0.006 -21"><span class='ocrx_word' id='word_1_38' title='bbox 382 856 436 919; x_wconf 87' lang='lat' dir='ltr'>tes</span> <span class='ocrx_word' id='word_1_39' title='bbox 457 855 639 918; x_wconf 69' lang='lat' dir='ltr'>naturae„</span> <span class='ocrx_word' id='word_1_40' title='bbox 674 842 749 939; x_wconf 76' lang='grc' dir='ltr'>(ἕνα</span> <span class='ocrx_word' id='word_1_41' title='bbox 781 846 831 915; x_wconf 84' lang='grc' dir='ltr'>δια</span> <span class='ocrx_word' id='word_1_42' title='bbox 854 874 964 917; x_wconf 79' lang='grc' dir='ltr'><strong>τουτων</strong></span> <span class='ocrx_word' id='word_1_43' title='bbox 984 849 1117 940; x_wconf 55' lang='lat' dir='ltr'>persiste</span> <span class='ocrx_word' id='word_1_44' title='bbox 1141 847 1230 919; x_wconf 65' lang='lat' dir='ltr'>&amp;stac</span> <span class='ocrx_word' id='word_1_45' title='bbox 1260 869 1391 912; x_wconf 70' lang='grc' dir='ltr'>κοινωνει</span> <span class='ocrx_word' id='word_1_46' title='bbox 1416 842 1527 940; x_wconf 65' lang='lat' dir='ltr'>quaem)</span> 
     </span>
     <span class='ocr_line' id='line_1_8' title="bbox 382 955 1527 1048; baseline -0.003 -24"><span class='ocrx_word' id='word_1_47' title='bbox 382 957 416 1024; x_wconf 82' lang='lat'>2.</span> <span class='ocrx_word' id='word_1_48' title='bbox 435 956 512 1025; x_wconf 89' lang='lat' dir='ltr'>Pet.</span> <span class='ocrx_word' id='word_1_49' title='bbox 527 956 604 1024; x_wconf 86' lang='lat' dir='ltr'><strong>I.4.</strong></span> <span class='ocrx_word' id='word_1_50' title='bbox 623 956 898 1029; x_wconf 85' lang='lat' dir='ltr'>Communioatio</span> <span class='ocrx_word' id='word_1_51' title='bbox 921 966 957 1028; x_wconf 91' lang='lat' dir='ltr'>et</span> <span class='ocrx_word' id='word_1_52' title='bbox 981 955 1211 1048; x_wconf 84' lang='lat' dir='ltr'>participatio</span> <span class='ocrx_word' id='word_1_53' title='bbox 1234 978 1390 1034; x_wconf 72' lang='lat' dir='ltr'>sacreum,</span> <span class='ocrx_word' id='word_1_54' title='bbox 1419 978 1527 1042; x_wconf 57' lang='lat' dir='ltr'>parops,</span> 
     </span>
     <span class='ocr_line' id='line_1_9' title="bbox 381 1059 1529 1158; baseline 0 -31"><span class='ocrx_word' id='word_1_55' title='bbox 381 1059 521 1151; x_wconf 67' lang='grc' dir='ltr'>μεθεξις,</span> <span class='ocrx_word' id='word_1_56' title='bbox 549 1065 593 1133; x_wconf 91' lang='lat' dir='ltr'>ad</span> <span class='ocrx_word' id='word_1_57' title='bbox 616 1086 779 1154; x_wconf 75' lang='lat' dir='ltr'>praesens</span> <span class='ocrx_word' id='word_1_58' title='bbox 796 1067 888 1158; x_wconf 91' lang='lat' dir='ltr'>quod</span> <span class='ocrx_word' id='word_1_59' title='bbox 911 1066 1072 1149; x_wconf 86' lang='lat' dir='ltr'>adtinet,</span> <span class='ocrx_word' id='word_1_60' title='bbox 1092 1062 1288 1153; x_wconf 79' lang='lat' dir='ltr'>tripliciter</span> <span class='ocrx_word' id='word_1_61' title='bbox 1304 1063 1529 1133; x_wconf 80' lang='lat' dir='ltr'>consideranda</span> 
     </span>
     <span class='ocr_line' id='line_1_10' title="bbox 382 1170 1530 1262; baseline -0.003 -22"><span class='ocrx_word' id='word_1_62' title='bbox 382 1178 448 1241; x_wconf 87' lang='lat' dir='ltr'>est.</span> <span class='ocrx_word' id='word_1_63' title='bbox 467 1176 503 1257; x_wconf 87' lang='lat' dir='ltr'>a)</span> <span class='ocrx_word' id='word_1_64' title='bbox 526 1171 800 1243; x_wconf 89' lang='lat' dir='ltr'>Communicatio</span> <span class='ocrx_word' id='word_1_65' title='bbox 815 1175 949 1244; x_wconf 88' lang='lat' dir='ltr'>dicitur</span> <span class='ocrx_word' id='word_1_66' title='bbox 965 1173 1091 1241; x_wconf 86' lang='lat' dir='ltr'>intima</span> <span class='ocrx_word' id='word_1_67' title='bbox 1106 1170 1306 1239; x_wconf 89' lang='lat' dir='ltr'>coniunctio</span> <span class='ocrx_word' id='word_1_68' title='bbox 1329 1178 1366 1240; x_wconf 90' lang='lat' dir='ltr'>et</span> <span class='ocrx_word' id='word_1_69' title='bbox 1388 1172 1530 1262; x_wconf 87' lang='lat' dir='ltr'>possessio</span> 
     </span>
     <span class='ocr_line' id='line_1_11' title="bbox 381 1279 1532 1372; baseline -0.002 -24"><span class='ocrx_word' id='word_1_70' title='bbox 381 1279 433 1348; x_wconf 88' lang='lat' dir='ltr'>rei</span> <span class='ocrx_word' id='word_1_71' title='bbox 450 1279 602 1348; x_wconf 88' lang='lat' dir='ltr'>alicuius</span> <span class='ocrx_word' id='word_1_72' title='bbox 618 1280 728 1365; x_wconf 87' lang='lat' dir='ltr'>modo,</span> <span class='ocrx_word' id='word_1_73' title='bbox 745 1304 812 1372; x_wconf 88' lang='lat' dir='ltr'>quo</span> <span class='ocrx_word' id='word_1_74' title='bbox 827 1305 869 1350; x_wconf 83' lang='lat' dir='ltr'>cx</span> <span class='ocrx_word' id='word_1_75' title='bbox 886 1287 1017 1350; x_wconf 89' lang='lat' dir='ltr'>natura</span> <span class='ocrx_word' id='word_1_76' title='bbox 1032 1301 1098 1349; x_wconf 88' lang='lat' dir='ltr'>sua</span> <span class='ocrx_word' id='word_1_77' title='bbox 1113 1279 1286 1369; x_wconf 89' lang='lat' dir='ltr'>possideri</span> <span class='ocrx_word' id='word_1_78' title='bbox 1304 1286 1431 1369; x_wconf 82' lang='lat' dir='ltr'>potest,</span> <span class='ocrx_word' id='word_1_79' title='bbox 1446 1286 1484 1348; x_wconf 83' lang='lat' dir='ltr'>ui</span> <span class='ocrx_word' id='word_1_80' title='bbox 1494 1284 1532 1346; x_wconf 87' lang='lat' dir='ltr'>est</span> 
     </span>
     <span class='ocr_line' id='line_1_12' title="bbox 382 1384 1531 1479; baseline -0.004 -22"><span class='ocrx_word' id='word_1_81' title='bbox 382 1386 648 1458; x_wconf 78' lang='lat' dir='ltr'>communicatio</span> <span class='ocrx_word' id='word_1_82' title='bbox 664 1410 798 1450; x_wconf 76' lang='grc' dir='ltr'>κσινωνια</span> <span class='ocrx_word' id='word_1_83' title='bbox 820 1388 975 1479; x_wconf 85' lang='lat' dir='ltr'>corporis</span> <span class='ocrx_word' id='word_1_84' title='bbox 991 1393 1027 1456; x_wconf 87' lang='lat' dir='ltr'>et</span> <span class='ocrx_word' id='word_1_85' title='bbox 1043 1384 1228 1475; x_wconf 79' lang='lat' dir='ltr'>sanguinis</span> <span class='ocrx_word' id='word_1_86' title='bbox 1245 1384 1382 1455; x_wconf 87' lang='lat' dir='ltr'>Christi</span> <span class='ocrx_word' id='word_1_87' title='bbox 1397 1387 1433 1454; x_wconf 94' lang='lat' dir='ltr'>in</span> <span class='ocrx_word' id='word_1_88' title='bbox 1444 1385 1531 1454; x_wconf 81' lang='lat' dir='ltr'>fideli·</span> 
     </span>
     <span class='ocr_line' id='line_1_13' title="bbox 382 1493 1532 1585; baseline -0.003 -22"><span class='ocrx_word' id='word_1_89' title='bbox 382 1496 446 1564; x_wconf 81' lang='lat' dir='ltr'>bus</span> <span class='ocrx_word' id='word_1_90' title='bbox 458 1494 491 1563; x_wconf 92' lang='lat'>1.</span> <span class='ocrx_word' id='word_1_91' title='bbox 503 1495 580 1563; x_wconf 82' lang='lat' dir='ltr'>Cor.</span> <span class='ocrx_word' id='word_1_92' title='bbox 594 1496 640 1562; x_wconf 91' lang='lat' dir='ltr'>X.</span> <span class='ocrx_word' id='word_1_93' title='bbox 656 1494 725 1581; x_wconf 81' lang='lat' dir='ltr'>1a.;</span> <span class='ocrx_word' id='word_1_94' title='bbox 744 1518 848 1564; x_wconf 91' lang='lat' dir='ltr'>sensu</span> <span class='ocrx_word' id='word_1_95' title='bbox 860 1494 1009 1585; x_wconf 84' lang='lat' dir='ltr'>analogo</span> <span class='ocrx_word' id='word_1_96' title='bbox 1021 1493 1126 1562; x_wconf 89' lang='lat' dir='ltr'>amici</span> <span class='ocrx_word' id='word_1_97' title='bbox 1138 1497 1243 1584; x_wconf 87' lang='lat' dir='ltr'>atque</span> <span class='ocrx_word' id='word_1_98' title='bbox 1258 1495 1395 1563; x_wconf 86' lang='lat' dir='ltr'>arctius</span> <span class='ocrx_word' id='word_1_99' title='bbox 1408 1495 1532 1562; x_wconf 85' lang='lat' dir='ltr'>meritus</span> 
     </span>
     <span class='ocr_line' id='line_1_14' title="bbox 381 1600 1531 1693; baseline -0.001 -24"><span class='ocrx_word' id='word_1_100' title='bbox 381 1608 417 1670; x_wconf 89' lang='lat' dir='ltr'>et</span> <span class='ocrx_word' id='word_1_101' title='bbox 429 1625 516 1671; x_wconf 85' lang='lat' dir='ltr'>uxor</span> <span class='ocrx_word' id='word_1_102' title='bbox 529 1602 696 1671; x_wconf 89' lang='lat' dir='ltr'>dicuntur</span> <span class='ocrx_word' id='word_1_103' title='bbox 711 1625 851 1668; x_wconf 65' lang='lat' dir='ltr'>sceneca.-</span> <span class='ocrx_word' id='word_1_104' title='bbox 868 1601 1070 1693; x_wconf 73' lang='lat' dir='ltr'>aparticeps</span> <span class='ocrx_word' id='word_1_105' title='bbox 1082 1606 1146 1668; x_wconf 91' lang='lat' dir='ltr'>tua</span> <span class='ocrx_word' id='word_1_106' title='bbox 1156 1606 1193 1666; x_wconf 89' lang='lat' dir='ltr'>et</span> <span class='ocrx_word' id='word_1_107' title='bbox 1209 1621 1297 1667; x_wconf 87' lang='lat' dir='ltr'>uxor</span> <span class='ocrx_word' id='word_1_108' title='bbox 1310 1600 1460 1669; x_wconf 86' lang='lat' dir='ltr'>foederis</span> <span class='ocrx_word' id='word_1_109' title='bbox 1468 1601 1531 1668; x_wconf 75' lang='lat' dir='ltr'>tuin</span> 
     </span>
     <span class='ocr_line' id='line_1_15' title="bbox 381 1703 1533 1798; baseline -0.003 -21"><span class='ocrx_word' id='word_1_110' title='bbox 381 1708 492 1777; x_wconf 88' lang='lat' dir='ltr'>LXX.</span> <span class='ocrx_word' id='word_1_111' title='bbox 509 1732 641 1782; x_wconf 73' lang='grc' dir='ltr'>κοινωνος</span> <span class='ocrx_word' id='word_1_112' title='bbox 659 1733 714 1774; x_wconf 81' lang='grc' dir='ltr'>σου</span> <span class='ocrx_word' id='word_1_113' title='bbox 739 1713 789 1798; x_wconf 91' lang='grc'>(1)</span> <span class='ocrx_word' id='word_1_114' title='bbox 815 1733 866 1774; x_wconf 86' lang='grc' dir='ltr'>και</span> <span class='ocrx_word' id='word_1_115' title='bbox 882 1733 958 1798; x_wconf 77' lang='grc' dir='ltr'>γυνη</span> <span class='ocrx_word' id='word_1_116' title='bbox 983 1703 1136 1778; x_wconf 61' lang='lat' dir='ltr'>irascare</span> <span class='ocrx_word' id='word_1_117' title='bbox 1148 1728 1201 1771; x_wconf 79' lang='grc' dir='ltr'>σου</span> <span class='ocrx_word' id='word_1_118' title='bbox 1220 1704 1305 1775; x_wconf 78' lang='lat' dir='ltr'>Mal.</span> <span class='ocrx_word' id='word_1_119' title='bbox 1326 1707 1377 1775; x_wconf 88' lang='grc' dir='ltr'>Π.</span> <span class='ocrx_word' id='word_1_120' title='bbox 1393 1705 1447 1775; x_wconf 85' lang='grc'>14.</span> <span class='ocrx_word' id='word_1_121' title='bbox 1470 1708 1533 1773; x_wconf 83' lang='lat' dir='ltr'>Pro</span> 
     </span>
     <span class='ocr_line' id='line_1_16' title="bbox 381 1812 1532 1906; baseline -0.003 -25"><span class='ocrx_word' id='word_1_122' title='bbox 381 1814 472 1881; x_wconf 86' lang='lat' dir='ltr'>xime</span> <span class='ocrx_word' id='word_1_123' title='bbox 496 1817 658 1906; x_wconf 89' lang='lat' dir='ltr'>sequitur</span> <span class='ocrx_word' id='word_1_124' title='bbox 681 1814 920 1904; x_wconf 85' lang='lat' dir='ltr'>significatio,</span> <span class='ocrx_word' id='word_1_125' title='bbox 945 1836 1015 1906; x_wconf 89' lang='lat' dir='ltr'>qna</span> <span class='ocrx_word' id='word_1_126' title='bbox 1039 1815 1072 1900; x_wconf 82' lang='lat' dir='ltr'>b)</span> <span class='ocrx_word' id='word_1_127' title='bbox 1095 1835 1226 1876; x_wconf 79' lang='grc' dir='ltr'><strong><em>κανωνια</em></strong></span> <span class='ocrx_word' id='word_1_128' title='bbox 1251 1812 1388 1882; x_wconf 88' lang='lat' dir='ltr'>dicitur</span> <span class='ocrx_word' id='word_1_129' title='bbox 1411 1812 1532 1902; x_wconf 88' lang='lat' dir='ltr'>pertici-</span> 
     </span>
     <span class='ocr_line' id='line_1_17' title="bbox 381 1919 1535 2012; baseline -0.003 -24"><span class='ocrx_word' id='word_1_130' title='bbox 381 1922 478 2012; x_wconf 87' lang='lat' dir='ltr'>paiio</span> <span class='ocrx_word' id='word_1_131' title='bbox 500 1944 542 1989; x_wconf 84' lang='lat' dir='ltr'>ex</span> <span class='ocrx_word' id='word_1_132' title='bbox 566 1922 665 1989; x_wconf 91' lang='lat' dir='ltr'>bonis</span> <span class='ocrx_word' id='word_1_133' title='bbox 688 1920 849 1992; x_wconf 81' lang='lat' dir='ltr'>ulterius.</span> <span class='ocrx_word' id='word_1_134' title='bbox 864 1922 971 1990; x_wconf 88' lang='lat' dir='ltr'>Omne</span> <span class='ocrx_word' id='word_1_135' title='bbox 988 1946 1055 1990; x_wconf 78' lang='lat' dir='ltr'>esce</span> <span class='ocrx_word' id='word_1_136' title='bbox 1077 1926 1231 1991; x_wconf 88' lang='lat' dir='ltr'>creatum</span> <span class='ocrx_word' id='word_1_137' title='bbox 1247 1919 1370 2012; x_wconf 91' lang='lat' dir='ltr'>aliquo</span> <span class='ocrx_word' id='word_1_138' title='bbox 1384 1924 1535 1989; x_wconf 70' lang='lat' dir='ltr'>senseat</span> 
     </span>
     <span class='ocr_line' id='line_1_18' title="bbox 382 2029 1535 2121; baseline -0.003 -26"><span class='ocrx_word' id='word_1_139' title='bbox 382 2029 611 2119; x_wconf 88' lang='lat' dir='ltr'>participatio</span> <span class='ocrx_word' id='word_1_140' title='bbox 633 2029 750 2097; x_wconf 89' lang='lat' dir='ltr'>divini</span> <span class='ocrx_word' id='word_1_141' title='bbox 767 2053 845 2112; x_wconf 80' lang='lat' dir='ltr'>esse,</span> <span class='ocrx_word' id='word_1_142' title='bbox 870 2035 1044 2121; x_wconf 87' lang='lat' dir='ltr'>quatenus</span> <span class='ocrx_word' id='word_1_143' title='bbox 1058 2050 1080 2096; x_wconf 92' lang='lat' dir='ltr'>a</span> <span class='ocrx_word' id='word_1_144' title='bbox 1095 2029 1167 2097; x_wconf 92' lang='lat' dir='ltr'>Deo</span> <span class='ocrx_word' id='word_1_145' title='bbox 1190 2033 1245 2096; x_wconf 87' lang='lat' dir='ltr'>est</span> <span class='ocrx_word' id='word_1_146' title='bbox 1267 2033 1310 2095; x_wconf 92' lang='lat' dir='ltr'>nt</span> <span class='ocrx_word' id='word_1_147' title='bbox 1325 2049 1433 2097; x_wconf 86' lang='lat' dir='ltr'>causa</span> <span class='ocrx_word' id='word_1_148' title='bbox 1446 2049 1535 2095; x_wconf 84' lang='lat' dir='ltr'>exen-</span> 
     </span>
     <span class='ocr_line' id='line_1_19' title="bbox 381 2132 1533 2227; baseline -0.003 -25"><span class='ocrx_word' id='word_1_149' title='bbox 381 2134 474 2225; x_wconf 87' lang='lat' dir='ltr'>plari</span> <span class='ocrx_word' id='word_1_150' title='bbox 497 2141 533 2203; x_wconf 88' lang='lat' dir='ltr'>et</span> <span class='ocrx_word' id='word_1_151' title='bbox 555 2135 741 2221; x_wconf 85' lang='lat' dir='ltr'>efficiente,</span> <span class='ocrx_word' id='word_1_152' title='bbox 767 2158 829 2205; x_wconf 88' lang='lat' dir='ltr'>seu</span> <span class='ocrx_word' id='word_1_153' title='bbox 853 2142 1024 2227; x_wconf 88' lang='lat' dir='ltr'>quatenus</span> <span class='ocrx_word' id='word_1_154' title='bbox 1047 2141 1122 2203; x_wconf 88' lang='lat' dir='ltr'>tum</span> <span class='ocrx_word' id='word_1_155' title='bbox 1145 2156 1167 2202; x_wconf 93' lang='lat' dir='ltr'>a</span> <span class='ocrx_word' id='word_1_156' title='bbox 1188 2135 1262 2202; x_wconf 90' lang='lat' dir='ltr'>Deo</span> <span class='ocrx_word' id='word_1_157' title='bbox 1285 2135 1462 2203; x_wconf 76' lang='lat' dir='ltr'>creatione</span> <span class='ocrx_word' id='word_1_158' title='bbox 1483 2132 1533 2199; x_wconf 89' lang='lat' dir='ltr'>ori·</span> 
     </span>
     <span class='ocr_line' id='line_1_20' title="bbox 380 2240 1536 2335; baseline -0.005 -23"><span class='ocrx_word' id='word_1_159' title='bbox 380 2245 496 2334; x_wconf 81' lang='lat' dir='ltr'>ginem</span> <span class='ocrx_word' id='word_1_160' title='bbox 520 2243 625 2313; x_wconf 89' lang='lat' dir='ltr'>habet</span> <span class='ocrx_word' id='word_1_161' title='bbox 647 2249 722 2312; x_wconf 90' lang='lat' dir='ltr'>tum</span> <span class='ocrx_word' id='word_1_162' title='bbox 746 2251 800 2312; x_wconf 90' lang='lat' dir='ltr'>est</span> <span class='ocrx_word' id='word_1_163' title='bbox 822 2243 942 2335; x_wconf 82' lang='lat' dir='ltr'>eliqua</span> <span class='ocrx_word' id='word_1_164' title='bbox 964 2243 1184 2312; x_wconf 75' lang='lat' dir='ltr'>adumbratio</span> <span class='ocrx_word' id='word_1_165' title='bbox 1208 2242 1352 2311; x_wconf 87' lang='lat' dir='ltr'>divinae</span> <span class='ocrx_word' id='word_1_166' title='bbox 1374 2240 1536 2333; x_wconf 73' lang='lat' dir='ltr'>perfectio</span> 
     </span>
     <span class='ocr_line' id='line_1_21' title="bbox 379 2349 1536 2442; baseline -0.003 -23"><span class='ocrx_word' id='word_1_167' title='bbox 379 2351 462 2438; x_wconf 87' lang='lat' dir='ltr'>nis;</span> <span class='ocrx_word' id='word_1_168' title='bbox 489 2351 548 2419; x_wconf 88' lang='lat' dir='ltr'>sed</span> <span class='ocrx_word' id='word_1_169' title='bbox 572 2350 638 2420; x_wconf 89' lang='lat' dir='ltr'>tali</span> <span class='ocrx_word' id='word_1_170' title='bbox 663 2350 935 2441; x_wconf 83' lang='lat' dir='ltr'>participatione</span> <span class='ocrx_word' id='word_1_171' title='bbox 957 2351 1116 2419; x_wconf 87' lang='lat' dir='ltr'>naturali</span> <span class='ocrx_word' id='word_1_172' title='bbox 1138 2349 1333 2441; x_wconf 87' lang='lat' dir='ltr'>supposita,</span> <span class='ocrx_word' id='word_1_173' title='bbox 1359 2351 1536 2442; x_wconf 86' lang='lat' dir='ltr'>etquidem</span> 
     </span>
     <span class='ocr_line' id='line_1_22' title="bbox 379 2456 1536 2548; baseline -0.003 -23"><span class='ocrx_word' id='word_1_174' title='bbox 379 2479 541 2547; x_wconf 88' lang='lat' dir='ltr'>suprema</span> <span class='ocrx_word' id='word_1_175' title='bbox 564 2478 651 2547; x_wconf 88' lang='lat' dir='ltr'>quae</span> <span class='ocrx_word' id='word_1_176' title='bbox 674 2457 781 2525; x_wconf 91' lang='lat' dir='ltr'>estin</span> <span class='ocrx_word' id='word_1_177' title='bbox 805 2457 990 2548; x_wconf 88' lang='lat' dir='ltr'>spiritibus</span> <span class='ocrx_word' id='word_1_178' title='bbox 1013 2457 1152 2541; x_wconf 87' lang='lat' dir='ltr'>creatis,</span> <span class='ocrx_word' id='word_1_179' title='bbox 1171 2456 1345 2526; x_wconf 86' lang='lat' dir='ltr'>revelatio</span> <span class='ocrx_word' id='word_1_180' title='bbox 1368 2457 1467 2525; x_wconf 90' lang='lat' dir='ltr'>nobis</span> <span class='ocrx_word' id='word_1_181' title='bbox 1482 2476 1536 2522; x_wconf 84' lang='lat' dir='ltr'>na-</span> 
     </span>
     <span class='ocr_line' id='line_1_23' title="bbox 379 2564 1536 2658; baseline -0.003 -25"><span class='ocrx_word' id='word_1_182' title='bbox 379 2567 526 2634; x_wconf 85' lang='lat' dir='ltr'>nifestat</span> <span class='ocrx_word' id='word_1_183' title='bbox 550 2565 855 2656; x_wconf 87' lang='lat' dir='ltr'>participationem</span> <span class='ocrx_word' id='word_1_184' title='bbox 879 2587 986 2658; x_wconf 88' lang='lat' dir='ltr'>supra</span> <span class='ocrx_word' id='word_1_185' title='bbox 1010 2587 1141 2634; x_wconf 88' lang='lat' dir='ltr'>omnem</span> <span class='ocrx_word' id='word_1_186' title='bbox 1173 2564 1389 2654; x_wconf 79' lang='lat' dir='ltr'>dignitatem</span> <span class='ocrx_word' id='word_1_187' title='bbox 1419 2573 1455 2634; x_wconf 90' lang='lat' dir='ltr'>et</span> <span class='ocrx_word' id='word_1_188' title='bbox 1481 2565 1536 2632; x_wconf 83' lang='lat' dir='ltr'>exi·</span> 
     </span>
     <span class='ocr_line' id='line_1_24' title="bbox 380 2671 1538 2763; baseline -0.005 -22"><span class='ocrx_word' id='word_1_189' title='bbox 380 2672 535 2762; x_wconf 80' lang='lat' dir='ltr'>gentiam</span> <span class='ocrx_word' id='word_1_190' title='bbox 559 2673 837 2742; x_wconf 89' lang='lat' dir='ltr'>substantiarum</span> <span class='ocrx_word' id='word_1_191' title='bbox 861 2680 1067 2743; x_wconf 88' lang='lat' dir='ltr'>creatarum.</span> <span class='ocrx_word' id='word_1_192' title='bbox 1087 2672 1295 2741; x_wconf 83' lang='lat' dir='ltr'>Huiusmodi</span> <span class='ocrx_word' id='word_1_193' title='bbox 1327 2671 1538 2763; x_wconf 84' lang='lat' dir='ltr'>participatio</span> 
     </span>
     <span class='ocr_line' id='line_1_25' title="bbox 380 2780 1536 2871; baseline -0.003 -21"><span class='ocrx_word' id='word_1_194' title='bbox 380 2780 663 2870; x_wconf 88' lang='lat' dir='ltr'>supernaturalis</span> <span class='ocrx_word' id='word_1_195' title='bbox 687 2789 741 2850; x_wconf 90' lang='lat' dir='ltr'>est</span> <span class='ocrx_word' id='word_1_196' title='bbox 763 2782 972 2850; x_wconf 85' lang='lat' dir='ltr'>assimilatio</span> <span class='ocrx_word' id='word_1_197' title='bbox 995 2783 1152 2871; x_wconf 85' lang='lat' dir='ltr'>perfecta</span> <span class='ocrx_word' id='word_1_198' title='bbox 1179 2781 1223 2849; x_wconf 91' lang='lat' dir='ltr'>ad</span> <span class='ocrx_word' id='word_1_199' title='bbox 1247 2781 1361 2871; x_wconf 88' lang='lat' dir='ltr'>ipsam</span> <span class='ocrx_word' id='word_1_200' title='bbox 1392 2788 1536 2848; x_wconf 86' lang='lat' dir='ltr'>naturam</span> 
     </span>
     <span class='ocr_line' id='line_1_26' title="bbox 379 2885 1538 2980; baseline -0.007 -22"><span class='ocrx_word' id='word_1_201' title='bbox 379 2889 537 2958; x_wconf 89' lang='lat' dir='ltr'>divinam</span> <span class='ocrx_word' id='word_1_202' title='bbox 562 2911 624 2978; x_wconf 90' lang='lat' dir='ltr'>per</span> <span class='ocrx_word' id='word_1_203' title='bbox 647 2891 801 2977; x_wconf 81' lang='lat' dir='ltr'>gratiam</span> <span class='ocrx_word' id='word_1_204' title='bbox 825 2890 1122 2974; x_wconf 83' lang='lat' dir='ltr'>sanctificantem,</span> <span class='ocrx_word' id='word_1_205' title='bbox 1147 2910 1235 2980; x_wconf 88' lang='lat' dir='ltr'>qnae</span> <span class='ocrx_word' id='word_1_206' title='bbox 1266 2889 1419 2957; x_wconf 90' lang='lat' dir='ltr'>animam</span> <span class='ocrx_word' id='word_1_207' title='bbox 1447 2885 1538 2956; x_wconf 86' lang='lat' dir='ltr'>afficit</span> 
     </span>
     <span class='ocr_line' id='line_1_27' title="bbox 378 2995 1537 3090; baseline -0.005 -25"><span class='ocrx_word' id='word_1_208' title='bbox 378 3004 413 3065; x_wconf 90' lang='lat' dir='ltr'>et</span> <span class='ocrx_word' id='word_1_209' title='bbox 438 3004 478 3064; x_wconf 89' lang='lat' dir='ltr'>ut</span> <span class='ocrx_word' id='word_1_210' title='bbox 501 2998 782 3087; x_wconf 87' lang='lat' dir='ltr'>supernaturalis</span> <span class='ocrx_word' id='word_1_211' title='bbox 806 2999 960 3090; x_wconf 86' lang='lat' dir='ltr'>qualitas</span> <span class='ocrx_word' id='word_1_212' title='bbox 982 2997 1223 3066; x_wconf 83' lang='lat' dir='ltr'>transformat.</span> <span class='ocrx_word' id='word_1_213' title='bbox 1242 2996 1321 3064; x_wconf 91' lang='lat' dir='ltr'>Duo</span> <span class='ocrx_word' id='word_1_214' title='bbox 1338 2995 1454 3085; x_wconf 79' lang='lat' dir='ltr'>igitur</span> <span class='ocrx_word' id='word_1_215' title='bbox 1467 3017 1537 3064; x_wconf 88' lang='lat' dir='ltr'>con·</span> 
     </span>
     <span class='ocr_line' id='line_1_28' title="bbox 378 3103 1536 3196; baseline -0.001 -25"><span class='ocrx_word' id='word_1_216' title='bbox 378 3103 546 3193; x_wconf 87' lang='lat' dir='ltr'>plectitur</span> <span class='ocrx_word' id='word_1_217' title='bbox 592 3134 608 3167; x_wconf 80' lang='lat' dir='ltr'>c</span> <span class='ocrx_word' id='word_1_218' title='bbox 636 3106 847 3175; x_wconf 87' lang='lat' dir='ltr'>consortium</span> <span class='ocrx_word' id='word_1_219' title='bbox 891 3113 1038 3175; x_wconf 88' lang='lat' dir='ltr'>naturae</span> <span class='ocrx_word' id='word_1_220' title='bbox 1080 3106 1232 3192; x_wconf 87' lang='lat' dir='ltr'>divinae,</span> <span class='ocrx_word' id='word_1_221' title='bbox 1256 3133 1273 3167; x_wconf 83' lang='lat' dir='ltr'>n</span> <span class='ocrx_word' id='word_1_222' title='bbox 1311 3104 1536 3196; x_wconf 81' lang='lat' dir='ltr'>perticipatio-</span> 
     </span>
     <span class='ocr_line' id='line_1_29' title="bbox 379 3210 1536 3302; baseline 0 -25"><span class='ocrx_word' id='word_1_223' title='bbox 379 3233 455 3278; x_wconf 87' lang='lat' dir='ltr'>nem</span> <span class='ocrx_word' id='word_1_224' title='bbox 480 3210 622 3279; x_wconf 90' lang='lat' dir='ltr'>divinae</span> <span class='ocrx_word' id='word_1_225' title='bbox 645 3218 793 3282; x_wconf 86' lang='lat' dir='ltr'>nat-urae</span> <span class='ocrx_word' id='word_1_226' title='bbox 811 3214 997 3301; x_wconf 77' lang='lat' dir='ltr'>formalem</span> <span class='ocrx_word' id='word_1_227' title='bbox 1019 3212 1077 3280; x_wconf 80' lang='lat' dir='ltr'>sed</span> <span class='ocrx_word' id='word_1_228' title='bbox 1099 3214 1319 3302; x_wconf 80' lang='lat' dir='ltr'>analopicam</span> <span class='ocrx_word' id='word_1_229' title='bbox 1342 3212 1421 3281; x_wconf 89' lang='lat' dir='ltr'>h.e.</span> <span class='ocrx_word' id='word_1_230' title='bbox 1436 3232 1536 3301; x_wconf 91' lang='lat' dir='ltr'>super·</span> 
     </span>
     <span class='ocr_line' id='line_1_30' title="bbox 376 3318 1537 3409; baseline -0.002 -24"><span class='ocrx_word' id='word_1_231' title='bbox 376 3318 573 3385; x_wconf 86' lang='lat' dir='ltr'>naturalem</span> <span class='ocrx_word' id='word_1_232' title='bbox 597 3319 883 3389; x_wconf 89' lang='lat' dir='ltr'>assimilationem</span> <span class='ocrx_word' id='word_1_233' title='bbox 908 3322 952 3388; x_wconf 90' lang='lat' dir='ltr'>ad</span> <span class='ocrx_word' id='word_1_234' title='bbox 975 3327 1138 3389; x_wconf 87' lang='lat' dir='ltr'>naturam</span> <span class='ocrx_word' id='word_1_235' title='bbox 1161 3321 1319 3390; x_wconf 91' lang='lat' dir='ltr'>divinam</span> <span class='ocrx_word' id='word_1_236' title='bbox 1343 3321 1408 3409; x_wconf 83' lang='grc'>(2),</span> <span class='ocrx_word' id='word_1_237' title='bbox 1430 3327 1465 3389; x_wconf 89' lang='lat' dir='ltr'>ct</span> <span class='ocrx_word' id='word_1_238' title='bbox 1484 3319 1537 3385; x_wconf 88' lang='lat' dir='ltr'>hac</span> 
     </span>
     <span class='ocr_line' id='line_1_31' title="bbox 376 3423 1537 3518; baseline 0 -28"><span class='ocrx_word' id='word_1_239' title='bbox 376 3423 602 3513; x_wconf 87' lang='lat' dir='ltr'>dispositione</span> <span class='ocrx_word' id='word_1_240' title='bbox 626 3426 808 3515; x_wconf 85' lang='lat' dir='ltr'>supposita</span> <span class='ocrx_word' id='word_1_241' title='bbox 830 3448 871 3495; x_wconf 92' lang='lat' dir='ltr'>ac</span> <span class='ocrx_word' id='word_1_242' title='bbox 894 3450 955 3516; x_wconf 87' lang='lat' dir='ltr'>per</span> <span class='ocrx_word' id='word_1_243' title='bbox 979 3426 1043 3496; x_wconf 90' lang='lat' dir='ltr'>hoc</span> <span class='ocrx_word' id='word_1_244' title='bbox 1066 3426 1179 3496; x_wconf 85' lang='lat' dir='ltr'>veluti</span> <span class='ocrx_word' id='word_1_245' title='bbox 1202 3427 1386 3496; x_wconf 86' lang='lat' dir='ltr'>vinculum</span> <span class='ocrx_word' id='word_1_246' title='bbox 1410 3425 1537 3518; x_wconf 88' lang='lat' dir='ltr'>partici-</span> 
     </span>
     <span class='ocr_line' id='line_1_32' title="bbox 376 3532 1537 3626; baseline -0.001 -26"><span class='ocrx_word' id='word_1_247' title='bbox 376 3532 551 3622; x_wconf 88' lang='lat' dir='ltr'>pationem</span> <span class='ocrx_word' id='word_1_248' title='bbox 575 3553 720 3618; x_wconf 82' lang='grc' dir='ltr'>σχετικην</span> <span class='ocrx_word' id='word_1_249' title='bbox 742 3532 884 3622; x_wconf 87' lang='lat' dir='ltr'>(Cyrill.</span> <span class='ocrx_word' id='word_1_250' title='bbox 902 3533 1121 3623; x_wconf 56' lang='lat' dir='ltr'>dialogum.</span> <span class='ocrx_word' id='word_1_251' title='bbox 1133 3533 1224 3603; x_wconf 64' lang='lat' dir='ltr'>TN.</span> <span class='ocrx_word' id='word_1_252' title='bbox 1239 3535 1279 3602; x_wconf 87' lang='lat' dir='ltr'>P.</span> <span class='ocrx_word' id='word_1_253' title='bbox 1295 3536 1327 3604; x_wconf 91' lang='grc' dir='ltr'>Ι.</span> <span class='ocrx_word' id='word_1_254' title='bbox 1338 3561 1374 3626; x_wconf 88' lang='lat' dir='ltr'>p.</span> <span class='ocrx_word' id='word_1_255' title='bbox 1390 3537 1482 3622; x_wconf 75' lang='lat'><strong>643),</strong></span> <span class='ocrx_word' id='word_1_256' title='bbox 1495 3533 1537 3601; x_wconf 85' lang='lat' dir='ltr'>ri-</span> 
     </span>
     <span class='ocr_line' id='line_1_33' title="bbox 376 3638 1537 3731; baseline 0 -25"><span class='ocrx_word' id='word_1_257' title='bbox 376 3638 503 3709; x_wconf 88' lang='lat' dir='ltr'>delicet</span> <span class='ocrx_word' id='word_1_258' title='bbox 529 3640 688 3709; x_wconf 90' lang='lat' dir='ltr'>intimam</span> <span class='ocrx_word' id='word_1_259' title='bbox 713 3640 873 3708; x_wconf 90' lang='lat' dir='ltr'>unionem</span> <span class='ocrx_word' id='word_1_260' title='bbox 897 3664 974 3709; x_wconf 90' lang='lat' dir='ltr'>oum</span> <span class='ocrx_word' id='word_1_261' title='bbox 999 3642 1077 3731; x_wconf 89' lang='lat' dir='ltr'>ipsa</span> <span class='ocrx_word' id='word_1_262' title='bbox 1101 3641 1302 3710; x_wconf 85' lang='lat' dir='ltr'>substantia</span> <span class='ocrx_word' id='word_1_263' title='bbox 1326 3643 1469 3712; x_wconf 88' lang='lat' dir='ltr'>divinae</span> <span class='ocrx_word' id='word_1_264' title='bbox 1489 3662 1537 3708; x_wconf 87' lang='lat' dir='ltr'>na-</span> 
     </span>
    </p>
   </div>
   <div class='ocr_carea' id='block_1_3' title="bbox 428 3837 1487 3940">
    <p class='ocr_par' dir='ltr' id='par_1_3' title="bbox 428 3837 1487 3940">
     <span class='ocr_line' id='line_1_34' title="bbox 428 3837 1487 3940; baseline 0.015 -49"><span class='ocrx_word' id='word_1_265' title='bbox 428 3837 470 3911; x_wconf 89' lang='grc'>(1)</span> <span class='ocrx_word' id='word_1_266' title='bbox 483 3841 516 3893; x_wconf 92' lang='lat' dir='ltr'>In</span> <span class='ocrx_word' id='word_1_267' title='bbox 531 3842 618 3894; x_wconf 81' lang='lat' dir='ltr'><strong>Lxx.</strong></span> <span class='ocrx_word' id='word_1_268' title='bbox 630 3844 745 3909; x_wconf 83' lang='lat' dir='ltr'>saepius</span> <span class='ocrx_word' id='word_1_269' title='bbox 764 3845 842 3937; x_wconf 53' lang='grc' dir='ltr'>Ἶέῐ]</span> <span class='ocrx_word' id='word_1_270' title='bbox 874 3846 965 3898; x_wconf 79' lang='lat' dir='ltr'>socius</span> <span class='ocrx_word' id='word_1_271' title='bbox 984 3847 1112 3900; x_wconf 86' lang='lat' dir='ltr'>vertitur</span> <span class='ocrx_word' id='word_1_272' title='bbox 1125 3867 1252 3916; x_wconf 73' lang='grc' dir='ltr'><strong><em>κοινωνος,</em></strong></span> <span class='ocrx_word' id='word_1_273' title='bbox 1268 3848 1298 3903; x_wconf 83' lang='lat' dir='ltr'>h.</span> <span class='ocrx_word' id='word_1_274' title='bbox 1311 3852 1333 3905; x_wconf 93' lang='lat' dir='ltr'>l.</span> <span class='ocrx_word' id='word_1_275' title='bbox 1353 3851 1487 3940; x_wconf 61' lang='grc' dir='ltr'>ἸῌὊῌ</span> 
     </span>
    </p>
   </div>
   <div class='ocr_carea' id='block_1_4' title="bbox 369 3954 1542 4483">
    <p class='ocr_par' dir='ltr' id='par_1_4' title="bbox 369 3954 1542 4483">
     <span class='ocr_line' id='line_1_35' title="bbox 427 3954 1540 4037; baseline 0.013 -29"><span class='ocrx_word' id='word_1_276' title='bbox 427 3954 470 4028; x_wconf 77' lang='grc'>(2)</span> <span class='ocrx_word' id='word_1_277' title='bbox 490 3960 624 4012; x_wconf 77' lang='lat' dir='ltr'>«Donum</span> <span class='ocrx_word' id='word_1_278' title='bbox 637 3962 749 4026; x_wconf 82' lang='lat' dir='ltr'>gratiae</span> <span class='ocrx_word' id='word_1_279' title='bbox 771 3963 885 4018; x_wconf 85' lang='lat' dir='ltr'>excedit</span> <span class='ocrx_word' id='word_1_280' title='bbox 904 3980 1012 4018; x_wconf 89' lang='lat' dir='ltr'>omnem</span> <span class='ocrx_word' id='word_1_281' title='bbox 1028 3965 1192 4019; x_wconf 78' lang='lat' dir='ltr'>facultatem</span> <span class='ocrx_word' id='word_1_282' title='bbox 1213 3970 1337 4022; x_wconf 74' lang='lat' dir='ltr'>neturus</span> <span class='ocrx_word' id='word_1_283' title='bbox 1356 3977 1479 4037; x_wconf 76' lang='lat' dir='ltr'>crestae,</span> <span class='ocrx_word' id='word_1_284' title='bbox 1489 3985 1540 4024; x_wconf 84' lang='lat' dir='ltr'>cun</span> 
     </span>
     <span class='ocr_line' id='line_1_36' title="bbox 374 4047 1542 4127; baseline 0.011 -29"><span class='ocrx_word' id='word_1_285' title='bbox 374 4047 450 4099; x_wconf 89' lang='lat' dir='ltr'>nihil</span> <span class='ocrx_word' id='word_1_286' title='bbox 468 4047 547 4101; x_wconf 85' lang='lat' dir='ltr'>aliud</span> <span class='ocrx_word' id='word_1_287' title='bbox 562 4050 602 4102; x_wconf 88' lang='lat' dir='ltr'>sit</span> <span class='ocrx_word' id='word_1_288' title='bbox 619 4067 702 4118; x_wconf 87' lang='lat' dir='ltr'>quam</span> <span class='ocrx_word' id='word_1_289' title='bbox 716 4055 854 4121; x_wconf 81' lang='lat' dir='ltr'>quaedam</span> <span class='ocrx_word' id='word_1_290' title='bbox 866 4056 1052 4124; x_wconf 83' lang='lat' dir='ltr'>participatio</span> <span class='ocrx_word' id='word_1_291' title='bbox 1072 4055 1188 4110; x_wconf 79' lang='lat' dir='ltr'>diviuae</span> <span class='ocrx_word' id='word_1_292' title='bbox 1203 4061 1335 4126; x_wconf 83' lang='lat' dir='ltr'>naturae,</span> <span class='ocrx_word' id='word_1_293' title='bbox 1348 4075 1424 4127; x_wconf 81' lang='lat' dir='ltr'>qnae</span> <span class='ocrx_word' id='word_1_294' title='bbox 1443 4059 1542 4115; x_wconf 82' lang='lat' dir='ltr'>excedit</span> 
     </span>
     <span class='ocr_line' id='line_1_37' title="bbox 373 4138 1542 4215; baseline 0.011 -28"><span class='ocrx_word' id='word_1_295' title='bbox 373 4150 480 4189; x_wconf 87' lang='lat' dir='ltr'>omnem</span> <span class='ocrx_word' id='word_1_296' title='bbox 502 4138 588 4191; x_wconf 85' lang='lat' dir='ltr'>aliam</span> <span class='ocrx_word' id='word_1_297' title='bbox 608 4144 786 4198; x_wconf 79' lang='lat' dir='ltr'>naturam...</span> <span class='ocrx_word' id='word_1_298' title='bbox 802 4143 849 4197; x_wconf 87' lang='lat' dir='ltr'>Sic</span> <span class='ocrx_word' id='word_1_299' title='bbox 866 4159 980 4198; x_wconf 86' lang='lat' dir='ltr'>necasse</span> <span class='ocrx_word' id='word_1_300' title='bbox 1002 4146 1048 4197; x_wconf 85' lang='lat' dir='ltr'>ast</span> <span class='ocrx_word' id='word_1_301' title='bbox 1068 4144 1142 4212; x_wconf 87' lang='lat' dir='ltr'>qnod</span> <span class='ocrx_word' id='word_1_302' title='bbox 1157 4146 1235 4198; x_wconf 90' lang='lat' dir='ltr'>solus</span> <span class='ocrx_word' id='word_1_303' title='bbox 1250 4146 1328 4199; x_wconf 82' lang='lat' dir='ltr'>Deus</span> <span class='ocrx_word' id='word_1_304' title='bbox 1347 4147 1469 4215; x_wconf 80' lang='lat' dir='ltr'>deificet,</span> <span class='ocrx_word' id='word_1_305' title='bbox 1483 4164 1542 4202; x_wconf 88' lang='lat' dir='ltr'>cou-</span> 
     </span>
     <span class='ocr_line' id='line_1_38' title="bbox 372 4227 1541 4306; baseline 0.011 -29"><span class='ocrx_word' id='word_1_306' title='bbox 372 4227 540 4281; x_wconf 84' lang='lat' dir='ltr'>muuicundo</span> <span class='ocrx_word' id='word_1_307' title='bbox 561 4231 734 4284; x_wconf 87' lang='lat' dir='ltr'>consortium</span> <span class='ocrx_word' id='word_1_308' title='bbox 753 4231 871 4287; x_wconf 84' lang='lat' dir='ltr'>divinae</span> <span class='ocrx_word' id='word_1_309' title='bbox 890 4239 1011 4287; x_wconf 82' lang='lat' dir='ltr'>naturae</span> <span class='ocrx_word' id='word_1_310' title='bbox 1033 4249 1085 4301; x_wconf 89' lang='lat' dir='ltr'>per</span> <span class='ocrx_word' id='word_1_311' title='bbox 1105 4233 1256 4302; x_wconf 84' lang='lat' dir='ltr'>qnamdam</span> <span class='ocrx_word' id='word_1_312' title='bbox 1269 4237 1476 4293; x_wconf 81' lang='lat' dir='ltr'>similitudinis</span> <span class='ocrx_word' id='word_1_313' title='bbox 1488 4253 1541 4306; x_wconf 82' lang='lat' dir='ltr'>par·</span> 
     </span>
     <span class='ocr_line' id='line_1_39' title="bbox 369 4316 1539 4396; baseline 0.01 -28"><span class='ocrx_word' id='word_1_314' title='bbox 369 4316 575 4385; x_wconf 84' lang='lat' dir='ltr'>ticipationen;</span> <span class='ocrx_word' id='word_1_315' title='bbox 589 4320 665 4373; x_wconf 83' lang='lat' dir='ltr'>sicut</span> <span class='ocrx_word' id='word_1_316' title='bbox 677 4319 857 4390; x_wconf 88' lang='lat' dir='ltr'>impossibile</span> <span class='ocrx_word' id='word_1_317' title='bbox 876 4326 930 4389; x_wconf 80' lang='lat' dir='ltr'>esi,</span> <span class='ocrx_word' id='word_1_318' title='bbox 946 4321 1021 4391; x_wconf 90' lang='lat' dir='ltr'>qnod</span> <span class='ocrx_word' id='word_1_319' title='bbox 1040 4323 1153 4391; x_wconf 85' lang='lat' dir='ltr'>aliquid</span> <span class='ocrx_word' id='word_1_320' title='bbox 1167 4325 1264 4390; x_wconf 80' lang='lat' dir='ltr'>igniat</span> <span class='ocrx_word' id='word_1_321' title='bbox 1275 4325 1337 4379; x_wconf 87' lang='lat' dir='ltr'>nisi</span> <span class='ocrx_word' id='word_1_322' title='bbox 1351 4330 1434 4382; x_wconf 91' lang='lat' dir='ltr'>solus</span> <span class='ocrx_word' id='word_1_323' title='bbox 1447 4329 1539 4396; x_wconf 69' lang='lat' dir='ltr'>ignisq</span> 
     </span>
     <span class='ocr_line' id='line_1_40' title="bbox 370 4403 1398 4483; baseline 0.018 -28"><span class='ocrx_word' id='word_1_324' title='bbox 370 4403 399 4457; x_wconf 76' lang='lat' dir='ltr'>S.</span> <span class='ocrx_word' id='word_1_325' title='bbox 411 4405 463 4458; x_wconf 80' lang='lat' dir='ltr'>uh.</span> <span class='ocrx_word' id='word_1_326' title='bbox 477 4407 502 4458; x_wconf 89' lang='lat'>1.</span> <span class='ocrx_word' id='word_1_327' title='bbox 517 4407 543 4459; x_wconf 76' lang='lat'>2.</span> <span class='ocrx_word' id='word_1_328' title='bbox 556 4423 584 4475; x_wconf 83' lang='lat' dir='ltr'>q.</span> <span class='ocrx_word' id='word_1_329' title='bbox 595 4407 656 4463; x_wconf 78' lang='lat'>112.</span> <span class='ocrx_word' id='word_1_330' title='bbox 669 4425 694 4465; x_wconf 81' lang='lat' dir='ltr'>a.</span> <span class='ocrx_word' id='word_1_331' title='bbox 709 4410 734 4464; x_wconf 89' lang='lat'>1.</span> <span class='ocrx_word' id='word_1_332' title='bbox 746 4411 818 4468; x_wconf 84' lang='lat' dir='ltr'>Vide</span> <span class='ocrx_word' id='word_1_333' title='bbox 837 4411 866 4466; x_wconf 78' lang='lat' dir='ltr'>S.</span> <span class='ocrx_word' id='word_1_334' title='bbox 880 4411 983 4480; x_wconf 84' lang='lat' dir='ltr'>Oyrlll.</span> <span class='ocrx_word' id='word_1_335' title='bbox 997 4410 1105 4478; x_wconf 71' lang='lat' dir='ltr'>eicior.</span> <span class='ocrx_word' id='word_1_336' title='bbox 1116 4411 1182 4469; x_wconf 81' lang='lat' dir='ltr'>vn.</span> <span class='ocrx_word' id='word_1_337' title='bbox 1196 4413 1228 4468; x_wconf 75' lang='grc' dir='ltr'>Τ.</span> <span class='ocrx_word' id='word_1_338' title='bbox 1242 4415 1276 4470; x_wconf 83' lang='lat' dir='ltr'>V.</span> <span class='ocrx_word' id='word_1_339' title='bbox 1288 4430 1320 4483; x_wconf 85' lang='lat' dir='ltr'>p.</span> <span class='ocrx_word' id='word_1_340' title='bbox 1332 4415 1398 4472; x_wconf 72' lang='lat'>644.</span> 
     </span>
    </p>
   </div>
   <div class='ocr_carea' id='block_1_5' title="bbox 0 0 1592 4950">
    <p class='ocr_par' dir='ltr' id='par_1_5' title="bbox 0 0 1592 4950">
     <span class='ocr_line' id='line_1_41' title="bbox 0 0 1592 4950; baseline 0 0"><span class='ocrx_word' id='word_1_341' title='bbox 0 0 1592 4950; x_wconf 95' lang='lat' dir='ltr'> </span> 
     </span>
    </p>
   </div>
  </div>
 </body>
</html>
