3172 4950
673 357 711 371 -
733 321 793 384 235
814 355 852 369 -

188 434 342 505 1111111111
357 438 560 525 perspectae
576 437 682 525 atque
703 429 934 520 acogentibus
949 429 1195 520 argumentis»
1214 429 1349 498 demon·

188 548 305 611 nanc
321 541 330 608 1
347 538 708 617 consubstantialitas
723 560 784 608 seu
799 537 999 607 essentialis
1015 536 1214 629 aequalitas
1230 537 1349 611 Patris

188 674 212 719 io
231 649 323 718 Filii
346 670 415 717 non
439 647 666 740 consequitur
689 646 824 715 demum
840 669 902 736 per
918 644 1167 734 processionem
1192 644 1362 735 Spiritus-

188 757 319 843 lancti,
347 756 408 826 sed
432 756 553 826 ordine
576 757 716 826 inverso
732 778 775 824 ex
788 753 1156 824 consubstantialitate
1166 754 1256 822 Filii
1272 777 1349 824 cum

188 866 278 935 .’atre
303 864 543 956 consequitur,
556 863 647 955 quod
670 863 702 930 si
718 862 827 930 tertia
849 882 997 952 persona
1012 861 1177 951 procedat
1191 882 1214 928 a
1228 861 1347 946 Patre,

188 974 288 1042 adem
312 971 420 1041 etiam
443 971 608 1062 procedat
630 991 652 1037 a
674 969 792 1054 Filio,
811 992 879 1038 non
895 983 934 1035 11
951 968 1138 1035 inducatur
1151 967 1348 1060 aequalitas

188 1081 231 1150 ed
255 1083 344 1172 qaia
368 1094 417 1146 eat
442 1080 600 1171 aequalis
629 1077 747 1147 Filius
777 1078 889 1163 Patri,
916 1077 951 1146 h.
973 1100 1003 1146 e.
1019 1077 1102 1170 quia
1124 1077 1349 1167 generatione

188 1188 302 1278 recipit
326 1186 442 1254 omnia
466 1192 661 1278 quaesunt
686 1184 805 1254 Patris
829 1185 918 1272 (sola
948 1191 1093 1276 excepta
1123 1184 1265 1253 formali
1294 1206 1349 1253 ra·

188 1299 268 1367 ione
282 1295 546 1380 Paternitatis).

307 1404 412 1474 Sicut
433 1403 547 1494 igitur
566 1403 636 1472 iam
659 1404 774 1494 ipsum
797 1403 1074 1488 fundamentum,
1092 1403 1279 1472 rationalis
1298 1403 1349 1472 in·

188 1536 275 1607 qnam
300 1511 553 1583 demonstratio
575 1511 812 1601 generationis
834 1511 922 1579 Filii
938 1533 960 1578 a
977 1511 1081 1580 Patre
1096 1533 1165 1580 non
1188 1511 1256 1579 sibi
1272 1533 1349 1581 eon·

188 1628 269 1707 1111,
294 1621 348 1688 ita
372 1621 457 1688 haee
481 1619 593 1688 altera
617 1619 868 1689 demonstratio
883 1619 1113 1710 processionis
1127 1619 1256 1689 tertiae
1274 1642 1350 1710 per-

188 1751 276 1798 ronae
297 1727 407 1797 etiam
429 1749 490 1818 per
514 1749 550 1795 se
573 1733 731 1817 spectata
754 1749 899 1817 prorsus
928 1726 1029 1795 nulla
1060 1733 1125 1796 est.
1162 1727 1250 1810 Quis
1280 1729 1349 1795 iam

188 1859 259 1907 vero
273 1858 390 1906 coram
406 1841 567 1926 spectans
583 1834 673 1904 hane
692 1864 709 1899 a
723 1834 934 1924 theologiam
952 1834 1217 1925 speculativam,
1232 1862 1247 1898 1
1263 1857 1350 1928 quae

188 1943 386 2035 principium
410 1942 475 2011 SS.
489 1942 635 2016 Petrum
658 1946 694 2010 et
717 1940 960 2030 theologorum
986 1968 1002 2005 a
1026 1941 1129 2010 credo
1153 1948 1195 2010 ut
1218 1941 1350 2011 intelli·

188 2073 300 2142 gam,n
329 2051 448 2119 «fides
471 2049 610 2141 quaerit
640 2048 909 2134 intellectum,
937 2049 1053 2118 voluit
1084 2057 1286 2120 convertere
1309 2052 1346 2119 in

188 2162 387 2251 oppositum:
408 2187 425 2223 a
443 2157 605 2247 intelligo
622 2157 819 2244 veritatem,
839 2164 881 2227 ut
896 2157 1034 2228 credam
1058 2158 1190 2228 factum
1207 2158 1349 2228 histori-

190 2380 254 2436 aiert
264 2380 406 2449 processio
425 2394 611 2448 personarum
627 2378 769 2432 efundari
788 2379 820 2431 iu
838 2379 904 2447 ipsa
916 2381 1022 2433 natura
1034 2379 1171 2447 absoluti,
1186 2382 1216 2433 et
1228 2384 1350 2450 utraque

190 2471 296 2527 baberet
308 2488 394 2527 unam
408 2487 440 2524 ac
453 2469 570 2523 eandem
589 2469 776 2523 intrinsecam
796 2469 1006 2536 necessitatem,
1023 2485 1054 2522 eo
1074 2472 1165 2523 solum
1183 2469 1350 2523 discrimine

193 2565 254 2633 qaod
265 2564 371 2619 creatio
383 2560 590 2630 praesupponit
608 2561 816 2630 emanationem
835 2557 1056 2630 (processionem
1075 2555 1281 2631 personarum),
1294 2576 1350 2613 non

194 2657 243 2709 rica
260 2670 342 2708 versa
362 2653 431 2706 haec
448 2653 540 2704 illam.
556 2672 567 2700 1
588 2651 661 2719 Lyd.
672 2651 750 2703 1852.
766 2668 794 2718 p.
807 2649 868 2703 260.
882 2667 925 2718 sq.
938 2654 967 2702 et
977 2651 1092 2717 saepius
1111 2649 1194 2703 alibi.
1206 2651 1266 2702 Iam
1279 2650 1352 2704 hanc

194 2744 378 2797 aeoessitatem
398 2739 513 2795 creandi
526 2742 584 2794 Deo
600 2741 787 2793 intrinsecam
798 2754 853 2792 nou
869 2755 979 2807 semper
990 2738 1084 2792 eodem
1098 2737 1179 2792 modo
1198 2739 1349 2806 explicuit.

194 2832 244 2888 bna
262 2850 296 2888 cx
312 2834 375 2887 eius
398 2832 642 2886 declarationibus
660 2832 728 2885 haec
749 2835 803 2884 est:
822 2831 916 2884 Filius
938 2847 995 2884 non
1018 2836 1137 2897 generat
1159 2832 1235 2884 sieut
1253 2833 1349 2898 Pater,

195 2928 217 2976 11
230 2925 353 2993 Spiritus
372 2924 494 2976 Sanctus
515 2924 624 2975 nullam
637 2922 725 2974 aliam
744 2921 878 2988 producit
890 2937 1048 2989 personam,
1071 2922 1106 2975 ad
1127 2922 1200 2975 hanc
1216 2922 1351 2990 inaequa-

195 3014 290 3069 litatem
308 3015 389 3067 inter
408 3028 544 3081 personas
564 3012 596 3065 in
617 3012 851 3066 manifestatione
870 3011 905 3065 ad
925 3013 1004 3065 intra
1028 3011 1243 3079 exaequandam
1258 3027 1351 3066 neces·

194 3104 256 3159 uria
275 3109 319 3158 est
333 3103 451 3157 creatio:
475 3122 488 3149 u
500 3103 608 3156 creatio
627 3104 771 3168 exaequat
789 3101 1015 3167 inaequalitates
1029 3101 1060 3153 in
1074 3102 1270 3168 emanatione,
1284 3102 1353 3170 quia

193 3210 232 3261 per
248 3196 419 3250 creationem
448 3209 499 3260 pro
522 3193 648 3258 singulis
674 3192 895 3247 coefflcientibus
923 3191 1040 3245 divinae
1063 3191 1179 3245 'l'riadis
1207 3191 1280 3264 (1.1.
1301 3207 1352 3260 pro

193 3282 321 3355 personis)
340 3284 472 3352 aequalis
492 3284 614 3338 scientia
634 3283 668 3336 de
688 3298 738 3336 suo
756 3285 825 3336 Eece
844 3283 977 3335 absoluto
1001 3264 1159 3336 inducitur.
1176 3303 1189 3330 1
1209 3284 1349 3349 Putares,

192 3389 245 3444 ergo
263 3378 366 3431 saltem
390 3377 584 3443 operationem
605 3375 642 3426 ad
661 3383 738 3426 extra
759 3390 820 3427 esse
840 3388 1012 3427 communem
1031 3375 1126 3427 tribus
1151 3374 1294 3441 personia.
1314 3372 1353 3428 At

191 3479 219 3518 aa
234 3464 389 3534 idquidem
402 3463 577 3518 admittitur.
589 3464 657 3518 (lum
678 3464 753 3517 enim
773 3467 833 3517 tres
845 3478 984 3532 personae
1005 3479 1061 3516 non
1082 3463 1143 3516 sint
1159 3478 1217 3517 una
1236 3477 1352 3515 numero

190 3555 342 3610 1111111111
361 3554 412 3608 aed
432 3555 613 3608 substantiae
635 3557 715 3621 tres,
735 3554 863 3622 operatio
884 3554 970 3607 unius
984 3553 1096 3607 abunde
1110 3554 1213 3606 11111111
1223 3568 1274 3605 nec
1284 3551 1352 3606 aliis

188 3647 307 3713 personis
326 3650 506 3715 potestesse
526 3647 605 3700 locus
621 3648 651 3699 in
675 3662 733 3699 11111
753 3644 907 3712 eademque
927 3646 1102 3712 operatione.
1117 3644 1262 3708 Quaenam
1284 3657 1350 3707 ergo

188 3754 299 3807 persona
318 3738 444 3792 creatrix
469 3739 536 3790 eet?
555 3736 722 3806 Respondet
743 3737 892 3790 Giinther:
914 3737 983 3803 quia
1004 3737 1080 3789 uilla
1105 3734 1232 3788 deiectus
1259 3737 1351 3802 pater·

188 3830 333 3884 1111111111
355 3828 452 3893 Filio,
475 3831 520 3880 est
543 3827 664 3894 primum
684 3830 855 3901 momentum
876 3827 1052 3892 negativum,
1069 3847 1081 3874 e
1103 3829 1254 3893 propterea
1273 3826 1352 3878 solus

188 3920 271 3976 111111
289 3924 369 3975 creat
389 3919 424 3973 ad
447 3918 603 3972 tollendam
624 3919 706 3971 illam
722 3918 921 3984 negationem,
940 3922 969 3971 et
989 3918 1029 3970 sic
1049 3932 1101 3985 per
1120 3917 1290 3971 creationem
1309 3917 1353 3970 in-

188 4011 292 4066 lueitur
311 4012 343 4064 111
357 4012 415 4064 Deo
434 4009 609 4063 conscientia
628 4007 818 4075 aequalitatis
840 4009 919 4061 inter
943 4011 1002 4061 tres
1026 4023 1173 4075 personas.
1195 4008 1317 4060 Thomas
1336 4024 1353 4061 a

188 4102 327 4170 lerapulis
346 4100 538 4169 p.1‘1‘1-181.;
560 4099 630 4154 Viae
651 4099 761 4151 mediae
781 4098 812 4150 in
833 4098 1018 4166 philosophia
1037 4114 1066 4165 p.
1079 4096 1209 4152 358-362.
1230 4097 1307 4161 Quot
1325 4100 1355 4151 et

188 4192 281 4261 quanti
304 4191 368 4244 sint
386 4191 435 4244 hic
455 4205 584 4257 errores,
608 4189 803 4242 catechismus
825 4187 915 4242 docet.
937 4188 991 4242 Sed
1012 4189 1147 4256 quoniam
1167 4204 1243 4241 nnnc
1262 4187 1353 4242 adhuc

189 4285 323 4351 equinum
345 4280 380 4333 de
404 4280 434 4333 11
453 4279 706 4333 demonstrationis
726 4279 890 4346 rationalis,
904 4295 976 4347 quae
997 4279 1131 4346 iactatur,
1154 4278 1272 4332 adverte
1285 4278 1354 4331 haee

188 4374 342 4438 ammenta,
355 4385 429 4438 quae
448 4373 478 4422 et
497 4383 531 4422 ex
551 4368 728 4422 revelatione
748 4372 778 4421 et
797 4384 830 4421 ex
843 4369 956 4422 ratione
969 4371 1038 4421 sunt
1051 4367 1201 4421 evidenter
1215 4365 1351 4432 absurda,

188 4461 276 4517 oduei
294 4461 379 4515 velut
396 4458 579 4530 probationes
598 4457 811 4528 philosophicae
831 4458 966 4525 mysterii
986 4458 1035 4514 SS.
1048 4456 1203 4514 Trinitatis
1217 4458 1235 4511 ll
1332 4510 1339 4525 ,
