<?xml version="1.0" encoding="UTF-8"?>
<!DOCTYPE html PUBLIC "-//W3C//DTD XHTML 1.0 Transitional//EN"
    "http://www.w3.org/TR/xhtml1/DTD/xhtml1-transitional.dtd">
<html xmlns="http://www.w3.org/1999/xhtml" xml:lang="en" lang="en">
 <head>
  <title>
</title>
<meta http-equiv="Content-Type" content="text/html;charset=utf-8" />
  <meta name='ocr-system' content='tesseract 3.04.00' />
  <meta name='ocr-capabilities' content='ocr_page ocr_carea ocr_par ocr_line ocrx_word'/>
</head>
<body>
  <div class='ocr_page' id='page_1' title='image "./tractatusdedeot00frangoog/tractatusdedeot00frangoog_0425.png"; bbox 0 0 3180 4944; ppageno 0'>
   <div class='ocr_carea' id='block_1_1' title="bbox 206 82 1387 2432">
    <p class='ocr_par' dir='ltr' id='par_1_1' title="bbox 206 82 1387 2432">
     <span class='ocr_line' id='line_1_1' title="bbox 701 82 881 146; baseline 0.011 -2"><span class='ocrx_word' id='word_1_1' title='bbox 701 112 739 131; x_wconf 91' lang='lat'><strong>·-</strong></span> <span class='ocrx_word' id='word_1_2' title='bbox 761 82 821 146; x_wconf 75' lang='lat'><strong>414</strong></span> <span class='ocrx_word' id='word_1_3' title='bbox 843 114 881 133; x_wconf 90' lang='lat'>-</span> 
     </span>
     <span class='ocr_line' id='line_1_2' title="bbox 207 187 1376 284; baseline 0.002 -23"><span class='ocrx_word' id='word_1_4' title='bbox 207 190 268 277; x_wconf 86' lang='lat' dir='ltr'><strong>sit,</strong></span> <span class='ocrx_word' id='word_1_5' title='bbox 286 211 356 259; x_wconf 90' lang='lat' dir='ltr'><strong>non</strong></span> <span class='ocrx_word' id='word_1_6' title='bbox 377 193 434 258; x_wconf 89' lang='lat' dir='ltr'><strong>est</strong></span> <span class='ocrx_word' id='word_1_7' title='bbox 447 187 627 279; x_wconf 77' lang='lat' dir='ltr'><strong>prioritas,</strong></span> <span class='ocrx_word' id='word_1_8' title='bbox 645 187 747 282; x_wconf 87' lang='lat' dir='ltr'><strong>quasi</strong></span> <span class='ocrx_word' id='word_1_9' title='bbox 763 189 961 282; x_wconf 72' lang='lat' dir='ltr'><strong>inteilipere</strong></span> <span class='ocrx_word' id='word_1_10' title='bbox 982 197 1168 284; x_wconf 83' lang='lat' dir='ltr'><strong>paternum</strong></span> <span class='ocrx_word' id='word_1_11' title='bbox 1189 189 1376 263; x_wconf 82' lang='lat' dir='ltr'><strong>relativum</strong></span> 
     </span>
     <span class='ocr_line' id='line_1_3' title="bbox 206 292 1376 391; baseline 0.003 -24"><span class='ocrx_word' id='word_1_12' title='bbox 206 303 323 390; x_wconf 88' lang='lat' dir='ltr'><strong>posset</strong></span> <span class='ocrx_word' id='word_1_13' title='bbox 345 295 481 388; x_wconf 87' lang='lat' dir='ltr'><strong>o&#39;onoipi</strong></span> <span class='ocrx_word' id='word_1_14' title='bbox 503 295 579 383; x_wconf 83' lang='lat' dir='ltr'><strong>sine</strong></span> <span class='ocrx_word' id='word_1_15' title='bbox 601 296 738 382; x_wconf 90' lang='lat' dir='ltr'><strong>Verbo,</strong></span> <span class='ocrx_word' id='word_1_16' title='bbox 765 299 859 367; x_wconf 89' lang='lat' dir='ltr'><strong>siout</strong></span> <span class='ocrx_word' id='word_1_17' title='bbox 873 320 903 368; x_wconf 91' lang='lat' dir='ltr'><strong>e.</strong></span> <span class='ocrx_word' id='word_1_18' title='bbox 921 324 958 389; x_wconf 77' lang='lat' dir='ltr'><strong>g.</strong></span> <span class='ocrx_word' id='word_1_19' title='bbox 984 292 1121 391; x_wconf 87' lang='lat' dir='ltr'><strong>eonoipi</strong></span> <span class='ocrx_word' id='word_1_20' title='bbox 1150 304 1269 391; x_wconf 86' lang='lat' dir='ltr'><strong>potest</strong></span> <span class='ocrx_word' id='word_1_21' title='bbox 1286 298 1376 371; x_wconf 83' lang='lat' dir='ltr'><strong>Deus</strong></span> 
     </span>
     <span class='ocr_line' id='line_1_4' title="bbox 207 404 1375 501; baseline 0.004 -27"><span class='ocrx_word' id='word_1_22' title='bbox 207 406 282 475; x_wconf 90' lang='lat' dir='ltr'><strong>sine</strong></span> <span class='ocrx_word' id='word_1_23' title='bbox 306 405 489 475; x_wconf 85' lang='lat' dir='ltr'><strong>voluntate</strong></span> <span class='ocrx_word' id='word_1_24' title='bbox 513 404 654 474; x_wconf 80' lang='lat' dir='ltr'><strong>ersendi</strong></span> <span class='ocrx_word' id='word_1_25' title='bbox 676 411 739 474; x_wconf 90' lang='lat' dir='ltr'><strong>ant</strong></span> <span class='ocrx_word' id='word_1_26' title='bbox 755 407 921 497; x_wconf 84' lang='lat' dir='ltr'><strong>operandi</strong></span> <span class='ocrx_word' id='word_1_27' title='bbox 936 407 982 476; x_wconf 86' lang='lat' dir='ltr'><strong>ad</strong></span> <span class='ocrx_word' id='word_1_28' title='bbox 997 413 1110 493; x_wconf 84' lang='lat' dir='ltr'><strong>extre,</strong></span> <span class='ocrx_word' id='word_1_29' title='bbox 1136 428 1227 501; x_wconf 90' lang='lat' dir='ltr'><strong>quae</strong></span> <span class='ocrx_word' id='word_1_30' title='bbox 1248 404 1375 479; x_wconf 80' lang='lat' dir='ltr'><strong>dieitur</strong></span> 
     </span>
     <span class='ocr_line' id='line_1_5' title="bbox 206 510 1375 607; baseline 0.002 -26"><span class='ocrx_word' id='word_1_31' title='bbox 206 510 374 604; x_wconf 78' lang='lat' dir='ltr'><strong>prioritas</strong></span> <span class='ocrx_word' id='word_1_32' title='bbox 406 513 444 577; x_wconf 79' lang='lat' dir='ltr'><strong>ia</strong></span> <span class='ocrx_word' id='word_1_33' title='bbox 475 535 567 604; x_wconf 65' lang='grc' dir='ltr'>φασι</span> <span class='ocrx_word' id='word_1_34' title='bbox 598 511 659 580; x_wconf 86' lang='lat' dir='ltr'><strong>sed</strong></span> <span class='ocrx_word' id='word_1_35' title='bbox 689 511 779 604; x_wconf 85' lang='lat' dir='ltr'><strong>quod</strong></span> <span class='ocrx_word' id='word_1_36' title='bbox 805 515 908 603; x_wconf 78' lang='lat' dir='ltr'><strong>prius</strong></span> <span class='ocrx_word' id='word_1_37' title='bbox 937 519 974 583; x_wconf 91' lang='lat' dir='ltr'><strong>et</strong></span> <span class='ocrx_word' id='word_1_38' title='bbox 992 517 1166 607; x_wconf 81' lang='lat' dir='ltr'><strong>posterius</strong></span> <span class='ocrx_word' id='word_1_39' title='bbox 1188 512 1375 584; x_wconf 74' lang='lat' dir='ltr'><strong>indivisis</strong></span> 
     </span>
     <span class='ocr_line' id='line_1_6' title="bbox 208 618 1387 714; baseline 0.004 -25"><span class='ocrx_word' id='word_1_40' title='bbox 208 619 406 709; x_wconf 80' lang='lat' dir='ltr'><strong>originibus</strong></span> <span class='ocrx_word' id='word_1_41' title='bbox 423 618 583 703; x_wconf 77' lang='lat' dir='ltr'><strong>dicimus,</strong></span> <span class='ocrx_word' id='word_1_42' title='bbox 609 618 710 688; x_wconf 88' lang='lat' dir='ltr'><strong>unioe</strong></span> <span class='ocrx_word' id='word_1_43' title='bbox 725 626 780 689; x_wconf 88' lang='lat' dir='ltr'><strong>est</strong></span> <span class='ocrx_word' id='word_1_44' title='bbox 796 619 833 688; x_wconf 92' lang='lat' dir='ltr'><strong>in</strong></span> <span class='ocrx_word' id='word_1_45' title='bbox 849 643 899 706; x_wconf 88' lang='lat' dir='ltr'><strong>eo,</strong></span> <span class='ocrx_word' id='word_1_46' title='bbox 926 621 1017 714; x_wconf 86' lang='lat' dir='ltr'><strong>quod</strong></span> <span class='ocrx_word' id='word_1_47' title='bbox 1040 620 1235 691; x_wconf 82' lang='lat' dir='ltr'><strong>relativum</strong></span> <span class='ocrx_word' id='word_1_48' title='bbox 1248 620 1280 689; x_wconf 94' lang='lat' dir='ltr'>B</span> <span class='ocrx_word' id='word_1_49' title='bbox 1295 626 1387 711; x_wconf 69' lang='lat' dir='ltr'><strong>puio-</strong></span> 
     </span>
     <span class='ocr_line' id='line_1_7' title="bbox 208 724 1387 805; baseline 0.002 -10"><span class='ocrx_word' id='word_1_50' title='bbox 208 726 361 795; x_wconf 91' lang='lat' dir='ltr'><strong>Verbum</strong></span> <span class='ocrx_word' id='word_1_51' title='bbox 383 724 591 794; x_wconf 82' lang='lat' dir='ltr'><strong>necessitate</strong></span> <span class='ocrx_word' id='word_1_52' title='bbox 613 724 806 795; x_wconf 78' lang='lat' dir='ltr'><strong>intrinseca</strong></span> <span class='ocrx_word' id='word_1_53' title='bbox 829 727 1057 797; x_wconf 72' lang='lat' dir='ltr'><strong>aeternaliter</strong></span> <span class='ocrx_word' id='word_1_54' title='bbox 1078 733 1193 797; x_wconf 88' lang='lat' dir='ltr'><strong>estet</strong></span> <span class='ocrx_word' id='word_1_55' title='bbox 1215 726 1335 797; x_wconf 81' lang='lat' dir='ltr'><strong>existit</strong></span> <span class='ocrx_word' id='word_1_56' title='bbox 1352 748 1387 805; x_wconf 78' lang='grc' dir='ltr'>ι</span> 
     </span>
     <span class='ocr_line' id='line_1_8' title="bbox 208 832 1387 927; baseline 0.001 -23"><span class='ocrx_word' id='word_1_57' title='bbox 208 833 359 905; x_wconf 86' lang='lat' dir='ltr'><strong>relativo</strong></span> <span class='ocrx_word' id='word_1_58' title='bbox 374 834 409 900; x_wconf 90' lang='lat' dir='ltr'>A</span> <span class='ocrx_word' id='word_1_59' title='bbox 426 832 562 903; x_wconf 79' lang='lat' dir='ltr'><strong>scilieet</strong></span> <span class='ocrx_word' id='word_1_60' title='bbox 583 834 628 901; x_wconf 92' lang='lat' dir='ltr'><strong>ab</strong></span> <span class='ocrx_word' id='word_1_61' title='bbox 651 833 888 905; x_wconf 78' lang='lat' dir='ltr'><strong>intellectione</strong></span> <span class='ocrx_word' id='word_1_62' title='bbox 910 841 1059 927; x_wconf 87' lang='lat' dir='ltr'><strong>paterna</strong></span> <span class='ocrx_word' id='word_1_63' title='bbox 1080 857 1124 905; x_wconf 88' lang='lat' dir='ltr'><strong>ex</strong></span> <span class='ocrx_word' id='word_1_64' title='bbox 1147 856 1214 904; x_wconf 88' lang='lat' dir='ltr'><strong>sue</strong></span> <span class='ocrx_word' id='word_1_65' title='bbox 1226 855 1387 913; x_wconf 51' lang='lat' dir='ltr'><strong>necessu</strong></span> 
     </span>
     <span class='ocr_line' id='line_1_9' title="bbox 208 940 1387 1032; baseline 0.003 -21"><span class='ocrx_word' id='word_1_66' title='bbox 208 941 264 1011; x_wconf 90' lang='lat' dir='ltr'><strong>ria</strong></span> <span class='ocrx_word' id='word_1_67' title='bbox 285 940 478 1011; x_wconf 80' lang='lat' dir='ltr'><strong>intrinseca</strong></span> <span class='ocrx_word' id='word_1_68' title='bbox 500 946 629 1013; x_wconf 88' lang='lat' dir='ltr'><strong>natura</strong></span> <span class='ocrx_word' id='word_1_69' title='bbox 651 942 866 1032; x_wconf 84' lang='lat' dir='ltr'><strong>exprimente</strong></span> <span class='ocrx_word' id='word_1_70' title='bbox 889 943 1066 1029; x_wconf 85' lang='lat' dir='ltr'><strong>Verbum,</strong></span> <span class='ocrx_word' id='word_1_71' title='bbox 1090 949 1128 1013; x_wconf 92' lang='lat' dir='ltr'><strong>et</strong></span> <span class='ocrx_word' id='word_1_72' title='bbox 1140 965 1210 1013; x_wconf 90' lang='lat' dir='ltr'><strong>non</strong></span> <span class='ocrx_word' id='word_1_73' title='bbox 1225 941 1387 1029; x_wconf 65' lang='lat' dir='ltr'><strong>vicissit,</strong></span> 
     </span>
     <span class='ocr_line' id='line_1_10' title="bbox 208 1048 1387 1144; baseline 0 -25"><span class='ocrx_word' id='word_1_74' title='bbox 208 1048 399 1119; x_wconf 90' lang='lat' dir='ltr'><strong>relativum</strong></span> <span class='ocrx_word' id='word_1_75' title='bbox 414 1049 450 1115; x_wconf 83' lang='lat' dir='ltr'>A</span> <span class='ocrx_word' id='word_1_76' title='bbox 461 1055 516 1119; x_wconf 91' lang='lat' dir='ltr'><strong>est</strong></span> <span class='ocrx_word' id='word_1_77' title='bbox 526 1069 548 1116; x_wconf 89' lang='lat' dir='ltr'><strong>a</strong></span> <span class='ocrx_word' id='word_1_78' title='bbox 559 1048 710 1119; x_wconf 88' lang='lat' dir='ltr'><strong>relativo</strong></span> <span class='ocrx_word' id='word_1_79' title='bbox 726 1051 769 1135; x_wconf 87' lang='lat' dir='ltr'><strong>B,</strong></span> <span class='ocrx_word' id='word_1_80' title='bbox 789 1073 876 1143; x_wconf 88' lang='lat' dir='ltr'><strong>quae</strong></span> <span class='ocrx_word' id='word_1_81' title='bbox 899 1050 1069 1142; x_wconf 87' lang='lat' dir='ltr'><strong>prioritas</strong></span> <span class='ocrx_word' id='word_1_82' title='bbox 1084 1076 1108 1118; x_wconf 84' lang='lat' dir='ltr'><strong>a</strong></span> <span class='ocrx_word' id='word_1_83' title='bbox 1125 1074 1192 1144; x_wconf 80' lang='lat' dir='ltr'><strong>qao</strong></span> <span class='ocrx_word' id='word_1_84' title='bbox 1209 1050 1387 1143; x_wconf 53' lang='lat' dir='ltr'><strong>appellat</strong></span> 
     </span>
     <span class='ocr_line' id='line_1_11' title="bbox 209 1155 1387 1251; baseline 0.003 -26"><span class='ocrx_word' id='word_1_85' title='bbox 209 1156 298 1226; x_wconf 87' lang='lat' dir='ltr'><strong>solet</strong></span> <span class='ocrx_word' id='word_1_86' title='bbox 313 1155 413 1243; x_wconf 87' lang='lat' dir='ltr'><strong>(vids</strong></span> <span class='ocrx_word' id='word_1_87' title='bbox 428 1156 556 1227; x_wconf 83' lang='lat' dir='ltr'><strong>Frena.</strong></span> <span class='ocrx_word' id='word_1_88' title='bbox 573 1156 614 1225; x_wconf 90' lang='lat' dir='ltr'><strong>de</strong></span> <span class='ocrx_word' id='word_1_89' title='bbox 629 1156 730 1248; x_wconf 65' lang='lat' dir='ltr'><strong>Ilugo</strong></span> <span class='ocrx_word' id='word_1_90' title='bbox 745 1157 836 1248; x_wconf 85' lang='lat' dir='ltr'><strong>disp.</strong></span> <span class='ocrx_word' id='word_1_91' title='bbox 847 1158 897 1226; x_wconf 92' lang='lat' dir='ltr'><strong>II.</strong></span> <span class='ocrx_word' id='word_1_92' title='bbox 909 1181 939 1228; x_wconf 90' lang='lat' dir='ltr'><strong>e.</strong></span> <span class='ocrx_word' id='word_1_93' title='bbox 950 1158 983 1227; x_wconf 80' lang='grc' dir='ltr'><strong>ὅ.</strong></span> <span class='ocrx_word' id='word_1_94' title='bbox 996 1181 1033 1227; x_wconf 92' lang='lat' dir='ltr'><strong>n.</strong></span> <span class='ocrx_word' id='word_1_95' title='bbox 1044 1159 1078 1228; x_wconf 88' lang='grc'><strong>6.</strong></span> <span class='ocrx_word' id='word_1_96' title='bbox 1088 1161 1172 1251; x_wconf 88' lang='lat' dir='ltr'><strong>sq.).</strong></span> <span class='ocrx_word' id='word_1_97' title='bbox 1185 1158 1253 1228; x_wconf 85' lang='lat' dir='ltr'><strong>Est</strong></span> <span class='ocrx_word' id='word_1_98' title='bbox 1265 1156 1387 1249; x_wconf 72' lang='lat' dir='ltr'><strong>igitm</strong></span> 
     </span>
     <span class='ocr_line' id='line_1_12' title="bbox 210 1263 1378 1357; baseline -0.003 -23"><span class='ocrx_word' id='word_1_99' title='bbox 210 1264 268 1353; x_wconf 85' lang='lat' dir='ltr'><strong>(si</strong></span> <span class='ocrx_word' id='word_1_100' title='bbox 290 1263 343 1334; x_wconf 85' lang='lat' dir='ltr'><strong>ita</strong></span> <span class='ocrx_word' id='word_1_101' title='bbox 364 1263 462 1357; x_wconf 89' lang='lat' dir='ltr'><strong>loqui</strong></span> <span class='ocrx_word' id='word_1_102' title='bbox 486 1267 541 1333; x_wconf 86' lang='lat' dir='ltr'><strong>fas</strong></span> <span class='ocrx_word' id='word_1_103' title='bbox 563 1268 643 1351; x_wconf 90' lang='lat' dir='ltr'><strong>est)</strong></span> <span class='ocrx_word' id='word_1_104' title='bbox 666 1264 896 1335; x_wconf 86' lang='lat' dir='ltr'><strong>relativorum</strong></span> <span class='ocrx_word' id='word_1_105' title='bbox 919 1266 1178 1334; x_wconf 76' lang='lat' dir='ltr'><strong>simultaneitee</strong></span> <span class='ocrx_word' id='word_1_106' title='bbox 1195 1266 1234 1331; x_wconf 79' lang='lat' dir='ltr'><strong>in</strong></span> <span class='ocrx_word' id='word_1_107' title='bbox 1248 1288 1323 1357; x_wconf 78' lang='lat' dir='ltr'><strong>pao,</strong></span> <span class='ocrx_word' id='word_1_108' title='bbox 1344 1282 1378 1345; x_wconf 59' lang='grc' dir='ltr'><strong>ος</strong></span> 
     </span>
     <span class='ocr_line' id='line_1_13' title="bbox 210 1371 1369 1467; baseline 0 -26"><span class='ocrx_word' id='word_1_109' title='bbox 210 1372 283 1441; x_wconf 83' lang='lat' dir='ltr'><strong>sola</strong></span> <span class='ocrx_word' id='word_1_110' title='bbox 316 1372 423 1441; x_wconf 86' lang='lat' dir='ltr'><strong>unius</strong></span> <span class='ocrx_word' id='word_1_111' title='bbox 448 1373 493 1442; x_wconf 86' lang='lat' dir='ltr'><strong>ad</strong></span> <span class='ocrx_word' id='word_1_112' title='bbox 515 1371 667 1442; x_wconf 79' lang='lat' dir='ltr'><strong>alterum</strong></span> <span class='ocrx_word' id='word_1_113' title='bbox 695 1375 868 1463; x_wconf 79' lang='lat' dir='ltr'><strong>prioritas</strong></span> <span class='ocrx_word' id='word_1_114' title='bbox 895 1398 918 1440; x_wconf 87' lang='lat' dir='ltr'><strong>a</strong></span> <span class='ocrx_word' id='word_1_115' title='bbox 944 1398 1023 1467; x_wconf 78' lang='lat' dir='ltr'><strong>pao.</strong></span> <span class='ocrx_word' id='word_1_116' title='bbox 1049 1374 1151 1444; x_wconf 85' lang='lat' dir='ltr'><strong>Unde</strong></span> <span class='ocrx_word' id='word_1_117' title='bbox 1181 1371 1369 1449; x_wconf 69' lang='lat' dir='ltr'><strong>intellectus</strong></span> 
     </span>
     <span class='ocr_line' id='line_1_14' title="bbox 209 1472 1369 1573; baseline 0.002 -24"><span class='ocrx_word' id='word_1_118' title='bbox 209 1485 398 1572; x_wconf 86' lang='lat' dir='ltr'><strong>paternus,</strong></span> <span class='ocrx_word' id='word_1_119' title='bbox 433 1486 535 1550; x_wconf 88' lang='lat' dir='ltr'><strong>aetus</strong></span> <span class='ocrx_word' id='word_1_120' title='bbox 557 1504 690 1573; x_wconf 90' lang='lat' dir='ltr'><strong>purus,</strong></span> <span class='ocrx_word' id='word_1_121' title='bbox 723 1480 897 1571; x_wconf 83' lang='lat' dir='ltr'><strong>intelligit</strong></span> <span class='ocrx_word' id='word_1_122' title='bbox 931 1480 1092 1551; x_wconf 88' lang='lat' dir='ltr'><strong>sentin</strong></span> <span class='ocrx_word' id='word_1_123' title='bbox 1115 1485 1198 1552; x_wconf 87' lang='lat' dir='ltr'><strong>aotn</strong></span> <span class='ocrx_word' id='word_1_124' title='bbox 1232 1472 1369 1551; x_wconf 75' lang='lat' dir='ltr'><strong>seeundo·</strong></span> 
     </span>
     <span class='ocr_line' id='line_1_15' title="bbox 209 1587 1355 1681; baseline -0.001 -23"><span class='ocrx_word' id='word_1_125' title='bbox 209 1588 378 1678; x_wconf 81' lang='lat' dir='ltr'><strong>completo</strong></span> <span class='ocrx_word' id='word_1_126' title='bbox 401 1589 587 1658; x_wconf 81' lang='lat' dir='ltr'><strong>ferundum</strong></span> <span class='ocrx_word' id='word_1_127' title='bbox 610 1589 739 1676; x_wconf 84' lang='lat' dir='ltr'><strong>Verbi,</strong></span> <span class='ocrx_word' id='word_1_128' title='bbox 765 1596 870 1681; x_wconf 86' lang='lat' dir='ltr'><strong>atque</strong></span> <span class='ocrx_word' id='word_1_129' title='bbox 893 1589 959 1659; x_wconf 87' lang='lat' dir='ltr'><strong>hae</strong></span> <span class='ocrx_word' id='word_1_130' title='bbox 982 1590 1037 1660; x_wconf 87' lang='lat' dir='ltr'><strong>sui</strong></span> <span class='ocrx_word' id='word_1_131' title='bbox 1061 1587 1294 1659; x_wconf 78' lang='lat' dir='ltr'><strong>intellectione</strong></span> <span class='ocrx_word' id='word_1_132' title='bbox 1315 1592 1355 1657; x_wconf 86' lang='lat' dir='ltr'><strong>ost</strong></span> 
     </span>
     <span class='ocr_line' id='line_1_16' title="bbox 209 1693 1351 1788; baseline -0.001 -24"><span class='ocrx_word' id='word_1_133' title='bbox 209 1695 418 1787; x_wconf 86' lang='lat' dir='ltr'><strong>principium</strong></span> <span class='ocrx_word' id='word_1_134' title='bbox 433 1696 542 1765; x_wconf 87' lang='lat' dir='ltr'><strong>Verbi</strong></span> <span class='ocrx_word' id='word_1_135' title='bbox 557 1696 595 1765; x_wconf 90' lang='lat' dir='ltr'><strong>in</strong></span> <span class='ocrx_word' id='word_1_136' title='bbox 610 1702 693 1767; x_wconf 90' lang='lat' dir='ltr'><strong>aeta</strong></span> <span class='ocrx_word' id='word_1_137' title='bbox 716 1697 885 1787; x_wconf 77' lang='lat' dir='ltr'><strong>completo</strong></span> <span class='ocrx_word' id='word_1_138' title='bbox 908 1697 1136 1767; x_wconf 83' lang='lat' dir='ltr'><strong>aeternaliter</strong></span> <span class='ocrx_word' id='word_1_139' title='bbox 1163 1693 1351 1788; x_wconf 82' lang='lat' dir='ltr'><strong>procedentis</strong></span> 
     </span>
     <span class='ocr_line' id='line_1_17' title="bbox 210 1802 1349 1895; baseline -0.002 -23"><span class='ocrx_word' id='word_1_140' title='bbox 210 1807 247 1872; x_wconf 90' lang='lat' dir='ltr'><strong>et</strong></span> <span class='ocrx_word' id='word_1_141' title='bbox 269 1824 403 1892; x_wconf 87' lang='lat' dir='ltr'><strong>semper</strong></span> <span class='ocrx_word' id='word_1_142' title='bbox 433 1804 607 1894; x_wconf 82' lang='lat' dir='ltr'><strong>producti.</strong></span> <span class='ocrx_word' id='word_1_143' title='bbox 632 1804 746 1895; x_wconf 87' lang='lat' dir='ltr'><strong>Atqui</strong></span> <span class='ocrx_word' id='word_1_144' title='bbox 774 1804 880 1873; x_wconf 89' lang='lat' dir='ltr'><strong>Pater</strong></span> <span class='ocrx_word' id='word_1_145' title='bbox 912 1802 1143 1893; x_wconf 82' lang='lat' dir='ltr'><strong>intelligendo</strong></span> <span class='ocrx_word' id='word_1_146' title='bbox 1174 1826 1211 1873; x_wconf 84' lang='lat' dir='ltr'><strong>ee</strong></span> <span class='ocrx_word' id='word_1_147' title='bbox 1238 1802 1273 1871; x_wconf 91' lang='lat' dir='ltr'><strong>in</strong></span> <span class='ocrx_word' id='word_1_148' title='bbox 1292 1806 1349 1870; x_wconf 81' lang='lat' dir='ltr'><strong>toto</strong></span> 
     </span>
     <span class='ocr_line' id='line_1_18' title="bbox 211 1909 1350 2001; baseline -0.003 -22"><span class='ocrx_word' id='word_1_149' title='bbox 211 1910 360 1980; x_wconf 81' lang='grc' dir='ltr'>ιιιιιιιᾱο</span> <span class='ocrx_word' id='word_1_150' title='bbox 396 1909 582 2001; x_wconf 80' lang='lat' dir='ltr'><strong>ferundum</strong></span> <span class='ocrx_word' id='word_1_151' title='bbox 621 1911 730 1981; x_wconf 87' lang='lat' dir='ltr'><strong>Verbi</strong></span> <span class='ocrx_word' id='word_1_152' title='bbox 759 1911 933 2001; x_wconf 79' lang='lat' dir='ltr'><strong>intelligit</strong></span> <span class='ocrx_word' id='word_1_153' title='bbox 962 1912 1116 1981; x_wconf 90' lang='lat' dir='ltr'><strong>Verbum</strong></span> <span class='ocrx_word' id='word_1_154' title='bbox 1146 1932 1215 1979; x_wconf 94' lang='lat' dir='ltr'><strong>non</strong></span> <span class='ocrx_word' id='word_1_155' title='bbox 1241 1910 1350 1977; x_wconf 82' lang='lat' dir='ltr'><strong>iamet</strong></span> 
     </span>
     <span class='ocr_line' id='line_1_19' title="bbox 210 2014 1346 2111; baseline -0.004 -26"><span class='ocrx_word' id='word_1_156' title='bbox 210 2015 468 2111; x_wconf 79' lang='lat' dir='ltr'><strong>producendum</strong></span> <span class='ocrx_word' id='word_1_157' title='bbox 480 2025 544 2088; x_wconf 89' lang='lat' dir='ltr'><strong>aut</strong></span> <span class='ocrx_word' id='word_1_158' title='bbox 555 2019 714 2088; x_wconf 82' lang='lat' dir='ltr'><strong>futurum</strong></span> <span class='ocrx_word' id='word_1_159' title='bbox 728 2018 834 2109; x_wconf 89' lang='lat' dir='ltr'><strong>(quod</strong></span> <span class='ocrx_word' id='word_1_160' title='bbox 846 2017 959 2109; x_wconf 86' lang='lat' dir='ltr'><strong>aliqui</strong></span> <span class='ocrx_word' id='word_1_161' title='bbox 970 2016 1219 2087; x_wconf 82' lang='lat' dir='ltr'><strong>absurdissime</strong></span> <span class='ocrx_word' id='word_1_162' title='bbox 1230 2014 1346 2097; x_wconf 85' lang='lat' dir='ltr'><strong>dieunt),</strong></span> 
     </span>
     <span class='ocr_line' id='line_1_20' title="bbox 210 2122 1345 2215; baseline -0.003 -20"><span class='ocrx_word' id='word_1_163' title='bbox 210 2125 271 2195; x_wconf 87' lang='lat' dir='ltr'><strong>sed</strong></span> <span class='ocrx_word' id='word_1_164' title='bbox 294 2130 336 2194; x_wconf 91' lang='lat' dir='ltr'><strong>ut</strong></span> <span class='ocrx_word' id='word_1_165' title='bbox 357 2126 583 2195; x_wconf 84' lang='lat' dir='ltr'><strong>aeternaliter</strong></span> <span class='ocrx_word' id='word_1_166' title='bbox 606 2132 691 2195; x_wconf 84' lang='lat' dir='ltr'><strong>artu</strong></span> <span class='ocrx_word' id='word_1_167' title='bbox 706 2124 907 2215; x_wconf 86' lang='lat' dir='ltr'><strong>-proeedene</strong></span> <span class='ocrx_word' id='word_1_168' title='bbox 930 2130 966 2194; x_wconf 90' lang='lat' dir='ltr'><strong>et</strong></span> <span class='ocrx_word' id='word_1_169' title='bbox 987 2123 1185 2195; x_wconf 80' lang='lat' dir='ltr'><strong>necessario</strong></span> <span class='ocrx_word' id='word_1_170' title='bbox 1214 2122 1345 2193; x_wconf 75' lang='lat' dir='ltr'><strong>existen</strong></span> 
     </span>
     <span class='ocr_line' id='line_1_21' title="bbox 210 2228 1347 2324; baseline -0.005 -21"><span class='ocrx_word' id='word_1_171' title='bbox 210 2232 307 2323; x_wconf 79' lang='lat' dir='ltr'><strong>Ergo</strong></span> <span class='ocrx_word' id='word_1_172' title='bbox 330 2233 523 2304; x_wconf 84' lang='lat' dir='ltr'><strong>iutelleotio</strong></span> <span class='ocrx_word' id='word_1_173' title='bbox 546 2239 691 2324; x_wconf 88' lang='lat' dir='ltr'><strong>paterna</strong></span> <span class='ocrx_word' id='word_1_174' title='bbox 714 2232 944 2323; x_wconf 82' lang='lat' dir='ltr'><strong>intelligendo</strong></span> <span class='ocrx_word' id='word_1_175' title='bbox 966 2256 1003 2303; x_wconf 83' lang='lat' dir='ltr'><strong>ee</strong></span> <span class='ocrx_word' id='word_1_176' title='bbox 1025 2239 1062 2302; x_wconf 91' lang='lat' dir='ltr'><strong>et</strong></span> <span class='ocrx_word' id='word_1_177' title='bbox 1087 2254 1110 2301; x_wconf 84' lang='lat' dir='ltr'><strong>a</strong></span> <span class='ocrx_word' id='word_1_178' title='bbox 1137 2255 1175 2303; x_wconf 84' lang='lat' dir='ltr'><strong>re</strong></span> <span class='ocrx_word' id='word_1_179' title='bbox 1197 2228 1347 2324; x_wconf 79' lang='lat' dir='ltr'><strong>proesius</strong></span> 
     </span>
     <span class='ocr_line' id='line_1_22' title="bbox 211 2332 1348 2432; baseline -0.007 -22"><span class='ocrx_word' id='word_1_180' title='bbox 211 2341 377 2427; x_wconf 86' lang='lat' dir='ltr'><strong>Verbum,</strong></span> <span class='ocrx_word' id='word_1_181' title='bbox 396 2346 449 2410; x_wconf 91' lang='lat' dir='ltr'><strong>est</strong></span> <span class='ocrx_word' id='word_1_182' title='bbox 472 2339 684 2432; x_wconf 77' lang='lat' dir='ltr'><strong>principium</strong></span> <span class='ocrx_word' id='word_1_183' title='bbox 708 2340 818 2410; x_wconf 93' lang='lat' dir='ltr'><strong>Verbi</strong></span> <span class='ocrx_word' id='word_1_184' title='bbox 841 2339 1072 2430; x_wconf 80' lang='lat' dir='ltr'><strong>procedentis.</strong></span> <span class='ocrx_word' id='word_1_185' title='bbox 1098 2340 1172 2425; x_wconf 81' lang='lat' dir='ltr'><strong>Qui</strong></span> <span class='ocrx_word' id='word_1_186' title='bbox 1194 2332 1348 2410; x_wconf 72' lang='lat' dir='ltr'><strong>ordonio</strong></span> 
     </span>
    </p>
   </div>
   <div class='ocr_carea' id='block_1_2' title="bbox 210 2441 1348 3057">
    <p class='ocr_par' dir='ltr' id='par_1_2' title="bbox 210 2441 1348 2969">
     <span class='ocr_line' id='line_1_23' title="bbox 210 2441 1347 2542; baseline -0.006 -24"><span class='ocrx_word' id='word_1_187' title='bbox 210 2472 279 2518; x_wconf 91' lang='lat' dir='ltr'><strong>non</strong></span> <span class='ocrx_word' id='word_1_188' title='bbox 302 2456 489 2539; x_wconf 81' lang='lat' dir='ltr'><strong>repugnat,</strong></span> <span class='ocrx_word' id='word_1_189' title='bbox 514 2452 555 2518; x_wconf 92' lang='lat' dir='ltr'><strong>ut</strong></span> <span class='ocrx_word' id='word_1_190' title='bbox 577 2450 627 2517; x_wconf 90' lang='lat' dir='ltr'><strong>sit</strong></span> <span class='ocrx_word' id='word_1_191' title='bbox 649 2449 785 2518; x_wconf 90' lang='lat' dir='ltr'><strong>omnino</strong></span> <span class='ocrx_word' id='word_1_192' title='bbox 807 2448 1037 2533; x_wconf 77' lang='lat' dir='ltr'><strong>necessarius,</strong></span> <span class='ocrx_word' id='word_1_193' title='bbox 1060 2449 1145 2542; x_wconf 90' lang='lat' dir='ltr'><strong>qnia</strong></span> <span class='ocrx_word' id='word_1_194' title='bbox 1167 2446 1298 2518; x_wconf 83' lang='lat' dir='ltr'><strong>infinita</strong></span> <span class='ocrx_word' id='word_1_195' title='bbox 1312 2441 1347 2510; x_wconf 84' lang='lat' dir='ltr'><strong>iu·</strong></span> 
     </span>
     <span class='ocr_line' id='line_1_24' title="bbox 210 2546 1347 2647; baseline -0.004 -22"><span class='ocrx_word' id='word_1_196' title='bbox 210 2555 366 2626; x_wconf 89' lang='lat' dir='ltr'><strong>telleotio</strong></span> <span class='ocrx_word' id='word_1_197' title='bbox 389 2556 583 2647; x_wconf 88' lang='lat' dir='ltr'><strong>produoens</strong></span> <span class='ocrx_word' id='word_1_198' title='bbox 606 2562 644 2625; x_wconf 89' lang='lat' dir='ltr'><strong>et</strong></span> <span class='ocrx_word' id='word_1_199' title='bbox 664 2557 818 2625; x_wconf 89' lang='lat' dir='ltr'><strong>Verbum</strong></span> <span class='ocrx_word' id='word_1_200' title='bbox 842 2554 1030 2645; x_wconf 77' lang='lat' dir='ltr'><strong>procedens</strong></span> <span class='ocrx_word' id='word_1_201' title='bbox 1050 2562 1094 2625; x_wconf 85' lang='lat' dir='ltr'><strong>ao</strong></span> <span class='ocrx_word' id='word_1_202' title='bbox 1116 2554 1298 2623; x_wconf 87' lang='lat' dir='ltr'><strong>immanens</strong></span> <span class='ocrx_word' id='word_1_203' title='bbox 1312 2546 1347 2615; x_wconf 74' lang='lat' dir='ltr'><strong>iu·</strong></span> 
     </span>
     <span class='ocr_line' id='line_1_25' title="bbox 211 2654 1348 2735; baseline -0.009 0"><span class='ocrx_word' id='word_1_204' title='bbox 211 2663 405 2735; x_wconf 86' lang='lat' dir='ltr'><strong>telleotioni</strong></span> <span class='ocrx_word' id='word_1_205' title='bbox 426 2687 495 2733; x_wconf 89' lang='lat' dir='ltr'><strong>non</strong></span> <span class='ocrx_word' id='word_1_206' title='bbox 519 2663 630 2733; x_wconf 90' lang='lat' dir='ltr'><strong>solum</strong></span> <span class='ocrx_word' id='word_1_207' title='bbox 653 2662 798 2733; x_wconf 88' lang='lat' dir='ltr'><strong>realiter</strong></span> <span class='ocrx_word' id='word_1_208' title='bbox 820 2662 1004 2732; x_wconf 84' lang='lat' dir='ltr'><strong>sedetiam</strong></span> <span class='ocrx_word' id='word_1_209' title='bbox 1026 2662 1164 2734; x_wconf 87' lang='lat' dir='ltr'><strong>ratione</strong></span> <span class='ocrx_word' id='word_1_210' title='bbox 1180 2654 1348 2731; x_wconf 84' lang='lat' dir='ltr'><strong>simulsmt</strong></span> 
     </span>
     <span class='ocr_line' id='line_1_26' title="bbox 213 2768 1346 2865; baseline -0.005 -24"><span class='ocrx_word' id='word_1_211' title='bbox 213 2770 488 2841; x_wconf 88' lang='lat' dir='ltr'><strong>simultaneitate</strong></span> <span class='ocrx_word' id='word_1_212' title='bbox 513 2775 550 2838; x_wconf 78' lang='lat' dir='ltr'><strong>in</strong></span> <span class='ocrx_word' id='word_1_213' title='bbox 574 2797 661 2865; x_wconf 77' lang='lat' dir='ltr'><strong>quo,</strong></span> <span class='ocrx_word' id='word_1_214' title='bbox 686 2777 723 2842; x_wconf 93' lang='lat' dir='ltr'><strong>et</strong></span> <span class='ocrx_word' id='word_1_215' title='bbox 745 2771 820 2840; x_wconf 87' lang='lat' dir='ltr'><strong>sela</strong></span> <span class='ocrx_word' id='word_1_216' title='bbox 842 2775 897 2839; x_wconf 89' lang='lat' dir='ltr'><strong>est</strong></span> <span class='ocrx_word' id='word_1_217' title='bbox 918 2770 1171 2841; x_wconf 79' lang='lat' dir='ltr'><strong>intellectionis</strong></span> <span class='ocrx_word' id='word_1_218' title='bbox 1193 2768 1346 2861; x_wconf 73' lang='lat' dir='ltr'><strong>proluar·</strong></span> 
     </span>
     <span class='ocr_line' id='line_1_27' title="bbox 212 2876 1108 2969; baseline -0.001 -22"><span class='ocrx_word' id='word_1_219' title='bbox 212 2880 260 2948; x_wconf 89' lang='lat' dir='ltr'><strong>tis</strong></span> <span class='ocrx_word' id='word_1_220' title='bbox 275 2880 320 2948; x_wconf 88' lang='lat' dir='ltr'><strong>ad</strong></span> <span class='ocrx_word' id='word_1_221' title='bbox 336 2880 489 2949; x_wconf 88' lang='lat' dir='ltr'><strong>Verbum</strong></span> <span class='ocrx_word' id='word_1_222' title='bbox 506 2886 724 2949; x_wconf 85' lang='lat' dir='ltr'><strong>coaeternum</strong></span> <span class='ocrx_word' id='word_1_223' title='bbox 740 2876 906 2969; x_wconf 88' lang='lat' dir='ltr'><strong>prioritas</strong></span> <span class='ocrx_word' id='word_1_224' title='bbox 922 2901 944 2943; x_wconf 87' lang='lat' dir='ltr'><strong>a</strong></span> <span class='ocrx_word' id='word_1_225' title='bbox 960 2901 1026 2968; x_wconf 81' lang='lat' dir='ltr'><strong>qao</strong></span> <span class='ocrx_word' id='word_1_226' title='bbox 1045 2877 1108 2963; x_wconf 85' lang='lat'>(1).</span> 
     </span>
    </p>

    <p class='ocr_par' dir='ltr' id='par_1_3' title="bbox 277 2982 1348 3057">
     <span class='ocr_line' id='line_1_28' title="bbox 277 2982 1348 3057; baseline -0.003 -4"><span class='ocrx_word' id='word_1_227' title='bbox 277 2986 332 3054; x_wconf 87' lang='lat' dir='ltr'><strong>Ex</strong></span> <span class='ocrx_word' id='word_1_228' title='bbox 355 2986 471 3056; x_wconf 86' lang='lat' dir='ltr'><strong>eodem</strong></span> <span class='ocrx_word' id='word_1_229' title='bbox 505 2988 731 3057; x_wconf 84' lang='lat' dir='ltr'><strong>fundamento</strong></span> <span class='ocrx_word' id='word_1_230' title='bbox 765 2984 932 3056; x_wconf 88' lang='lat' dir='ltr'><strong>solvenda</strong></span> <span class='ocrx_word' id='word_1_231' title='bbox 961 2990 1016 3054; x_wconf 91' lang='lat' dir='ltr'><strong>est</strong></span> <span class='ocrx_word' id='word_1_232' title='bbox 1038 2984 1228 3055; x_wconf 85' lang='lat' dir='ltr'><strong>diffleultas</strong></span> <span class='ocrx_word' id='word_1_233' title='bbox 1258 2982 1348 3053; x_wconf 67' lang='lat' dir='ltr'><strong>ooutn</strong></span> 
     </span>
    </p>
   </div>
   <div class='ocr_carea' id='block_1_3' title="bbox 210 3200 1352 4265">
    <p class='ocr_par' dir='ltr' id='par_1_4' title="bbox 210 3200 1349 3449">
     <span class='ocr_line' id='line_1_29' title="bbox 210 3200 1348 3273; baseline 0 -16"><span class='ocrx_word' id='word_1_234' title='bbox 210 3204 363 3259; x_wconf 87' lang='lat' dir='ltr'><strong>iutelleotn</strong></span> <span class='ocrx_word' id='word_1_235' title='bbox 382 3205 414 3259; x_wconf 89' lang='lat' dir='ltr'><strong>in</strong></span> <span class='ocrx_word' id='word_1_236' title='bbox 436 3208 511 3261; x_wconf 85' lang='lat' dir='ltr'><strong>aotn.</strong></span> <span class='ocrx_word' id='word_1_237' title='bbox 535 3206 616 3261; x_wconf 83' lang='lat' dir='ltr'><strong>Unde</strong></span> <span class='ocrx_word' id='word_1_238' title='bbox 635 3209 720 3261; x_wconf 82' lang='lat' dir='ltr'><strong>etiam</strong></span> <span class='ocrx_word' id='word_1_239' title='bbox 775 3206 867 3271; x_wconf 72' lang='lat' dir='ltr'><strong>magis</strong></span> <span class='ocrx_word' id='word_1_240' title='bbox 886 3219 1000 3259; x_wconf 86' lang='lat' dir='ltr'><strong>neeesse</strong></span> <span class='ocrx_word' id='word_1_241' title='bbox 1022 3205 1171 3273; x_wconf 85' lang='lat' dir='ltr'><strong>estipsnrn</strong></span> <span class='ocrx_word' id='word_1_242' title='bbox 1190 3218 1249 3259; x_wconf 85' lang='lat' dir='ltr'><strong>esse</strong></span> <span class='ocrx_word' id='word_1_243' title='bbox 1260 3200 1348 3257; x_wconf 65' lang='lat' dir='ltr'><strong>mator</strong></span> 
     </span>
     <span class='ocr_line' id='line_1_30' title="bbox 211 3278 1349 3364; baseline -0.009 -16"><span class='ocrx_word' id='word_1_244' title='bbox 211 3278 277 3348; x_wconf 86' lang='lat' dir='ltr'><strong>num</strong></span> <span class='ocrx_word' id='word_1_245' title='bbox 300 3294 358 3347; x_wconf 88' lang='lat' dir='ltr'><strong>Deo</strong></span> <span class='ocrx_word' id='word_1_246' title='bbox 377 3295 458 3349; x_wconf 89' lang='lat' dir='ltr'><strong>onius</strong></span> <span class='ocrx_word' id='word_1_247' title='bbox 475 3299 521 3348; x_wconf 93' lang='grc' dir='ltr'><strong>ιιι</strong></span> <span class='ocrx_word' id='word_1_248' title='bbox 538 3297 670 3359; x_wconf 88' lang='lat' dir='ltr'><strong>Verbum,</strong></span> <span class='ocrx_word' id='word_1_249' title='bbox 685 3296 754 3364; x_wconf 89' lang='lat' dir='ltr'><strong>quia</strong></span> <span class='ocrx_word' id='word_1_250' title='bbox 774 3294 942 3347; x_wconf 79' lang='lat' dir='ltr'><strong>intellectus</strong></span> <span class='ocrx_word' id='word_1_251' title='bbox 959 3294 991 3346; x_wconf 92' lang='lat' dir='ltr'><strong>in</strong></span> <span class='ocrx_word' id='word_1_252' title='bbox 1010 3296 1076 3347; x_wconf 82' lang='lat' dir='ltr'><strong>sota</strong></span> <span class='ocrx_word' id='word_1_253' title='bbox 1096 3307 1249 3362; x_wconf 82' lang='lat' dir='ltr'><strong>numquam</strong></span> <span class='ocrx_word' id='word_1_254' title='bbox 1260 3282 1349 3345; x_wconf 71' lang='lat' dir='ltr'><strong>seror·</strong></span> 
     </span>
     <span class='ocr_line' id='line_1_31' title="bbox 212 3382 789 3449; baseline -0.003 -11"><span class='ocrx_word' id='word_1_255' title='bbox 212 3384 305 3439; x_wconf 89' lang='lat' dir='ltr'><strong>Verbo</strong></span> <span class='ocrx_word' id='word_1_256' title='bbox 318 3404 331 3433; x_wconf 75' lang='lat' dir='ltr'><strong>n</strong></span> <span class='ocrx_word' id='word_1_257' title='bbox 351 3382 380 3437; x_wconf 85' lang='lat' dir='ltr'><strong>S.</strong></span> <span class='ocrx_word' id='word_1_258' title='bbox 390 3384 443 3437; x_wconf 79' lang='lat' dir='ltr'><strong>Tb.</strong></span> <span class='ocrx_word' id='word_1_259' title='bbox 454 3387 545 3438; x_wconf 86' lang='lat' dir='ltr'><strong>eontr.</strong></span> <span class='ocrx_word' id='word_1_260' title='bbox 557 3389 635 3449; x_wconf 77' lang='lat' dir='ltr'><strong>gent.</strong></span> <span class='ocrx_word' id='word_1_261' title='bbox 647 3385 697 3439; x_wconf 88' lang='lat' dir='ltr'><strong>IV.</strong></span> <span class='ocrx_word' id='word_1_262' title='bbox 710 3400 735 3437; x_wconf 88' lang='lat' dir='ltr'><strong>e.</strong></span> <span class='ocrx_word' id='word_1_263' title='bbox 745 3384 789 3437; x_wconf 85' lang='lat'><strong>14.</strong></span> 
     </span>
    </p>

    <p class='ocr_par' dir='ltr' id='par_1_5' title="bbox 212 3462 1352 4265">
     <span class='ocr_line' id='line_1_32' title="bbox 264 3462 1349 3547; baseline -0.004 -20"><span class='ocrx_word' id='word_1_264' title='bbox 264 3472 308 3547; x_wconf 82' lang='grc'><strong>(1)</strong></span> <span class='ocrx_word' id='word_1_265' title='bbox 329 3475 388 3527; x_wconf 78' lang='lat' dir='ltr'><strong>uin</strong></span> <span class='ocrx_word' id='word_1_266' title='bbox 409 3474 520 3527; x_wconf 86' lang='lat' dir='ltr'><strong>divinis</strong></span> <span class='ocrx_word' id='word_1_267' title='bbox 541 3474 649 3527; x_wconf 86' lang='lat' dir='ltr'><strong>dieitur</strong></span> <span class='ocrx_word' id='word_1_268' title='bbox 671 3473 843 3542; x_wconf 86' lang='lat' dir='ltr'><strong>prinoipium</strong></span> <span class='ocrx_word' id='word_1_269' title='bbox 861 3471 1015 3526; x_wconf 83' lang='lat' dir='ltr'><strong>seeundum</strong></span> <span class='ocrx_word' id='word_1_270' title='bbox 1034 3472 1175 3537; x_wconf 74' lang='lat' dir='ltr'><strong>originem</strong></span> <span class='ocrx_word' id='word_1_271' title='bbox 1189 3462 1349 3539; x_wconf 67' lang='lat' dir='ltr'><strong>susquepit</strong></span> 
     </span>
     <span class='ocr_line' id='line_1_33' title="bbox 212 3550 1349 3632; baseline -0.007 -12"><span class='ocrx_word' id='word_1_272' title='bbox 212 3566 311 3631; x_wconf 73' lang='lat' dir='ltr'><strong>ritate,</strong></span> <span class='ocrx_word' id='word_1_273' title='bbox 333 3564 407 3618; x_wconf 83' lang='lat' dir='ltr'><strong>nude</strong></span> <span class='ocrx_word' id='word_1_274' title='bbox 428 3567 542 3632; x_wconf 86' lang='lat' dir='ltr'><strong>oportet</strong></span> <span class='ocrx_word' id='word_1_275' title='bbox 557 3563 599 3616; x_wconf 89' lang='lat' dir='ltr'><strong>ibi</strong></span> <span class='ocrx_word' id='word_1_276' title='bbox 620 3580 682 3617; x_wconf 91' lang='lat' dir='ltr'><strong>esse</strong></span> <span class='ocrx_word' id='word_1_277' title='bbox 700 3562 829 3615; x_wconf 83' lang='lat' dir='ltr'><strong>ordinem</strong></span> <span class='ocrx_word' id='word_1_278' title='bbox 848 3561 999 3617; x_wconf 84' lang='lat' dir='ltr'><strong>secundnm</strong></span> <span class='ocrx_word' id='word_1_279' title='bbox 1022 3562 1163 3627; x_wconf 75' lang='lat' dir='ltr'><strong>originem</strong></span> <span class='ocrx_word' id='word_1_280' title='bbox 1185 3562 1286 3629; x_wconf 86' lang='lat' dir='ltr'><strong>absque</strong></span> <span class='ocrx_word' id='word_1_281' title='bbox 1300 3550 1349 3622; x_wconf 69' lang='lat' dir='ltr'><strong>trit</strong></span> 
     </span>
     <span class='ocr_line' id='line_1_34' title="bbox 213 3642 1350 3725; baseline -0.01 -15"><span class='ocrx_word' id='word_1_282' title='bbox 213 3656 310 3721; x_wconf 81' lang='lat' dir='ltr'><strong>ritate;</strong></span> <span class='ocrx_word' id='word_1_283' title='bbox 331 3657 362 3707; x_wconf 90' lang='lat' dir='ltr'><strong>et</strong></span> <span class='ocrx_word' id='word_1_284' title='bbox 378 3653 426 3706; x_wconf 86' lang='lat' dir='ltr'><strong>lrio</strong></span> <span class='ocrx_word' id='word_1_285' title='bbox 436 3657 554 3709; x_wconf 81' lang='lat' dir='ltr'><strong>voratur</strong></span> <span class='ocrx_word' id='word_1_286' title='bbox 567 3653 636 3710; x_wconf 81' lang='lat' dir='ltr'><strong>ordo</strong></span> <span class='ocrx_word' id='word_1_287' title='bbox 647 3657 768 3725; x_wconf 80' lang='lat' dir='ltr'><strong>naturae</strong></span> <span class='ocrx_word' id='word_1_288' title='bbox 788 3653 940 3706; x_wconf 87' lang='lat' dir='ltr'><strong>secundnm</strong></span> <span class='ocrx_word' id='word_1_289' title='bbox 953 3652 1159 3720; x_wconf 72' lang='lat' dir='ltr'><strong>Augustinus,</strong></span> <span class='ocrx_word' id='word_1_290' title='bbox 1171 3666 1228 3706; x_wconf 89' lang='lat' dir='ltr'><strong>non</strong></span> <span class='ocrx_word' id='word_1_291' title='bbox 1239 3642 1350 3719; x_wconf 66' lang='lat' dir='ltr'><strong>quesiti!</strong></span> 
     </span>
     <span class='ocr_line' id='line_1_35' title="bbox 213 3728 1351 3814; baseline -0.007 -16"><span class='ocrx_word' id='word_1_292' title='bbox 213 3744 255 3798; x_wconf 86' lang='lat' dir='ltr'><strong>sit</strong></span> <span class='ocrx_word' id='word_1_293' title='bbox 267 3743 348 3809; x_wconf 86' lang='lat' dir='ltr'><strong>prius</strong></span> <span class='ocrx_word' id='word_1_294' title='bbox 360 3743 462 3810; x_wconf 76' lang='lat' dir='ltr'><strong>altero,</strong></span> <span class='ocrx_word' id='word_1_295' title='bbox 475 3743 524 3797; x_wconf 87' lang='lat' dir='ltr'><strong>sed</strong></span> <span class='ocrx_word' id='word_1_296' title='bbox 539 3759 594 3811; x_wconf 89' lang='lat' dir='ltr'><strong>qno</strong></span> <span class='ocrx_word' id='word_1_297' title='bbox 608 3745 683 3797; x_wconf 87' lang='lat' dir='ltr'><strong>alter</strong></span> <span class='ocrx_word' id='word_1_298' title='bbox 702 3746 748 3795; x_wconf 87' lang='lat' dir='ltr'><strong>eet</strong></span> <span class='ocrx_word' id='word_1_299' title='bbox 765 3757 800 3795; x_wconf 87' lang='lat' dir='ltr'><strong>ex</strong></span> <span class='ocrx_word' id='word_1_300' title='bbox 817 3743 909 3796; x_wconf 80' lang='lat' dir='ltr'><strong>altero</strong></span> <span class='ocrx_word' id='word_1_301' title='bbox 921 3738 1073 3814; x_wconf 79' lang='lat' dir='ltr'><strong>(prioritas</strong></span> <span class='ocrx_word' id='word_1_302' title='bbox 1087 3758 1105 3792; x_wconf 87' lang='lat' dir='ltr'><strong>a</strong></span> <span class='ocrx_word' id='word_1_303' title='bbox 1117 3736 1231 3811; x_wconf 63' lang='lat' dir='ltr'><strong>qual...</strong></span> <span class='ocrx_word' id='word_1_304' title='bbox 1247 3728 1351 3793; x_wconf 69' lang='lat' dir='ltr'><strong>Rebili·</strong></span> 
     </span>
     <span class='ocr_line' id='line_1_36' title="bbox 214 3812 1351 3899; baseline -0.007 -14"><span class='ocrx_word' id='word_1_305' title='bbox 214 3835 283 3885; x_wconf 90' lang='lat' dir='ltr'><strong>sunt</strong></span> <span class='ocrx_word' id='word_1_306' title='bbox 299 3830 385 3884; x_wconf 87' lang='lat' dir='ltr'><strong>slmnl</strong></span> <span class='ocrx_word' id='word_1_307' title='bbox 404 3835 550 3886; x_wconf 84' lang='lat' dir='ltr'><strong>naturast</strong></span> <span class='ocrx_word' id='word_1_308' title='bbox 563 3833 723 3897; x_wconf 83' lang='lat' dir='ltr'><strong>intellectu,</strong></span> <span class='ocrx_word' id='word_1_309' title='bbox 738 3831 769 3883; x_wconf 89' lang='lat' dir='ltr'><strong>ia</strong></span> <span class='ocrx_word' id='word_1_310' title='bbox 784 3834 921 3899; x_wconf 87' lang='lat' dir='ltr'><strong>qnantum</strong></span> <span class='ocrx_word' id='word_1_311' title='bbox 936 3845 1023 3884; x_wconf 87' lang='lat' dir='ltr'><strong>unum</strong></span> <span class='ocrx_word' id='word_1_312' title='bbox 1042 3832 1088 3882; x_wconf 89' lang='lat' dir='ltr'><strong>est</strong></span> <span class='ocrx_word' id='word_1_313' title='bbox 1106 3828 1138 3881; x_wconf 90' lang='lat' dir='ltr'><strong>in</strong></span> <span class='ocrx_word' id='word_1_314' title='bbox 1158 3828 1310 3882; x_wconf 79' lang='lat' dir='ltr'><strong>detlnltiont</strong></span> <span class='ocrx_word' id='word_1_315' title='bbox 1324 3812 1351 3868; x_wconf 70' lang='grc' dir='ltr'><strong>ΙΙ·</strong></span> 
     </span>
     <span class='ocr_line' id='line_1_37' title="bbox 213 3900 1351 3989; baseline -0.007 -14"><span class='ocrx_word' id='word_1_316' title='bbox 213 3919 315 3975; x_wconf 83' lang='lat' dir='ltr'><strong>terius.</strong></span> <span class='ocrx_word' id='word_1_317' title='bbox 341 3917 396 3972; x_wconf 79' lang='lat' dir='ltr'><strong>Sed</strong></span> <span class='ocrx_word' id='word_1_318' title='bbox 418 3920 449 3971; x_wconf 94' lang='lat' dir='ltr'><strong>in</strong></span> <span class='ocrx_word' id='word_1_319' title='bbox 472 3919 582 3973; x_wconf 84' lang='lat' dir='ltr'><strong>divinis</strong></span> <span class='ocrx_word' id='word_1_320' title='bbox 605 3921 684 3989; x_wconf 86' lang='lat' dir='ltr'><strong>ipsae</strong></span> <span class='ocrx_word' id='word_1_321' title='bbox 708 3920 865 3973; x_wconf 84' lang='lat' dir='ltr'><strong>relationes</strong></span> <span class='ocrx_word' id='word_1_322' title='bbox 887 3921 956 3971; x_wconf 87' lang='lat' dir='ltr'><strong>suut</strong></span> <span class='ocrx_word' id='word_1_323' title='bbox 977 3917 1171 3971; x_wconf 88' lang='lat' dir='ltr'><strong>subsistentes</strong></span> <span class='ocrx_word' id='word_1_324' title='bbox 1194 3900 1351 3985; x_wconf 53' lang='lat' dir='ltr'><strong>personui*</strong></span> 
     </span>
     <span class='ocr_line' id='line_1_38' title="bbox 213 4000 1352 4079; baseline -0.01 -15"><span class='ocrx_word' id='word_1_325' title='bbox 213 4024 271 4064; x_wconf 79' lang='lat' dir='ltr'><strong>uuo</strong></span> <span class='ocrx_word' id='word_1_326' title='bbox 289 4014 403 4064; x_wconf 86' lang='lat' dir='ltr'><strong>natura.</strong></span> <span class='ocrx_word' id='word_1_327' title='bbox 423 4008 502 4064; x_wconf 83' lang='lat' dir='ltr'><strong>Unde</strong></span> <span class='ocrx_word' id='word_1_328' title='bbox 524 4025 616 4079; x_wconf 88' lang='lat' dir='ltr'><strong>neque</strong></span> <span class='ocrx_word' id='word_1_329' title='bbox 638 4025 673 4063; x_wconf 87' lang='lat' dir='ltr'><strong>ex</strong></span> <span class='ocrx_word' id='word_1_330' title='bbox 698 4014 780 4077; x_wconf 86' lang='lat' dir='ltr'><strong>parte</strong></span> <span class='ocrx_word' id='word_1_331' title='bbox 800 4013 920 4063; x_wconf 84' lang='lat' dir='ltr'><strong>naturae</strong></span> <span class='ocrx_word' id='word_1_332' title='bbox 940 4023 1032 4075; x_wconf 87' lang='lat' dir='ltr'><strong>neque</strong></span> <span class='ocrx_word' id='word_1_333' title='bbox 1054 4022 1088 4059; x_wconf 87' lang='lat' dir='ltr'><strong>ex</strong></span> <span class='ocrx_word' id='word_1_334' title='bbox 1111 4011 1194 4075; x_wconf 78' lang='lat' dir='ltr'><strong>parte</strong></span> <span class='ocrx_word' id='word_1_335' title='bbox 1212 4000 1352 4059; x_wconf 72' lang='lat' dir='ltr'><strong>minuar·</strong></span> 
     </span>
     <span class='ocr_line' id='line_1_39' title="bbox 212 4080 1352 4170; baseline -0.011 -15"><span class='ocrx_word' id='word_1_336' title='bbox 212 4116 270 4156; x_wconf 86' lang='lat' dir='ltr'><strong>una</strong></span> <span class='ocrx_word' id='word_1_337' title='bbox 291 4115 413 4170; x_wconf 86' lang='lat' dir='ltr'><strong>persona</strong></span> <span class='ocrx_word' id='word_1_338' title='bbox 435 4104 613 4169; x_wconf 87' lang='lat' dir='ltr'><strong>potestesse</strong></span> <span class='ocrx_word' id='word_1_339' title='bbox 635 4101 715 4168; x_wconf 89' lang='lat' dir='ltr'><strong>prior</strong></span> <span class='ocrx_word' id='word_1_340' title='bbox 734 4101 793 4154; x_wconf 87' lang='lat' dir='ltr'><strong>alia</strong></span> <span class='ocrx_word' id='word_1_341' title='bbox 819 4100 1014 4167; x_wconf 75' lang='lat' dir='ltr'><strong>resposorium</strong></span> <span class='ocrx_word' id='word_1_342' title='bbox 1036 4098 1186 4150; x_wconf 71' lang='lat' dir='ltr'><strong>nomadum</strong></span> <span class='ocrx_word' id='word_1_343' title='bbox 1205 4080 1352 4149; x_wconf 63' lang='lat' dir='ltr'><strong>tristiora·tl</strong></span> 
     </span>
     <span class='ocr_line' id='line_1_40' title="bbox 213 4185 1281 4265; baseline -0.005 -23"><span class='ocrx_word' id='word_1_344' title='bbox 213 4191 411 4245; x_wconf 74' lang='lat' dir='ltr'><strong>intellectum»</strong></span> <span class='ocrx_word' id='word_1_345' title='bbox 432 4190 465 4265; x_wconf 79' lang='lat' dir='ltr'><strong>(i.</strong></span> <span class='ocrx_word' id='word_1_346' title='bbox 475 4208 500 4246; x_wconf 86' lang='lat' dir='ltr'><strong>e.</strong></span> <span class='ocrx_word' id='word_1_347' title='bbox 512 4206 568 4246; x_wconf 85' lang='lat' dir='ltr'><strong>nou</strong></span> <span class='ocrx_word' id='word_1_348' title='bbox 582 4192 662 4260; x_wconf 83' lang='lat' dir='ltr'><strong>prior</strong></span> <span class='ocrx_word' id='word_1_349' title='bbox 678 4191 831 4259; x_wconf 80' lang='lat' dir='ltr'><strong>prioritate</strong></span> <span class='ocrx_word' id='word_1_350' title='bbox 844 4191 877 4243; x_wconf 82' lang='grc' dir='ltr'><strong>ιἰι</strong></span> <span class='ocrx_word' id='word_1_351' title='bbox 890 4185 959 4261; x_wconf 76' lang='lat' dir='ltr'><strong>quo)</strong></span> <span class='ocrx_word' id='word_1_352' title='bbox 977 4190 1006 4244; x_wconf 78' lang='lat' dir='ltr'><strong>S.</strong></span> <span class='ocrx_word' id='word_1_353' title='bbox 1018 4189 1071 4243; x_wconf 71' lang='lat' dir='ltr'><strong>Th.</strong></span> <span class='ocrx_word' id='word_1_354' title='bbox 1085 4190 1112 4243; x_wconf 94' lang='lat'><strong>1.</strong></span> <span class='ocrx_word' id='word_1_355' title='bbox 1124 4188 1210 4257; x_wconf 62' lang='grc'><strong>(1.,42.</strong></span> <span class='ocrx_word' id='word_1_356' title='bbox 1221 4203 1246 4240; x_wconf 83' lang='lat' dir='ltr'><strong>s.</strong></span> <span class='ocrx_word' id='word_1_357' title='bbox 1255 4186 1281 4237; x_wconf 82' lang='grc'><strong>3.</strong></span> 
     </span>
    </p>
   </div>
   <div class='ocr_carea' id='block_1_4' title="bbox 0 0 1601 4944">
    <p class='ocr_par' dir='ltr' id='par_1_6' title="bbox 0 0 1601 4944">
     <span class='ocr_line' id='line_1_41' title="bbox 0 0 1601 4944; baseline 0 0"><span class='ocrx_word' id='word_1_358' title='bbox 0 0 1601 4944; x_wconf 95' lang='lat' dir='ltr'><strong> </strong></span> 
     </span>
    </p>
   </div>
  </div>
 </body>
</html>
