3172 4950
662 358 701 375 ..
723 325 781 388 351
804 357 842 374 ..

188 432 293 503 mutis
313 432 419 504 hahet
439 454 516 504 asae
537 430 766 516 assidentale,
792 430 981 501 seeundum
1008 429 1098 524 quod
1121 433 1341 502 transfertur

188 540 346 625 'uDeum‚
372 540 478 612 habet
498 564 573 612 essa
596 542 840 628 substantiale3
866 539 958 608 nihil
980 539 1072 609 enim
1091 546 1145 609 est
1160 540 1197 608 in
1214 541 1286 608 Deo
1302 543 1342 608 ut

188 647 324 719 arideum
345 648 384 717 iu
406 649 573 735 rabiente,
599 649 659 718 sed
683 650 853 742 quidquid
877 655 932 719 est
953 649 989 716 iu
1012 647 1096 733 Deo,
1114 652 1169 717 est
1191 647 1267 716 eius
1290 668 1341 716 es·

188 753 290 824 antia.
323 752 383 823 Sia
404 754 520 845 igitur
543 778 584 825 ex
609 777 650 826 ea
673 764 785 846 parte,
806 776 875 846 qua
896 754 1023 823 relatio
1039 754 1077 822 in
1093 756 1197 824 rebus
1213 752 1341 822 creatis

188 860 270 930 abet
289 884 366 932 esse
388 863 605 933 accidentale
628 863 666 930 in
689 863 857 947 subieoto,
878 862 1005 931 relatio
1026 860 1172 930 realiter
1188 862 1342 930 existens

188 991 206 1039 ι
224 968 296 1039 Deo
320 970 522 1042 hebetasse
544 971 716 1041 essentiae
746 970 911 1055 divinae,
939 969 1031 1039 idem
1054 970 1192 1039 omuino
1214 970 1248 1039 si
1270 968 1341 1042 axi·

188 1083 302 1148 teua...
328 1077 380 1149 Et
405 1079 458 1148 sio
482 1080 707 1149 manifestum
734 1086 811 1164 est,
838 1078 929 1171 quod
953 1077 1079 1180 relatio
1102 1078 1248 1148 realiter
1270 1078 1342 1148 exi·

188 1192 260 1255 tans
282 1184 321 1254 iu
343 1186 417 1255 Deo
438 1193 494 1255 est
515 1186 605 1256 idem
629 1187 801 1256 essentiae
825 1186 1014 1256 seeundum
1029 1209 1114 1271 rem,
1133 1191 1169 1255 et
1189 1209 1257 1254 nou
1274 1187 1341 1256 dif-

188 1292 239 1363 'art
250 1292 321 1362 nisi
336 1294 526 1364 seeundum
542 1294 801 1385 intelligentiae
817 1295 988 1363 rationem
1006 1297 1098 1381 (oum
1116 1294 1343 1362 fundamento

188 1404 312 1485 ure),
336 1408 443 1491 prout
470 1401 508 1471 in
542 1403 712 1471 relatione
735 1402 947 1492 importatur
970 1407 1150 1491 respectus
1173 1400 1218 1470 ad
1241 1423 1342 1471 suum

188 1509 384 1600 mpositum,
416 1509 478 1602 qui
504 1533 573 1579 uon
594 1511 808 1602 importatur
830 1508 868 1578 iu
891 1509 1028 1580 nomine
1051 1514 1102 1596 (et
1125 1510 1265 1580 formali
1288 1532 1343 1579 ra·

188 1613 275 1701 lione)
298 1617 481 1686 aasentias.
500 1617 604 1687 Patet
625 1640 722 1707 ergo,
745 1618 837 1710 quod
860 1617 896 1686 iu
912 1618 984 1685 Deo
1001 1639 1068 1685 uon
1084 1625 1140 1686 est
1154 1617 1253 1687 aliud
1269 1641 1344 1688 essa

188 1723 350 1795 relationis
372 1732 408 1794 et
429 1726 612 1811 esseutiae,
639 1727 704 1796 sed'
726 1751 833 1795 unum
856 1733 893 1796 et
915 1727 1039 1796 idem»
1071 1727 1107 1796 S.
1128 1727 1194 1796 Th.
1220 1726 1246 1794 1.
1266 1751 1296 1797 o.

237 1828 352 1912 Quare
377 1851 448 1898 uon
475 1837 559 1899 suut
581 1831 631 1899 ihi
654 1831 744 1900 duae
766 1854 823 1900 res
846 1830 903 1900 vel
927 1831 1051 1899 saltem
1078 1831 1167 1900 duae
1190 1831 1344 1901 rationes

188 1956 249 2007 nu
268 1937 482 2029 praecisione
504 1938 680 2008 obieotiva
702 1938 914 2025 distinotae,
940 1938 1137 2007 absolutum
1161 1960 1202 2008 ao
1224 1939 1344 2009 relati·

189 2065 265 2131 πω,
288 2067 377 2138 quae
400 2053 611 2115 oouourrant
632 2047 677 2115 ad
693 2069 797 2115 unam
812 2070 885 2116 rem
902 2050 1180 2137 componendam
1198 2048 1346 2118 seduna

191 2170 303 2221 numa
323 2174 381 2220 res
405 2174 508 2244 quam
531 2153 744 2244 oouoipimus
767 2156 830 2223 sub
851 2154 988 2224 ratione
1003 2155 1187 2223 relationis
1203 2154 1346 2226 divinae

192 2278 257 2349 ap.
279 2260 506 2351 paternitatis
529 2259 586 2331 vel
609 2261 647 2329 in
671 2271 831 2331 concreto
858 2262 998 2348 Patris,
1023 2263 1140 2353 reipsa
1162 2270 1217 2332 est
1240 2263 1345 2333 simul

193 2370 320 2439 aenne
342 2369 514 2458 absoluta;
542 2370 636 2440 sicut
657 2370 815 2441 vicissim
837 2372 955 2442 eadem
978 2394 1034 2441 res
1050 2372 1132 2442 dum
1149 2371 1357 2474 coneipitur·

194 2476 242 2545 tuh
260 2476 392 2545 ratione
414 2476 599 2562 essentiae,
616 2485 671 2547 est
694 2477 800 2547 simul
818 2486 892 2547 tres
908 2478 1054 2548 relativi
1070 2486 1107 2548 et
1123 2478 1274 2569 quilibet
1290 2502 1343 2549 eo·

194 2584 336 2669 tundam,
354 2585 417 2677 qui
440 2606 509 2652 non
532 2585 597 2653 sub
619 2588 756 2657 ratione
773 2588 943 2657 esseutiae
966 2588 1026 2657 sed
1039 2588 1115 2657 sub
1134 2587 1271 2657 ratione
1293 2608 1344 2657 re·

195 2686 361 2762 htivorum
388 2693 482 2763 iuter
512 2716 549 2763 se
583 2694 867 2784 distinguuntur.
901 2696 1029 2765 Noster
1052 2718 1136 2764 vero
1160 2702 1346 2785 conceptus

195 2797 380 2875 athrivisx
403 2802 577 2871 creaturis
600 2801 784 2872 derivatus
807 2825 876 2870 nou
902 2802 1070 2893 exprimit
1087 2801 1193 2871 simul
1209 2801 1346 2872 absolu-

196 2908 272 2993 aa,
299 2910 393 2978 siout
427 2917 612 2999 oouoaptus
639 2910 792 2978 absoluti
819 2933 887 2978 uon
910 2909 1077 3000 exprimit
1100 2909 1206 2977 simul
1229 2908 1348 2978 relati·

196 3032 273 3103 ruu3
296 3017 373 3087 ideo
396 3015 525 3107 duplex
549 3017 614 3084 illa
636 3017 740 3102 ratio,
760 3039 862 3108 quam
882 3039 1015 3086 summa
1038 3041 1094 3087 res
1117 3018 1154 3086 in
1178 3039 1242 3086 sua
1265 3017 1347 3087 emi·

197 3124 293 3193 unns
314 3125 421 3196 habet
443 3126 632 3195 seeundum
655 3126 870 3194 functionem
893 3133 969 3195 tum
992 3126 1144 3195 absoluti
1167 3133 1243 3195 tum
1259 3125 1348 3196 rela-

199 3226 267 3316 tvi,
292 3255 314 3301 a
339 3233 440 3303 nohis
463 3234 527 3301 sub
557 3233 692 3323 duplioi
722 3233 935 3324 indaequata
965 3234 1106 3302 notione
1137 3234 1345 3324 coneipitur.

200 3332 339 3410 litamen
362 3339 456 3409 siout
478 3339 515 3408 id
537 3339 630 3431 quod
656 3340 721 3408 sub
743 3339 882 3408 notione
905 3339 1071 3409 attributi
1093 3363 1123 3410 e.
1144 3366 1179 3431 g.
1207 3341 1350 3412 divinae

201 3446 366 3535 sapientiae
388 3447 691 3539 apprehendimus,
710 3455 849 3539 aparte
872 3448 926 3517 rei
948 3455 1003 3518 est
1020 3448 1132 3539 ipsum
1150 3448 1350 3519 absolutum

202 3570 249 3620 aar
265 3556 440 3626 inlinitum
470 3555 508 3623 in
535 3555 628 3624 omni
650 3555 746 3624 linea
768 3556 995 3646 perfeetionis
1018 3562 1054 3626 et
1077 3556 1220 3648 proinde
1243 3580 1349 3625 verus

202 3651 280 3750 lam,
303 3664 421 3734 ita'id
444 3663 536 3755 quod
559 3663 850 3754 apprehendimus
872 3664 1106 3755 iuadaequata
1128 3662 1269 3731 notione
1285 3662 1350 3732 sub

202 3770 309 3843 atone
331 3773 515 3844 relationis
538 3798 568 3843 e.
587 3799 623 3864 g.
649 3773 899 3864 paternitatis,
925 3795 947 3840 a
970 3779 1070 3864 parte
1093 3772 1145 3841 rei
1169 3771 1274 3839 simul
1296 3777 1351 3842 est

202 3874 254 3947 ltu
273 3883 469 3974 paternitas
495 3888 571 3951 tum
594 3881 793 3950 absolutum
818 3905 904 3964 esre,
928 3887 964 3951 et
986 3902 1092 3952 verus
1114 3880 1209 3951 Deus
1239 3880 1350 3951 subsi-

202 3984 271 4056 liens
289 3991 327 4060 iu
350 3996 482 4060 natura
504 3990 677 4060 absoluta.

247 4096 464 4191 Respondens
490 4099 535 4168 ad
566 4097 818 4182 abiectionem,
848 4099 938 4192 quod
974 4097 1075 4168 iuxta
1109 4098 1351 4190 Augustinum

202 4206 320 4276 ‘tuuis
343 4230 402 4276 res
425 4228 512 4298 quae
535 4204 685 4275 relative
702 4202 845 4291 dieitur,
864 4213 919 4275 est
934 4206 1040 4275 etiam
1056 4196 1193 4299 aliquid
1209 4214 1352 4297 excepto

197 4304 322 4417 fllttivo
339 4342 372 4401 n,
402 4316 455 4384 ita
481 4315 640 4408 loquitur
663 4314 700 4386 S.
720 4316 894 4385 Thomas:
924 4315 1050 4386 osiout
1072 4315 1110 4384 iu
1134 4313 1287 4400 atsutia,
1313 4314 1352 4382 iu

195 4402 243 4483 ¹¹¹⁰
261 4425 352 4516 quod
369 4423 501 4495 dieitur
520 4422 682 4509 relative,
702 4446 770 4493 non
787 4422 898 4494 solum
914 4428 970 4494 est
984 4422 1144 4493 invenire
1159 4427 1351 4512 respectum
