3172 4950
692 380 730 393 -
754 349 812 410 139
833 381 871 395 ..

217 479 266 525 nus
285 455 357 523 suis
377 453 482 524 libris
504 455 547 524 de
570 454 747 525 Trinitate
770 455 871 525 velut
895 455 1145 524 munimentum
1175 451 1370 542 praestruit

216 562 343 630 omnium
358 561 637 630 antecedentium
653 563 800 631 Patrum
817 584 1031 631 consensum:
1054 560 1204 627 «Omnes
1221 579 1306 650 quos
1321 557 1368 626 le-

215 691 277 758 gere
298 669 408 759 potui,
428 668 586 760 quiante
601 692 654 739 me
678 669 897 759 scripserunt
911 669 953 738 de
970 666 1146 736 Trinitate
1170 685 1258 756 quae
1274 664 1369 735 Deus

213 787 262 864 est,
275 780 476 850 divinorum
498 779 666 848 librorum
682 783 839 849 veterum
855 784 892 847 et
906 800 1074 847 novorum
1098 781 1263 850 catholici
1276 786 1368 850 trac·

211 894 335 972 tutores,
353 887 420 956 hoc
446 887 675 956 intenderunt
699 886 887 956 secundum
904 886 1107 977 Scripturas
1126 889 1258 973 docere,
1278 887 1369 979 quod

209 994 296 1064 Peter
317 1001 355 1064 et
376 994 494 1064 Filius
508 1001 545 1065 et
568 993 724 1086 Spiritus
741 994 891 1065 Sanctus
915 994 1021 1064 unius
1043 996 1265 1089 eiusdemque
1288 997 1366 1064 suh·

208 1102 342 1171 musae
374 1101 602 1192 inseparabili
625 1101 838 1194 aequalitate
860 1101 1017 1171 divinam
1046 1102 1228 1172 insinuent
1249 1099 1366 1171 unita-

206 1215 271 1295 tem,
294 1209 442 1302 ideoque
457 1231 526 1278 non
540 1209 614 1278 sint
628 1212 701 1277 tres
716 1208 778 1278 Dii
801 1209 860 1278 sed
884 1232 976 1278 unus
998 1209 1104 1293 Deus,
1125 1209 1287 1300 quamvis
1302 1209 1367 1276 Ps-

205 1323 247 1384 ter
266 1315 401 1385 Filium
424 1318 598 1407 genuerit,
616 1322 653 1386 et
669 1316 745 1385 ideo
760 1316 878 1385 Filius
893 1340 961 1384 non
985 1316 1035 1385 sit
1058 1316 1119 1408 qui
1140 1317 1246 1386 Pater
1269 1322 1364 1385 est...

206 1422 417 1516 spiritusque
448 1423 599 1493 Sanctus
626 1447 688 1494 neo
712 1425 819 1493 Pater
847 1424 895 1493 sit
917 1447 981 1493 nec
1012 1422 1187 1492 Filius...
1212 1424 1308 1493 Haec
1332 1430 1368 1491 et

205 1553 266 1702 pes
286 1531 374 1703 fiples
395 1537 461 1702 ept,
493 1531 630 1623 quando
660 1531 746 1601 haec
775 1538 831 1601 est
857 1531 1032 1601 catholica
1054 1531 1179 1600 fidesn
1208 1531 1364 1621 August.

228 1658 291 1703 nn.
327 1658 390 1703 .n.
430 1687 439 1704 .

259 1741 300 1810 1·.
338 1741 430 1812 Sana
457 1743 595 1812 saeculo
622 1743 691 1812 ΠΙ.
723 1742 817 1812 sicut
846 1741 1007 1812 Ecclesia
1037 1740 1219 1810 damnavit
1248 1742 1366 1810 heera-

205 1848 280 1916 ticos
302 1849 568 1918 monarchianos
590 1857 759 1940 negantes
782 1849 1044 1919 distinctionem
1060 1871 1297 1939 personarum,
1316 1849 1368 1917 ita

208 1956 324 2044 parier
355 1958 565 2048 proscripsit
594 1957 764 2028 haeresim
794 1957 1007 2027 contrariam
1037 1979 1174 2042 eorum,
1202 1957 1262 2049 qui
1284 1978 1367 2048 que·

210 2066 252 2132 ris
284 2067 395 2135 forma
426 2064 607 2136 doctrinae
638 2089 715 2136 cum
748 2066 972 2135 distinctione
1003 2086 1228 2157 personarum
1263 2065 1368 2135 simul

210 2169 393 2241 inducerent
415 2172 673 2242 distinctionem
696 2179 843 2241 naturae
859 2172 896 2240 in
911 2173 1028 2257 Patre,
1053 2168 1159 2257 Filio,
1177 2178 1213 2240 et
1229 2171 1367 2262 Spiritu

213 2275 329 2349 Sancto.
355 2280 399 2348 In
422 2280 624 2349 huiusmodi
646 2280 738 2349 enim
754 2279 980 2349 distinctione
1003 2286 1151 2349 naturae
1173 2281 1367 2349 necessario

164 2372 167 2399 ¹
213 2385 403 2459 semerom
414 2390 626 2475 continetur,
646 2389 704 2458 vel
719 2395 793 2459 tres
809 2412 884 2459 esse
899 2390 1001 2474 Deos,
1019 2389 1075 2458 vel
1090 2388 1224 2457 Filium
1239 2395 1276 2458 et
1291 2388 1367 2479 Spi-

214 2496 301 2566 ritum
317 2498 488 2568 Sanctum
502 2520 570 2566 non
587 2519 661 2567 esse
676 2498 798 2586 Deum3
817 2497 882 2567 hoc
895 2505 1011 2567 autem
1027 2502 1214 2588 utrumque
1230 2495 1367 2566 saeculo

215 2601 265 2672 iem
276 2605 343 2675 111.
370 2605 477 2676 etiam
493 2606 632 2696 publico
648 2612 684 2675 et
710 2606 853 2675 solemni
877 2606 1008 2676 iudicio
1033 2605 1295 2675 condemnatum
1313 2611 1368 2672 est

216 2717 243 2778 rt
254 2734 448 2804 repugnans
462 2712 544 2782 fidei
560 2713 739 2784 revelatae
754 2735 796 2782 ac
810 2712 978 2783 traditae.
995 2711 1239 2782 Disertissime
1253 2712 1368 2801 igitur

216 2820 454 2891 eretEoclesiae
468 2822 649 2913 professio,
669 2828 742 2891 tres
759 2843 833 2891 esse
849 2820 996 2891 realiter
1010 2821 1195 2890 distinctos
1211 2818 1363 2904 Patrem,

169 2978 173 2985 .
217 2922 321 2997 lilium
343 2935 381 2998 ct
404 2928 542 3021 Spiritu
566 2928 756 3014 Sanctum,
781 2928 845 2998 hos
869 2934 986 2998 tamen
1009 2933 1083 2996 tres
1106 2932 1142 2995 et
1164 2926 1273 2995 trium
1297 2925 1366 2994 aiu·

217 3035 293 3121 gulos
314 3061 391 3108 esse
414 3061 522 3107 unum
538 3059 660 3108 verum
676 3037 799 3122 Deum,
825 3042 966 3127 preater
982 3058 1082 3128 quem
1105 3033 1282 3102 aliusnon
1298 3038 1363 3101 est.

217 3139 401 3236 Dionysium
423 3146 626 3216 Pontificem
657 3146 768 3215 medio
792 3145 931 3215 saeculo
955 3144 1024 3213 ΠΙ.
1053 3143 1205 3234 primum
1228 3141 1366 3234 quidem

216 3261 314 3323 mrrat
326 3254 547 3324 Athanasius
562 3254 745 3344 scripsisse
762 3259 884 3324 contre
897 3251 1127 3336 Sabellianos,
1142 3256 1218 3319 tum
1233 3273 1274 3318 ex
1291 3248 1367 3318 eius

164 3400 169 3427 ·.
216 3360 341 3448 epistola
362 3362 449 3433 haec
464 3362 604 3431 recitat:
624 3391 642 3427 u
658 3384 760 3453 porro
776 3383 924 3454 aequum
941 3359 1052 3429 fuerit
1074 3358 1180 3428 etism
1197 3357 1367 3427 adversus

164 3480 166 3509 ²
215 3462 273 3537 illos
283 3469 409 3555 dicere,
425 3469 487 3562 qui
501 3469 789 3560 angustissimam
800 3466 978 3538 Ecclesiae
994 3465 1059 3534 Dei
1075 3464 1367 3554 praedicationem

164 3568 166 3601 ³
217 3568 248 3657 (rc
265 3599 442 3664 σεμνοτατον
466 3600 606 3670 κηρυγμα
630 3601 683 3651 της
700 3574 863 3653 &selescar
883 3600 933 3641 rso
957 3578 1049 3655 arou,
1075 3570 1366 3664 augustissimum

215 3689 398 3772 mysterium
422 3688 465 3755 ab
487 3685 646 3755 Ecclesia
669 3686 735 3755 Dei
757 3685 1029 3776 praedicatum),
1056 3681 1291 3751 monarchiam
1314 3680 1367 3749 in·

214 3810 292 3878 quem
314 3793 483 3863 dividunt
505 3799 541 3862 ct
564 3793 769 3862 discindunt
791 3798 827 3860 et
849 3791 1070 3860 distribuunt
1086 3791 1212 3859 intres
1228 3789 1366 3881 aliquas

213 3897 344 3971 virtutes
367 3908 403 3971 et
425 3901 560 3970 divisas
583 3899 792 3991 hypostases
816 3906 854 3969 et
875 3906 949 3970 tres
973 3899 1165 3969 deitates...
1184 3899 1245 3992 qui
1259 3920 1278 3968 e
1293 3897 1367 3975 die·

212 4016 310 4096 noro,
327 4016 372 4079 ut
393 4010 448 4078 ita
470 4009 605 4102 loquar,
625 4014 848 4100 opponuntur
865 4008 1013 4078 Sabellii
1032 4008 1235 4078 sententiae.
1262 4005 1368 4075 Illius

211 4115 282 4185 erim
303 4117 467 4208 impietas
490 4117 528 4185 in
550 4140 590 4187 eo
613 4117 787 4202 consistit,
815 4117 908 4209 quod
929 4116 1029 4186 dicat
1051 4116 1183 4185 Filium
1207 4139 1281 4186 esse
1304 4115 1366 4185 Pa-

210 4223 280 4293 trem
301 4232 338 4296 et
361 4224 531 4312 vicissim
550 4226 589 4294 hi
605 4248 688 4295 vero
704 4230 778 4295 tres
794 4225 885 4294 Deos
901 4224 1133 4317 aliquomodo
1149 4224 1365 4315 praedicant,

210 4349 270 4400 cun
292 4335 330 4402 in
351 4339 428 4404 tres
449 4332 658 4425 hypostases
688 4332 838 4403 invicem
861 4333 996 4404 alienas
1027 4334 1165 4403 omnino
1189 4337 1368 4424 separatas

210 4433 356 4511 dividuos
377 4447 534 4517 mosem
550 4441 719 4511 unitatem
739 4434 805 4532 (roc
823 4441 911 4533 ἁγιαν
936 4436 1062 4527 parea,
1082 4445 1240 4510 sanctam
1256 4437 1366 4508 unici-
