3172 4950
216 217 352 286 siasticc
373 217 531 308 regula»
556 240 610 309 ep.
629 218 675 288 cd
697 113 950 310 Padilsamos.
972 217 1074 310 (Opp.
1091 218 1257 309 Dionysii
1277 220 1381 289 Alex.

211 324 406 414 βψω·
446 409 450 417 ,

265 431 426 501 Maxime
442 454 525 503 vero
548 432 586 501 in
609 433 775 509 diuturno
791 435 880 504 bello
896 435 1006 504 totius
1020 436 1198 507 Ecclesiae
1214 437 1386 531 adversus

205 540 359 610 &ianus
384 565 426 612 ec
448 542 652 612 nominatim
684 544 855 613 adversus
885 545 1133 629 Eunomianos,
1171 545 1384 635 superratio-

198 649 339 719 nalitas
354 651 522 741 mysterii
537 674 559 719 a
573 651 635 720 SS.
650 651 817 721 Patribus
832 654 967 721 tradita
979 661 1033 722 est
1044 660 1080 723 et
1093 654 1273 722 vindicata
1285 654 1386 722 velut

203 757 476 829 fundamentum
505 760 550 829 ad
583 761 815 830 defensionem
838 769 874 831 et
899 764 1088 851 genuinam
1119 763 1385 851 explicationem

202 865 390 936 doctrinae
412 867 589 938 revelatae
612 869 654 937 de
677 868 740 938 SS.
761 870 949 939 Trinitate.
976 870 1137 939 Vidimus
1160 871 1198 938 in
1215 871 1386 939 Tractatu

202 976 238 1048 de
249 990 337 1060 Deo,
359 999 466 1068 quam
481 977 612 1045 acriter
627 976 838 1046 Eunomiani
853 979 989 1068 plenam
1006 979 1240 1067 cognitionem
1250 986 1287 1046 et
1298 1002 1385 1047 com-

201 1083 475 1177 prehensionem
498 1085 638 1154 divinae
662 1087 832 1154 essentiae
856 1087 923 1153 sibi
939 1086 1212 1170 vindicaverint,
1232 1092 1268 1154 et
1284 1107 1384 1177 quam

202 1193 358 1263 solliciti
382 1193 508 1261 Patres
525 1215 640 1261 omnes
656 1199 778 1262 contre
794 1193 887 1263 hunc
903 1216 1054 1263 errorem
1071 1195 1388 1262 demonstraverint

204 1325 243 1372 ex
266 1303 355 1391 ipsa
379 1300 431 1370 rei
455 1308 593 1385 natura,
620 1324 687 1368 non
711 1302 780 1369 nisi
804 1303 1004 1370 notionibus
1027 1302 1221 1391 analogicis
1243 1324 1266 1369 a
1287 1302 1388 1369 nobis

206 1409 346 1498 concipi
370 1406 595 1498 aliquatenus
612 1429 721 1497 posse,
741 1407 824 1499 quid
840 1409 934 1477 Dens
951 1408 1011 1477 sit.
1031 1407 1154 1477 Videri
1171 1415 1286 1498 posset
1304 1408 1388 1478 haec

203 1516 410 1607 disputatio
433 1515 525 1584 nihil
542 1515 715 1605 pertinere
731 1516 775 1584 ad
793 1517 841 1600 id,
861 1517 951 1607 quod
969 1541 1061 1586 nnnc
1077 1517 1228 1605 agimus.
1242 1519 1294 1584 At
1307 1538 1389 1584 vero

209 1648 336 1715 scopus
349 1625 508 1693 directus
524 1624 777 1693 haereticorum
793 1635 870 1693 erat
885 1619 1040 1694 exclusio
1054 1624 1214 1714 mysterii
1232 1623 1295 1693 SS.
1312 1625 1390 1692 Tri-

210 1734 354 1803 nitatis.
379 1732 455 1822 Ipsi
472 1731 641 1801 haeretici
655 1755 724 1799 non
742 1732 857 1799 minus
874 1754 976 1825 quam
993 1733 1116 1801 Patres
1133 1732 1296 1823 catholici
1313 1754 1391 1822 per·

212 1850 370 1932 spectum
392 1840 578 1925 habebant,
604 1861 625 1907 a
647 1840 747 1908 nobis
764 1840 929 1930 intelligi
952 1865 1020 1908 non
1045 1863 1143 1930 posse
1166 1841 1323 1908 divinam
1339 1863 1391 1909 es·

210 1949 456 2032 sentimus,
482 1956 523 2017 nt
546 1955 619 2016 tres
643 1949 748 2018 simul
771 1971 937 2038 personas
969 1951 1062 2017 inter
1086 1972 1121 2017 se
1145 1950 1333 2018 distinctas
1356 1954 1393 2016 et

218 2078 292 2125 cnm
314 2056 434 2125 eadem
457 2055 718 2145 simplicissima
740 2058 891 2125 essentia
920 2057 1157 2126 identificatas
1180 2057 1316 2125 ratione
1340 2056 1391 2123 in·

220 2163 431 2253 telligamus.
452 2163 552 2232 Unde
568 2164 600 2232 si
615 2165 750 2233 ratione
773 2166 925 2254 perfecte
941 2165 1219 2254 intelligeremus
1235 2164 1392 2231 divinam

224 2272 402 2339 essentium
428 2272 528 2340 utin
552 2294 588 2339 se
611 2278 683 2356 est,
717 2273 1001 2364 quemadmodum
1024 2273 1080 2341 illi
1104 2273 1325 2355 asserebant,
1351 2291 1390 2338 eo

226 2375 294 2466 ipso
309 2379 450 2449 divinae
474 2382 643 2450 essentiae
666 2381 758 2449 nihil
782 2381 880 2449 aliud
903 2382 1117 2466 conveniret,
1138 2381 1207 2449 nisi
1224 2379 1314 2470 quod
1330 2399 1393 2448 nos

230 2485 318 2559 inea
339 2488 632 2578 intelligeremus.
649 2487 734 2558 Cum
758 2512 841 2558 vero
865 2489 1069 2557 nullatenus
1100 2489 1237 2557 ratione
1260 2487 1393 2556 intelli·

234 2615 342 2680 gamus
366 2617 471 2663 unam
494 2595 790 2685 simplicissimam
813 2597 1000 2666 essentiam
1031 2596 1068 2663 in
1100 2596 1217 2664 tribus
1248 2594 1393 2667 realiter

188 2720 195 2759 ι
236 2699 313 2771 inter
336 2725 372 2772 se
396 2702 579 2800 distinctis
602 2704 782 2794 personis,
810 2727 1019 2794 consequens
1043 2709 1131 2787 erat,
1158 2711 1280 2771 utnon
1296 2700 1395 2770 modo

237 2804 380 2879 lrinitas
403 2819 613 2900 negaretur,
640 2811 698 2880 sed
723 2812 827 2879 etiam
844 2811 1012 2879 haeretici
1029 2835 1071 2880 ex
1090 2811 1206 2881 eodem
1225 2811 1288 2878 illo
1301 2810 1395 2899 prin·

238 2915 312 3006 cipio
334 2920 510 3010 perfectae
534 2919 848 3009 comprehensionis
876 2919 1018 2988 divinae
1042 2928 1189 2988 naturae
1214 2942 1278 2988 sua
1300 2941 1396 3009 rope-

238 3028 337 3097 terent
348 3034 557 3116 argumenta
572 3028 616 3096 ad
633 3027 952 3110 demonstrandum,
971 3051 1033 3095 nec
1046 3050 1119 3095 esse
1133 3051 1194 3096 nec
1207 3049 1305 3116 posse
1322 3047 1397 3094 esse

237 3153 447 3220 personarum
461 3135 683 3220 Trinitatem,
695 3135 831 3226 qualem
839 3135 999 3203 Ecclesia
1011 3136 1184 3204 catholica
1196 3135 1393 3224 profitetur.

287 3241 380 3311 Hinc
402 3242 526 3309 Patres
549 3264 665 3309 omnes
689 3241 726 3310 S.
747 3241 905 3309 Basilius
929 3250 965 3310 et
988 3242 1182 3331 Gregorius
1212 3243 1396 3331 Nyssenus

237 3344 385 3419 inlibris
407 3356 531 3418 contra
552 3349 781 3433 Eunomium,
801 3349 995 3438 Gregorius
1010 3350 1253 3419 Nazianzenus
1268 3349 1304 3415 in
1321 3371 1396 3415 ora·

237 3455 377 3527 donibus
392 3458 435 3527 de
452 3458 644 3547 Theologia
660 3458 878 3545 (nominatim
895 3458 932 3525 in
949 3458 992 3527 Γ.
1012 3457 1220 3546 theologica,
1240 3462 1398 3549 quaeest

239 3584 277 3635 cr.
289 3566 402 3636 naal.
416 3567 504 3652 34.),
523 3565 682 3657 Cyrillus
698 3566 871 3635 Hierosol.
887 3565 1064 3635 Cateohes.
1080 3566 1159 3649 VL,
1173 3563 1397 3654 Epiphanius

188 3640 193 3779 l
239 3667 356 3743 lueres.
373 3673 555 3759 LXXVI,
583 3674 855 3763 Chrysostomus
878 3674 915 3740 in
941 3672 1095 3741 homiliis
1118 3673 1270 3764 quinque
1294 3673 1334 3740 de
1345 3673 1397 3739 in·

243 3780 526 3871 comprehensibili
548 3781 614 3850 Dei
637 3789 788 3866 natura,
808 3780 965 3870 Cyrillus
989 3781 1092 3849 Alex.
1104 3781 1142 3847 in
1159 3781 1338 3848 Thesauro
1356 3777 1398 3846 il·

188 3902 190 3925 ²
244 3879 299 3954 hm
318 3888 542 3958 assertionem
566 3889 608 3958 de
640 3888 940 3979 comprehensione
971 3889 1113 3957 divinae
1143 3894 1291 3955 naturae
1322 3894 1398 3954 tum

246 4007 279 4056 ex
297 3993 506 4065 documentis
529 3995 709 4064 doctrinae
734 3995 950 4064 christianae
974 4002 1049 4064 tum
1081 4016 1124 4063 ex
1155 3994 1290 4062 ratione
1321 3992 1400 4082 ipsa

248 4095 411 4170 tbsurdam
434 4126 508 4172 esse
531 4103 768 4189 convincunt,
795 4108 836 4172 ut
859 4103 1197 4193 viam'complanent
1221 4101 1267 4168 ad
1289 4098 1398 4187 expli·

252 4206 397 4281 utonem
419 4211 599 4283 doctrinae
621 4210 799 4283 revelatae
822 4211 864 4280 de
882 4209 945 4281 SS.
966 4210 1154 4280 Trinitate.
1170 4206 1400 4278 Consentiunt
