3172 4950
712 325 750 342 -
772 293 833 358 3⁴30
852 326 891 343 -

208 400 302 467 niem
328 398 432 467 «nisi
455 399 645 468 rationales
668 400 803 469 animas
826 400 1042 487 haberemus,
1060 423 1125 471 neo
1148 382 1281 473 eradere
1299 426 1349 494 poe

210 529 323 575 semus
339 533 354 567 r
370 507 511 596 (Aug.),
532 508 563 575 si
580 507 779 577 huiusmodi
794 509 909 600 prima
924 509 1100 600 principia
1114 533 1185 579 non
1200 512 1351 583 essentie

210 613 412 683 fallibiliter
436 621 551 700 certa,
577 639 687 708 neque
710 616 799 685 soire
831 639 1029 706 possemus,
1055 618 1142 710 quid
1165 619 1351 709 indagante

210 722 366 792 revelato
398 722 604 792 eredendum
628 724 727 792 nobis
755 724 816 793 sit.
845 723 1030 793 Revelatio
1060 725 1141 816 ipsa
1163 728 1353 818 supponitat

210 857 272 903 nos
302 833 529 923 supponimus
556 834 593 903 in
618 835 786 906 eredendo
809 835 1021 904 revelationi
1042 836 1227 906 evidenter
1250 859 1351 923 verus,

210 964 316 1011 unum
339 965 407 1010 non
431 965 504 1011 esse
527 942 617 1029 tria3
637 965 735 1011 secus
752 940 923 1011 revelatio
940 947 977 1010 et
991 942 1079 1011 fides
1095 943 1283 1012 Trinitatis
1300 965 1353 1034 pro

210 1067 338 1135 ponens
362 1066 465 1113 unam
487 1045 672 1114 essentiam
696 1053 732 1115 et
754 1053 827 1114 tres
842 1067 1020 1135 personas,
1047 1068 1117 1114 non
1140 1044 1354 1117 redderetur

209 1160 334 1238 oertos,
361 1161 479 1222 utrum
503 1177 571 1222 non
594 1154 667 1223 sint
689 1160 762 1223 tres
785 1154 957 1223 essentiae
983 1158 1020 1222 et
1046 1175 1118 1221 una
1141 1175 1294 1244 persona.
1307 1152 1353 1225 tle

208 1263 357 1331 neratim
382 1262 475 1332 sicum
497 1262 539 1332 de
561 1263 662 1332 nulla
681 1264 832 1333 veritate
852 1264 904 1333 ita
921 1287 983 1333 neo
1000 1264 1042 1333 de
1059 1263 1213 1333 veritate
1228 1262 1354 1333 revelata

210 1370 298 1440 oerti
320 1393 394 1440 esse
417 1393 606 1461 possemus,
625 1372 708 1464 quia
723 1372 916 1442 rationales
932 1373 1067 1440 animas
1081 1394 1151 1440 non
1169 1371 1351 1441 haberemus

284 1479 424 1548 Pariter
455 1481 625 1551 revelatio
652 1488 688 1550 et
715 1481 802 1550 fidas
828 1480 894 1549 Dei
925 1479 1031 1548 unius
1062 1479 1265 1549 seeundum<
1280 1483 1352 1547 natu·

210 1609 284 1655 ram
315 1594 356 1656 et
379 1587 468 1656 trini
499 1588 688 1657 meandum
718 1609 884 1678 personas
918 1586 1085 1677 supponit
1114 1586 1291 1655 evidenter
1312 1606 1351 1655 ra

210 1719 300 1780 rum,
318 1694 455 1787 quando
478 1695 546 1764 duo
569 1695 737 1764 dicuntur
759 1716 827 1761 non
851 1693 1022 1762 distinata
1044 1693 1088 1760 ab
1112 1715 1182 1761 uno
1199 1690 1351 1777 tertiata

211 1804 275 1871 sub
290 1802 354 1871 hao
378 1802 516 1871 formali
541 1803 689 1887 ratione,
709 1803 773 1870 sub
791 1824 859 1894 qua
875 1824 943 1869 non
960 1807 1044 1870 eunt
1062 1788 1233 1871 distincta
1253 1798 1351 1870 abillo

210 1910 303 1980 dioto
326 1909 443 1997 tertio,
469 1911 613 1981 realiter
636 1933 698 1980 neo
722 1933 796 1979 esee
823 1910 891 1979 duo
914 1932 977 1979 nee
1000 1909 1148 1978 tertium
1167 1909 1228 1978 sed
1245 1906 1351 1977 omniu

212 2040 314 2087 unum
341 2017 598 2087 indistinctum.
618 2017 701 2086 Sine
725 2016 789 2085 hoo
810 2015 968 2085 evidenti
989 2014 1165 2105 principio
1187 2036 1256 2083 non
1275 2011 1350 2082 intel

209 2126 398 2217 ligeremus
420 2149 524 2194 unam
547 2126 788 2195 indistinctam
819 2124 1065 2207 divinitatem,
1091 2124 1176 2192 dum
1205 2121 1351 2192 revelatur

209 2241 246 2304 et
268 2234 424 2303 ereditur
446 2234 551 2302 Pater
573 2234 669 2303 Deus
684 2239 720 2302 et
734 2232 851 2302 Filius
874 2233 968 2301 Deus
983 2237 1153 2301 ettamen
1169 2254 1258 2300 unua
1271 2231 1349 2300 Dea

210 2345 300 2412 Dum
324 2342 415 2412 enim
439 2341 617 2411 revelatur
643 2343 750 2411 Pater
776 2342 871 2409 Deus
893 2346 930 2409 at
950 2340 1069 2408 Filius
1084 2339 1174 2409 idem
1191 2341 1289 2426 Deus,
1302 2338 1351 2408 do

209 2453 274 2521 sub
297 2450 438 2519 formali
468 2450 605 2518 ratione
627 2450 780 2518 Deitatis
803 2448 972 2518 dicuntur
1002 2471 1110 2516 unum
1143 2471 1205 2517 eeu
1233 2471 1293 2517 non
1314 2443 1351 2514 li·

210 2559 340 2627 stinota
363 2559 406 2626 ab
423 2580 491 2626 uno
507 2557 613 2627 tertio
637 2561 693 2644 (ut
716 2557 906 2645 obiicitur),
929 2556 1101 2625 sciliceta
1117 2555 1259 2643 deitate;
1274 2561 1351 2643 aura

208 2665 284 2734 ideo
307 2689 349 2735 ex
373 2665 529 2734 evidenti
546 2665 608 2732 illo
630 2664 803 2755 principio
819 2663 1054 2753 intelligimus
1074 2685 1179 2732 unam
1200 2661 1349 2733 inuisere

207 2781 278 2842 tam
303 2774 467 2843 deitatem
492 2771 682 2841 revelatam
714 2794 809 2854 esee,
843 2771 1003 2863 quamvis
1026 2770 1083 2838 illi
1106 2769 1175 2839 duo
1199 2768 1294 2838 simul
1313 2789 1349 2835 ra

210 2881 370 2951 velentur
394 2878 556 2948 distincti
587 2879 680 2947 inter
703 2901 739 2946 ee
763 2879 827 2947 sub
850 2878 922 2946 alia
944 2878 1080 2946 ratione
1108 2877 1249 2947 formali
1269 2870 1350 2964 (auili-

208 2996 263 3058 oet
293 2991 357 3058 sub
380 2990 521 3058 formali
544 2989 679 3057 ratione
710 2987 939 3057 relativorum
963 3009 1025 3055 seu
1047 2986 1167 3055 Patris
1189 2996 1226 3056 et
1245 2983 1350 3068 Filiilz

212 3098 315 3187 «Ego
331 3106 367 3168 et
382 3100 486 3167 Pater
503 3121 609 3167 unum
626 3121 757 3183 sumus3
776 3103 850 3164 tres
866 3105 949 3165 sunt
965 3095 1023 3189 qui
1041 3096 1277 3165 testimonium
1288 3093 1351 3163 dart

208 3208 246 3275 in
262 3205 366 3289 coelo,
386 3206 502 3288 Pater,
516 3206 669 3274 Verbum
686 3211 722 3274 et
737 3205 894 3295 Spiritus
909 3203 1073 3287 Sanetus,
1088 3209 1124 3270 et
1136 3202 1174 3270 hi
1186 3211 1259 3272 tres
1272 3217 1350 3269 rann

210 3319 430 3381 suntote».

277 3421 434 3490 Teneant
448 3444 532 3510 ergo
554 3420 823 3506 Rationalistae,
843 3420 956 3512 quiin
973 3420 1080 3488 verba
1096 3419 1299 3489 stultissima
1309 3413 1349 3484 So

209 3529 424 3599 sinianorum
448 3528 566 3597 iurare
591 3535 752 3619 pergunt,
779 3527 1033 3617 responsionem
1061 3526 1349 3618 simplicissimas:

210 3661 315 3706 unum
338 3639 402 3706 sub
425 3659 465 3705 ea
488 3637 622 3705 ratione
646 3638 710 3705 sub
733 3658 802 3728 qua
824 3641 879 3704 est
901 3658 1021 3721 unum,
1045 3636 1228 3706 evidenter
1243 3631 1353 3703 nonai

208 3746 291 3830 tria,
317 3751 353 3814 et
375 3746 452 3816 ideo
475 3766 546 3812 una
568 3745 720 3813 essentia
743 3744 882 3829 divina,
909 3766 1001 3812 unus
1022 3745 1118 3813 Deus
1141 3767 1210 3813 non
1232 3748 1284 3813 est
1300 3747 1354 3810 aa

208 3852 380 3921 essentiae
410 3861 446 3922 et
476 3876 544 3922 non
566 3859 639 3921 tres
662 3853 745 3940 Dii;
772 3858 808 3920 et
831 3851 987 3920 vicissim
1019 3858 1093 3921 tres
1121 3873 1283 3941 personae
1304 3866 1354 3916 nor
1391 3856 1396 3925 ξ

209 3965 291 4027 sunt
314 3980 384 4025 una
407 3981 564 4050 persona,
583 3983 674 4027 unus
690 3959 794 4027 Pater
817 3981 885 4027 non
907 3964 981 4055 tres
997 3959 1134 4043 Patres,
1160 3982 1251 4028 unus
1264 3952 1358 4028 Filirt
1389 3944 1396 3991 '¹

208 4089 275 4134 non
299 4072 372 4134 tres
400 4066 488 4135 Filii
511 4073 577 4136 eto.
604 4068 701 4151 Quae
725 4074 807 4136 sunt
830 4068 894 4135 sub
917 4066 1037 4159 aliqua
1066 4065 1204 4136 ratione
1222 4062 1358 4136 'realiter
1394 4084 1396 4137 i

210 4196 328 4256 unum,
341 4174 405 4241 sub
420 4173 486 4242 hec
502 4175 638 4245 ratione
654 4174 834 4245 evidenter
851 4198 919 4242 non
935 4179 1020 4242 sunt
1034 4172 1160 4258 multa,
1178 4196 1241 4243 eeu
1256 4179 1295 4242 ut
1307 4172 1361 4241 tor

208 4279 303 4348 mula
326 4280 441 4349 minus
457 4282 630 4350 commoda
652 4281 785 4351 dicitur
801 4305 809 4348 :
828 4303 916 4372 quae
932 4285 1016 4348 sunt
1032 4280 1096 4348 sub
1113 4279 1236 4373 aliqua
1247 4278 1364 4350 rationo

207 4390 297 4458 idem
320 4411 397 4457 eum
421 4410 490 4457 uno
512 4387 631 4472 tertio,
657 4390 721 4456 sub
744 4387 809 4455 hao
832 4388 968 4456 ratione
991 4392 1075 4456 sunt
1096 4385 1189 4456 idem
1215 4389 1308 4460 inter
1323 4407 1365 4455 sa.
