3180 4944
205 427 442 517 Hieronymus
457 427 496 495 in
507 429 565 497 Pa.
585 429 640 497 17.
660 429 692 497 1.
709 326 817 520 (odii
825 431 969 499 Hieron.
983 429 1142 501 Vallarsi
1152 430 1195 499 T.
1209 430 1291 501 VII.
1303 432 1338 522 A3

207 535 308 625 peud.
323 560 357 624 p.
373 534 458 621 39.);
473 534 682 605 Ambrosius
696 537 769 624 (vel
780 538 888 622 alius)
898 539 939 607 de
953 540 1052 608 Trin.
1064 538 1112 607 al.
1123 539 1162 606 in
1176 538 1338 629 Symbolu

206 642 365 731 Apostol.
391 667 419 712 c.
437 642 469 711 1.
490 644 547 730 (Τ.
566 644 615 712 ΙΙ.
630 646 790 735 Append.
807 670 841 734 p.
861 646 975 734 321.);
991 647 1098 737 Greg.
1118 646 1166 716 M.
1184 646 1338 715 homile

208 773 242 816 n.
259 749 291 817 1.
303 751 355 836 (in
367 751 561 820 Pentecost.
581 753 666 843 Opp.
687 754 729 821 T.
748 754 778 820 Ι.
794 778 827 844 p.
844 754 975 841 1574.);
990 754 1148 823 Isidorus
1173 752 1338 843 Etymolo

207 857 330 928 LVII.
348 884 377 929 c.
396 860 428 928 3.
445 886 480 928 ιι.
492 862 525 929 5.
542 862 656 929 18-20.
678 863 734 949 (T.
753 863 822 930 III.
838 890 870 954 p.
890 863 967 931 306.
983 862 1091 951 308.);
1105 862 1338 935 Anselmuslt

207 966 323 1056 nolog.
342 991 372 1035 c.
388 968 502 1036 50-60.
514 975 596 1056 etc.;
611 970 782 1038 Bernard.
799 970 835 1037 in
847 971 1042 1039 Pentecost.
1058 994 1161 1039 serm.
1178 970 1211 1037 3.
1224 992 1260 1037 n.
1274 970 1325 1058 23

208 1072 344 1142 Cautio.
363 1098 464 1143 serm.
483 1078 516 1143 8.
543 1101 578 1144 n.
602 1077 634 1145 1.
657 1077 691 1148 2.
715 1079 749 1163 4;
772 1077 1013 1146 Guitmuudus
1036 1077 1072 1145 in
1096 1077 1252 1147 Confess.
1275 1078 1338 1152 Tri

208 1181 317 1269 (Bibl.
330 1182 424 1251 Max.
441 1184 482 1250 Τ.
493 1184 629 1253 XVIII.
646 1210 680 1274 p.
690 1186 800 1272 466.);
815 1186 921 1275 Hugo
944 1186 1079 1255 Victor.
1097 1185 1240 1255 Erudit.
1255 1184 1338 1258 Ther

208 1287 233 1356 l.
252 1289 335 1357 VII.
357 1313 386 1357 c.
405 1290 476 1376 21,
496 1290 593 1359 Sent.
618 1291 736 1360 Traot.
756 1293 828 1360 Lo.
848 1294 904 1379 6.;
926 1292 1096 1361 Richard.
1119 1292 1255 1361 Victor.
1275 1292 1338 1363 Tri

160 1446 164 1453 .
208 1395 233 1463 l.
248 1396 351 1465 VI.c.
372 1397 441 1485 10.;
459 1396 562 1466 Conc.
582 1392 740 1467 Toletan.
758 1399 822 1466 XI.
839 1404 944 1486 (anno
957 1399 1053 1483 675.)
1075 1398 1112 1466 in
1128 1400 1278 1467 Profess.
1292 1400 1338 1469 ide

208 1506 332 1590 (Hard.
348 1494 606 1595 111.p.1020.).
622 1507 717 1575 Idem
734 1507 856 1576 deinde
870 1514 1069 1597 supponunt
1078 1530 1119 1576 ac
1131 1507 1254 1575 docent
1263 1528 1338 1575 onus

209 1612 419 1682 Scholastici
442 1620 514 1681 tam
539 1622 675 1683 veteres
698 1614 778 1683 inde
795 1638 816 1682 a
831 1615 1005 1704 Magistro
1021 1615 1069 1701 (1.
1090 1615 1174 1683 dist.
1196 1614 1338 1705 10.)qusr

208 1722 418 1792 recentiores
442 1724 502 1809 (cf.
522 1722 613 1790 Rui'z
629 1723 719 1813 disp.
735 1723 784 1791 ΙΙ.
800 1733 886 1794 sect.
905 1725 937 1791 2.
948 1749 983 1792 n.
998 1726 1031 1792 5.
1047 1725 1111 1809 6.),
1130 1725 1163 1791 si
1176 1721 1338 1791 Durauduu

209 1830 364 1920 excipias
380 1829 442 1915 (1),
469 1831 526 1898 cui
549 1831 659 1922 aliqui
676 1831 810 1900 addunt
826 1832 972 1921 Gregor.
988 1832 1243 1901 Ariminensem
1257 1836 1286 1898 et
1297 1827 1338 1897 llo·

210 1937 357 2006 minales
380 1937 547 2005 Okamnm
571 1960 612 2006 ao
636 1938 833 2007 Gabrielem
856 1940 948 2007 Biel.

278 2045 403 2137 Itaque
426 2070 467 2115 ex
492 2047 602 2131 modo,
621 2071 686 2138 quo
705 2048 909 2138 Scripturas
932 2048 1029 2138 ipsae
1045 2069 1226 2139 personam
1240 2042 1338 2113 Filiist

213 2154 369 2246 Spiritus
393 2154 515 2223 Sancti
539 2154 758 2238 describunt,
784 2177 826 2222 ex
851 2177 955 2223 sensu
984 2162 1020 2222 et
1044 2176 1213 2223 consensu
1235 2154 1338 2222 Panic

212 2282 253 2329 ac
276 2262 455 2330 doctorum
479 2267 611 2330 certum
636 2262 1055 2344 maneatpiundamentum
1073 2262 1225 2331 alicuius
1241 2264 1338 2328 nostru

212 2370 379 2459 analogae
404 2369 662 2457 intelligentiae
682 2420 689 2454 ,
717 2392 791 2465 qua.
803 2370 866 2438 SS.
883 2369 1096 2438 Trinitatem
1112 2368 1281 2459 concipere
1291 2380 1338 2454 pol*

213 2501 345 2547 sumus.
362 2478 466 2549 Sicut
489 2479 654 2547 videlicet
683 2479 719 2545 in
751 2479 880 2569 spiritu
912 2487 1028 2549 creato
1052 2480 1211 2569 procedit
1238 2475 1338 2545 verbm

212 2587 390 2655 internum
413 2593 455 2654 ut
476 2585 648 2655 terminus
671 2585 922 2654 intellectionis
945 2592 982 2654 et
1004 2608 1100 2655 amor
1131 2586 1338 2654 immanens·

212 2694 384 2763 terminus
407 2694 543 2762 activae
560 2693 772 2777 dilectionis,
793 2694 844 2761 ita
860 2694 897 2761 in
913 2693 1045 2783 spiritu
1061 2694 1215 2762 increato
1229 2689 1338 2761 Verbuu

213 2792 445 2870 substantiale
454 2811 489 2868 et
497 2800 743 2868 substantialis
755 2822 850 2867 amor
863 2800 1019 2889 Spiritus
1029 2800 1180 2868 Sanctus
1192 2795 1338 2890 procednu

213 2933 272 2999 per
286 2910 464 2977 formalem
477 2909 646 2978 rationem
659 2908 910 2976 intellectionis
922 2916 957 2976 et
969 2908 1181 2976 dilectionis.
1195 2906 1287 2975 «Non
1296 2902 1338 2968 itu

265 3090 308 3165 (1)
327 3094 491 3162 Durandun
511 3093 680 3147 scholastici
701 3095 873 3146 recentiores
893 3093 988 3145 solent
1001 3108 1056 3145 non
1072 3093 1135 3144 sine
1149 3082 1338 3145 censurarum

213 3186 322 3251 citare,
344 3184 418 3250 quod
437 3184 583 3251 docuerit,
604 3184 816 3251 productionem
836 3183 908 3235 Filii
928 3187 957 3235 et
975 3183 1102 3249 Spiritus
1122 3182 1219 3236 Sancti
1246 3194 1293 3231 non
1307 3182 1338 3227 cl*

214 3288 264 3337 per
283 3274 430 3325 formalem
451 3274 590 3326 rationem
608 3274 818 3327 intellectionis
832 3275 861 3325 et
874 3273 1026 3325 volitionis
1045 3268 1245 3344 (dilectionis),
1263 3264 1338 3329 actv

213 3359 360 3413 formalem
380 3362 518 3414 rationem
539 3366 668 3429 naturae,
684 3364 826 3428 quatenns
845 3361 1019 3428 principium
1034 3361 1193 3426 producens
1206 3363 1250 3411 ast
1261 3356 1338 3410 ulos:

214 3450 369 3517 perlectum
389 3455 418 3503 et
440 3454 614 3519 perfectione
634 3452 784 3505 fecundum
803 3448 881 3523 (vide
895 3450 999 3503 Suarez
1019 3452 1039 3502 l.
1055 3452 1079 3502 I.
1095 3467 1119 3503 c.
1133 3450 1161 3516 ὃς
1176 3450 1247 3503 Rnis
1259 3434 1338 3511 disp-l

215 3545 283 3594 sect.
295 3542 322 3595 8.
335 3540 430 3613 nil).
455 3544 647 3607 ulntelligere
666 3546 696 3594 et
714 3542 788 3593 velle
809 3556 864 3592 non
885 3544 953 3593 sunt
972 3540 1173 3606 productiones
1190 3540 1338 3607 parisonaru¹

214 3632 257 3683 ait
275 3633 437 3699 Durandus,
460 3647 510 3685 nec
529 3633 673 3699 principio
691 3630 919 3699 productionum,
935 3630 983 3683 sed
997 3633 1122 3684 exclusis
1137 3648 1153 3683 a
1167 3632 1223 3684 Deo
1237 3643 1282 3696 per
1293 3622 1338 3677 lut¹

214 3723 317 3775 lectum
331 3719 484 3794 (nostrum)
498 3722 649 3774 intellectu
664 3724 693 3772 et
707 3723 857 3773 voluntate
875 3737 935 3773 cum
949 3722 1080 3774 omnibns
1094 3720 1207 3774 actibus
1221 3719 1277 3771 suis
1289 3710 1338 3766 adh

215 3815 291 3863 esset
310 3812 340 3863 in
361 3812 471 3864 divinis
494 3812 641 3877 generatio
663 3812 734 3863 Filii
764 3816 793 3864 et
819 3812 941 3878 spiratio
965 3810 1093 3877 Spiritus
1113 3808 1230 3873 Sancti,
1250 3808 1289 3858 ita
1303 3810 1338 3869 ufl

215 3902 284 3954 haec
303 3906 372 3954 sunt
391 3904 422 3954 ln
442 3902 552 3955 divinis
572 3919 607 3955 ex
626 3902 804 3955 iocunditate
824 3908 944 3955 naturae
964 3900 1142 3965 radicaliter,
1159 3914 1242 3966 quam
1259 3896 1334 3949 iscus

214 3992 301 4040 tatem
320 3990 408 4042 habat
426 4004 461 4042 ex
480 4005 533 4042 sua
551 3991 714 4057 infinitate,
736 3994 765 4042 et
794 4005 850 4042 non
864 4005 911 4057 ,cx
935 3989 988 4041 hoc
1011 3988 1086 4055 quod
1105 3994 1150 4041 est
1168 3986 1326 4049 intelligens

215 4079 315 4130 volens
331 4100 343 4124 n
366 4080 390 4129 1.
403 4078 472 4131 dist.
487 4078 513 4130 6.
527 4095 554 4146 q.
567 4080 593 4131 2.
606 4096 635 4131 n.
649 4080 691 4145 10,
711 4078 776 4132 vide
796 4080 838 4131 ibi
858 4079 971 4145 reliqua
990 4095 1019 4130 n.
1031 4079 1106 4131 3-18.
1128 4075 1247 4141 Quando
1264 4084 1322 4125 varo

215 4167 291 4220 citur
306 4167 400 4220 Filius
420 4169 570 4234 procedere
590 4185 641 4234 per
654 4170 844 4235 intellectum,
860 4166 988 4235 Spiritus
999 4168 1120 4220 Sanctus
1135 4164 1338 4234 persoluatate

215 4256 267 4310 hoc
286 4257 329 4310 ait
349 4256 450 4309 debere
469 4257 599 4322 intelligi
618 4258 700 4311 unica
720 4258 874 4311 secundum
894 4259 1055 4321 analogiam
1074 4256 1168 4320 illam,
1183 4253 1338 4323 qnodlncr

217 4347 256 4399 tis
275 4348 442 4400 intellectus
462 4348 606 4414 praecedit
625 4349 804 4413 volitionem,
827 4349 903 4401 sicut
920 4348 951 4399 in
970 4348 1028 4400 Deo
1048 4345 1198 4411 caussatio
1218 4352 1330 4411 prasaup

217 4435 298 4489 nitur
319 4436 474 4505 spirationi
493 4436 565 4489 ibid.
578 4452 607 4489 n.
621 4438 664 4489 18.
