<?xml version="1.0" encoding="UTF-8"?>
<!DOCTYPE html PUBLIC "-//W3C//DTD XHTML 1.0 Transitional//EN"
    "http://www.w3.org/TR/xhtml1/DTD/xhtml1-transitional.dtd">
<html xmlns="http://www.w3.org/1999/xhtml" xml:lang="en" lang="en">
 <head>
  <title>
</title>
<meta http-equiv="Content-Type" content="text/html;charset=utf-8" />
  <meta name='ocr-system' content='tesseract 3.04.00' />
  <meta name='ocr-capabilities' content='ocr_page ocr_carea ocr_par ocr_line ocrx_word'/>
</head>
<body>
  <div class='ocr_page' id='page_1' title='image "./tractatusdedeot00frangoog/tractatusdedeot00frangoog_0453.png"; bbox 0 0 3172 4950; ppageno 0'>
   <div class='ocr_carea' id='block_1_1' title="bbox 223 296 1353 495">
    <p class='ocr_par' dir='ltr' id='par_1_1' title="bbox 223 296 1353 495">
     <span class='ocr_line' id='line_1_1' title="bbox 723 296 903 359; baseline 0.017 -3"><span class='ocrx_word' id='word_1_1' title='bbox 723 328 761 343; x_wconf 92' lang='lat'><strong>·-</strong></span> <span class='ocrx_word' id='word_1_2' title='bbox 782 296 846 359; x_wconf 78' lang='lat'><strong>442.</strong></span> <span class='ocrx_word' id='word_1_3' title='bbox 864 328 903 343; x_wconf 90' lang='lat'><em>-</em></span> 
     </span>
     <span class='ocr_line' id='line_1_2' title="bbox 223 400 1353 495; baseline 0.004 -27"><span class='ocrx_word' id='word_1_4' title='bbox 223 425 289 489; x_wconf 83' lang='lat' dir='ltr'><strong>per</strong></span> <span class='ocrx_word' id='word_1_5' title='bbox 311 404 423 491; x_wconf 79' lang='lat' dir='ltr'><strong>ipsum</strong></span> <span class='ocrx_word' id='word_1_6' title='bbox 445 403 657 469; x_wconf 72' lang='lat' dir='ltr'><strong>nutrires-liter</strong></span> <span class='ocrx_word' id='word_1_7' title='bbox 675 400 853 489; x_wconf 81' lang='lat' dir='ltr'><strong>procedat,</strong></span> <span class='ocrx_word' id='word_1_8' title='bbox 867 416 986 491; x_wconf 81' lang='lat' dir='ltr'><strong>utpote</strong></span> <span class='ocrx_word' id='word_1_9' title='bbox 999 404 1065 495; x_wconf 81' lang='lat' dir='ltr'><strong>qai</strong></span> <span class='ocrx_word' id='word_1_10' title='bbox 1085 404 1161 471; x_wconf 76' lang='lat' dir='ltr'><strong>eine</strong></span> <span class='ocrx_word' id='word_1_11' title='bbox 1176 418 1222 471; x_wconf 79' lang='lat' dir='ltr'><strong>ert</strong></span> <span class='ocrx_word' id='word_1_12' title='bbox 1232 408 1353 495; x_wconf 80' lang='lat' dir='ltr'><strong>propriu</strong></span> 
     </span>
    </p>
   </div>
   <div class='ocr_carea' id='block_1_2' title="bbox 228 506 1354 710">
    <p class='ocr_par' dir='ltr' id='par_1_2' title="bbox 228 506 1354 710">
     <span class='ocr_line' id='line_1_3' title="bbox 228 506 1354 625; baseline 0.001 -48"><span class='ocrx_word' id='word_1_13' title='bbox 228 508 394 597; x_wconf 78' lang='lat' dir='ltr'><strong>Spiritus,</strong></span> <span class='ocrx_word' id='word_1_14' title='bbox 413 533 486 575; x_wconf 73' lang='lat' dir='ltr'><strong>ciem</strong></span> <span class='ocrx_word' id='word_1_15' title='bbox 509 509 662 575; x_wconf 79' lang='lat' dir='ltr'><strong>omnibus</strong></span> <span class='ocrx_word' id='word_1_16' title='bbox 685 533 773 599; x_wconf 81' lang='lat' dir='ltr'><strong>quae</strong></span> <span class='ocrx_word' id='word_1_17' title='bbox 788 506 946 625; x_wconf 78' lang='lat' dir='ltr'><strong>perfecte</strong></span> <span class='ocrx_word' id='word_1_18' title='bbox 962 510 1076 591; x_wconf 74' lang='lat' dir='ltr'><strong>lubet,</strong></span> <span class='ocrx_word' id='word_1_19' title='bbox 1094 514 1243 599; x_wconf 82' lang='lat' dir='ltr'><strong>accipere</strong></span> <span class='ocrx_word' id='word_1_20' title='bbox 1262 508 1354 577; x_wconf 70' lang='lat' dir='ltr'><strong>dicitu</strong></span> 
     </span>
     <span class='ocr_line' id='line_1_4' title="bbox 228 610 1354 710; baseline -0.002 -29"><span class='ocrx_word' id='word_1_21' title='bbox 228 632 412 741; x_wconf 74' lang='lat' dir='ltr'><strong>quaesunt</strong></span> <span class='ocrx_word' id='word_1_22' title='bbox 433 619 531 683; x_wconf 81' lang='lat' dir='ltr'><strong>einen</strong></span> <span class='ocrx_word' id='word_1_23' title='bbox 557 622 658 709; x_wconf 69' lang='lat' dir='ltr'><strong>speie-r</strong></span> <span class='ocrx_word' id='word_1_24' title='bbox 682 612 794 709; x_wconf 73' lang='grc' dir='ltr'><strong>γαρόι</strong></span> <span class='ocrx_word' id='word_1_25' title='bbox 814 610 872 685; x_wconf 69' lang='grc' dir='ltr'><strong>ἀντ</strong></span> <span class='ocrx_word' id='word_1_26' title='bbox 873 645 907 685; x_wconf 78' lang='lat' dir='ltr'><strong>ev</strong></span> <span class='ocrx_word' id='word_1_27' title='bbox 930 640 1075 710; x_wconf 71' lang='grc' dir='ltr'><strong>φυσικως,</strong></span> <span class='ocrx_word' id='word_1_28' title='bbox 1089 616 1162 689; x_wconf 80' lang='grc' dir='ltr'><strong>ὠςι</strong></span> <span class='ocrx_word' id='word_1_29' title='bbox 1152 610 1225 681; x_wconf 75' lang='lat' dir='ltr'><strong>idere</strong></span> <span class='ocrx_word' id='word_1_30' title='bbox 1252 612 1354 703; x_wconf 58' lang='lat' dir='ltr'><strong>(aaa)</strong></span> 
     </span>
    </p>
   </div>
   <div class='ocr_carea' id='block_1_3' title="bbox 224 728 1383 2442">
    <p class='ocr_par' dir='ltr' id='par_1_3' title="bbox 227 728 1355 931">
     <span class='ocr_line' id='line_1_5' title="bbox 227 728 1355 823; baseline 0.002 -28"><span class='ocrx_word' id='word_1_31' title='bbox 227 752 331 810; x_wconf 79' lang='grc' dir='ltr'><strong>αυτιυ,</strong></span> <span class='ocrx_word' id='word_1_32' title='bbox 353 756 409 819; x_wconf 79' lang='grc' dir='ltr'><strong>μετ</strong></span> <span class='ocrx_word' id='word_1_33' title='bbox 410 758 462 799; x_wconf 75' lang='lat' dir='ltr'><strong>u.</strong></span> <span class='ocrx_word' id='word_1_34' title='bbox 453 757 531 799; x_wconf 73' lang='grc' dir='ltr'><strong>’.αντ</strong></span> <span class='ocrx_word' id='word_1_35' title='bbox 531 759 571 797; x_wconf 82' lang='grc' dir='ltr'><strong>ων</strong></span> <span class='ocrx_word' id='word_1_36' title='bbox 595 734 633 797; x_wconf 81' lang='lat' dir='ltr'><strong>du</strong></span> <span class='ocrx_word' id='word_1_37' title='bbox 650 730 701 821; x_wconf 84' lang='grc' dir='ltr'><strong>ἐχε</strong></span> <span class='ocrx_word' id='word_1_38' title='bbox 689 760 713 798; x_wconf 87' lang='grc' dir='ltr'><strong>ι</strong></span> <span class='ocrx_word' id='word_1_39' title='bbox 730 752 861 817; x_wconf 60' lang='lat' dir='ltr'><strong>teretem,</strong></span> <span class='ocrx_word' id='word_1_40' title='bbox 887 732 1053 822; x_wconf 66' lang='grc' dir='ltr'><strong>λαμβαιειν</strong></span> <span class='ocrx_word' id='word_1_41' title='bbox 1085 731 1243 823; x_wconf 76' lang='grc' dir='ltr'><strong>λεγετιιι</strong></span> <span class='ocrx_word' id='word_1_42' title='bbox 1230 754 1267 796; x_wconf 75' lang='grc' dir='ltr'><strong>τα</strong></span> <span class='ocrx_word' id='word_1_43' title='bbox 1283 728 1355 815; x_wconf 71' lang='lat' dir='ltr'><strong>dra}</strong></span> 
     </span>
     <span class='ocr_line' id='line_1_6' title="bbox 227 838 854 931; baseline 0.006 -24"><span class='ocrx_word' id='word_1_44' title='bbox 227 838 382 929; x_wconf 84' lang='lat' dir='ltr'><strong>cyrill.</strong></span> <span class='ocrx_word' id='word_1_45' title='bbox 372 864 408 909; x_wconf 93' lang='grc' dir='ltr'><strong>ιιι</strong></span> <span class='ocrx_word' id='word_1_46' title='bbox 421 840 472 910; x_wconf 91' lang='lat' dir='ltr'><strong>Io.</strong></span> <span class='ocrx_word' id='word_1_47' title='bbox 492 842 534 909; x_wconf 81' lang='grc' dir='ltr'><strong>Τ.</strong></span> <span class='ocrx_word' id='word_1_48' title='bbox 547 840 613 909; x_wconf 90' lang='lat' dir='ltr'><strong>IV.</strong></span> <span class='ocrx_word' id='word_1_49' title='bbox 628 865 662 931; x_wconf 89' lang='lat' dir='ltr'><strong>p.</strong></span> <span class='ocrx_word' id='word_1_50' title='bbox 682 841 760 909; x_wconf 78' lang='lat'><strong>929.</strong></span> <span class='ocrx_word' id='word_1_51' title='bbox 776 842 854 911; x_wconf 80' lang='lat'><strong>930.</strong></span> 
     </span>
    </p>

    <p class='ocr_par' dir='ltr' id='par_1_4' title="bbox 224 947 1383 2442">
     <span class='ocr_line' id='line_1_7' title="bbox 293 947 1359 1039; baseline -0.002 -24"><span class='ocrx_word' id='word_1_52' title='bbox 293 947 392 1015; x_wconf 87' lang='lat' dir='ltr'><strong>Citra</strong></span> <span class='ocrx_word' id='word_1_53' title='bbox 415 969 512 1017; x_wconf 88' lang='lat' dir='ltr'><strong>omne</strong></span> <span class='ocrx_word' id='word_1_54' title='bbox 535 947 654 1039; x_wconf 80' lang='lat' dir='ltr'><strong>itaque</strong></span> <span class='ocrx_word' id='word_1_55' title='bbox 677 948 820 1017; x_wconf 90' lang='lat' dir='ltr'><strong>dubium</strong></span> <span class='ocrx_word' id='word_1_56' title='bbox 846 951 953 1018; x_wconf 87' lang='lat' dir='ltr'><strong>verba</strong></span> <span class='ocrx_word' id='word_1_57' title='bbox 976 949 1064 1017; x_wconf 88' lang='lat' dir='ltr'><strong>illa:</strong></span> <span class='ocrx_word' id='word_1_58' title='bbox 1091 947 1133 1015; x_wconf 82' lang='lat' dir='ltr'><strong>de</strong></span> <span class='ocrx_word' id='word_1_59' title='bbox 1155 972 1224 1015; x_wconf 85' lang='lat' dir='ltr'><strong>meo</strong></span> <span class='ocrx_word' id='word_1_60' title='bbox 1241 950 1359 1037; x_wconf 76' lang='lat' dir='ltr'><strong>accipie,</strong></span> 
     </span>
     <span class='ocr_line' id='line_1_8' title="bbox 227 1054 1361 1148; baseline 0.001 -26"><span class='ocrx_word' id='word_1_61' title='bbox 227 1054 432 1143; x_wconf 85' lang='lat' dir='ltr'><strong>significant</strong></span> <span class='ocrx_word' id='word_1_62' title='bbox 454 1054 609 1145; x_wconf 87' lang='lat' dir='ltr'><strong>accipere</strong></span> <span class='ocrx_word' id='word_1_63' title='bbox 633 1054 676 1123; x_wconf 89' lang='lat' dir='ltr'><strong>de</strong></span> <span class='ocrx_word' id='word_1_64' title='bbox 698 1056 745 1123; x_wconf 92' lang='lat' dir='ltr'><strong>iis</strong></span> <span class='ocrx_word' id='word_1_65' title='bbox 768 1078 858 1148; x_wconf 84' lang='lat' dir='ltr'><strong>quae</strong></span> <span class='ocrx_word' id='word_1_66' title='bbox 881 1063 965 1126; x_wconf 87' lang='lat' dir='ltr'><strong>sunt</strong></span> <span class='ocrx_word' id='word_1_67' title='bbox 986 1056 1086 1125; x_wconf 88' lang='lat' dir='ltr'><strong>Filii.</strong></span> <span class='ocrx_word' id='word_1_68' title='bbox 1106 1055 1158 1125; x_wconf 86' lang='lat' dir='ltr'><strong>Et</strong></span> <span class='ocrx_word' id='word_1_69' title='bbox 1179 1054 1361 1146; x_wconf 86' lang='lat' dir='ltr'><strong>quidemuu</strong></span> 
     </span>
     <span class='ocr_line' id='line_1_9' title="bbox 226 1162 1361 1257; baseline -0.003 -23"><span class='ocrx_word' id='word_1_70' title='bbox 226 1164 337 1234; x_wconf 91' lang='lat' dir='ltr'><strong>solum</strong></span> <span class='ocrx_word' id='word_1_71' title='bbox 359 1163 490 1253; x_wconf 88' lang='lat' dir='ltr'><strong>accipit</strong></span> <span class='ocrx_word' id='word_1_72' title='bbox 512 1164 554 1232; x_wconf 87' lang='lat' dir='ltr'><strong>de</strong></span> <span class='ocrx_word' id='word_1_73' title='bbox 578 1163 646 1249; x_wconf 81' lang='lat' dir='ltr'><strong>iis,</strong></span> <span class='ocrx_word' id='word_1_74' title='bbox 673 1172 848 1255; x_wconf 88' lang='lat' dir='ltr'><strong>quatenus</strong></span> <span class='ocrx_word' id='word_1_75' title='bbox 871 1171 956 1234; x_wconf 83' lang='lat' dir='ltr'><strong>eunt</strong></span> <span class='ocrx_word' id='word_1_76' title='bbox 978 1166 1015 1233; x_wconf 91' lang='lat' dir='ltr'><strong>in</strong></span> <span class='ocrx_word' id='word_1_77' title='bbox 1030 1165 1151 1251; x_wconf 85' lang='lat' dir='ltr'><strong>Patre,</strong></span> <span class='ocrx_word' id='word_1_78' title='bbox 1166 1188 1254 1257; x_wconf 87' lang='lat' dir='ltr'><strong>quae</strong></span> <span class='ocrx_word' id='word_1_79' title='bbox 1273 1162 1361 1235; x_wconf 78' lang='lat' dir='ltr'><strong>estel-</strong></span> 
     </span>
     <span class='ocr_line' id='line_1_10' title="bbox 226 1272 1362 1367; baseline -0.002 -26"><span class='ocrx_word' id='word_1_80' title='bbox 226 1278 304 1341; x_wconf 84' lang='lat' dir='ltr'><strong>tera</strong></span> <span class='ocrx_word' id='word_1_81' title='bbox 328 1272 637 1341; x_wconf 74' lang='lat' dir='ltr'><strong>schismaticorum</strong></span> <span class='ocrx_word' id='word_1_82' title='bbox 669 1272 875 1357; x_wconf 79' lang='lat' dir='ltr'><strong>cavillatio,</strong></span> <span class='ocrx_word' id='word_1_83' title='bbox 909 1273 969 1341; x_wconf 88' lang='lat' dir='ltr'><strong>sed</strong></span> <span class='ocrx_word' id='word_1_84' title='bbox 1000 1272 1201 1343; x_wconf 73' lang='lat' dir='ltr'><strong>formaliter</strong></span> <span class='ocrx_word' id='word_1_85' title='bbox 1231 1282 1362 1367; x_wconf 80' lang='lat' dir='ltr'><strong>quatenu</strong></span> 
     </span>
     <span class='ocr_line' id='line_1_11' title="bbox 227 1379 1362 1473; baseline -0.003 -23"><span class='ocrx_word' id='word_1_86' title='bbox 227 1390 311 1451; x_wconf 89' lang='lat' dir='ltr'><strong>sunt</strong></span> <span class='ocrx_word' id='word_1_87' title='bbox 337 1380 373 1448; x_wconf 91' lang='lat' dir='ltr'><strong>in</strong></span> <span class='ocrx_word' id='word_1_88' title='bbox 397 1381 501 1448; x_wconf 86' lang='lat' dir='ltr'><strong>Patre</strong></span> <span class='ocrx_word' id='word_1_89' title='bbox 525 1386 562 1447; x_wconf 86' lang='lat' dir='ltr'><strong>et</strong></span> <span class='ocrx_word' id='word_1_90' title='bbox 586 1380 622 1447; x_wconf 91' lang='lat' dir='ltr'><strong>in</strong></span> <span class='ocrx_word' id='word_1_91' title='bbox 645 1379 751 1448; x_wconf 88' lang='lat' dir='ltr'><strong>Filio.</strong></span> <span class='ocrx_word' id='word_1_92' title='bbox 781 1382 871 1449; x_wconf 85' lang='lat' dir='ltr'><strong>Nam</strong></span> <span class='ocrx_word' id='word_1_93' title='bbox 899 1386 936 1469; x_wconf 85' lang='lat' dir='ltr'><strong>a)</strong></span> <span class='ocrx_word' id='word_1_94' title='bbox 959 1380 1097 1450; x_wconf 85' lang='lat' dir='ltr'><strong>eaedem</strong></span> <span class='ocrx_word' id='word_1_95' title='bbox 1123 1382 1285 1465; x_wconf 78' lang='lat' dir='ltr'><strong>rationes,</strong></span> <span class='ocrx_word' id='word_1_96' title='bbox 1304 1400 1362 1473; x_wconf 84' lang='lat' dir='ltr'><strong>que</strong></span> 
     </span>
     <span class='ocr_line' id='line_1_12' title="bbox 226 1488 1361 1581; baseline 0.002 -26"><span class='ocrx_word' id='word_1_97' title='bbox 226 1488 373 1578; x_wconf 88' lang='lat' dir='ltr'><strong>probant</strong></span> <span class='ocrx_word' id='word_1_98' title='bbox 396 1488 592 1577; x_wconf 86' lang='lat' dir='ltr'><strong>significari</strong></span> <span class='ocrx_word' id='word_1_99' title='bbox 607 1489 840 1578; x_wconf 80' lang='lat' dir='ltr'><strong>acceptionem</strong></span> <span class='ocrx_word' id='word_1_100' title='bbox 858 1488 899 1557; x_wconf 90' lang='lat' dir='ltr'><strong>de</strong></span> <span class='ocrx_word' id='word_1_101' title='bbox 915 1489 961 1557; x_wconf 87' lang='lat' dir='ltr'><strong>iis</strong></span> <span class='ocrx_word' id='word_1_102' title='bbox 977 1509 1065 1581; x_wconf 87' lang='lat' dir='ltr'><strong>quae</strong></span> <span class='ocrx_word' id='word_1_103' title='bbox 1081 1496 1166 1557; x_wconf 89' lang='lat' dir='ltr'><strong>sunt</strong></span> <span class='ocrx_word' id='word_1_104' title='bbox 1180 1490 1277 1575; x_wconf 86' lang='lat' dir='ltr'><strong>Filii,</strong></span> <span class='ocrx_word' id='word_1_105' title='bbox 1288 1488 1361 1557; x_wconf 76' lang='lat' dir='ltr'><strong>etin</strong></span> 
     </span>
     <span class='ocr_line' id='line_1_13' title="bbox 226 1594 1383 1689; baseline 0.002 -26"><span class='ocrx_word' id='word_1_106' title='bbox 226 1597 375 1685; x_wconf 89' lang='lat' dir='ltr'><strong>probant</strong></span> <span class='ocrx_word' id='word_1_107' title='bbox 397 1594 593 1683; x_wconf 87' lang='lat' dir='ltr'><strong>significari</strong></span> <span class='ocrx_word' id='word_1_108' title='bbox 616 1595 850 1684; x_wconf 79' lang='lat' dir='ltr'><strong>acceptionem</strong></span> <span class='ocrx_word' id='word_1_109' title='bbox 873 1595 915 1664; x_wconf 87' lang='lat' dir='ltr'><strong>de</strong></span> <span class='ocrx_word' id='word_1_110' title='bbox 939 1597 996 1680; x_wconf 89' lang='lat' dir='ltr'><strong>iis,</strong></span> <span class='ocrx_word' id='word_1_111' title='bbox 1015 1594 1215 1666; x_wconf 80' lang='lat' dir='ltr'><strong>formaliter</strong></span> <span class='ocrx_word' id='word_1_112' title='bbox 1229 1602 1383 1689; x_wconf 77' lang='lat' dir='ltr'><strong>quateru-</strong></span> 
     </span>
     <span class='ocr_line' id='line_1_14' title="bbox 226 1702 1361 1796; baseline -0.001 -24"><span class='ocrx_word' id='word_1_113' title='bbox 226 1711 310 1773; x_wconf 83' lang='lat' dir='ltr'><strong>sunt</strong></span> <span class='ocrx_word' id='word_1_114' title='bbox 332 1702 431 1771; x_wconf 87' lang='lat' dir='ltr'><strong>Filii.</strong></span> <span class='ocrx_word' id='word_1_115' title='bbox 446 1704 581 1791; x_wconf 83' lang='lat' dir='ltr'><strong>Agitur</strong></span> <span class='ocrx_word' id='word_1_116' title='bbox 605 1704 696 1771; x_wconf 89' lang='lat' dir='ltr'><strong>enim</strong></span> <span class='ocrx_word' id='word_1_117' title='bbox 719 1704 761 1771; x_wconf 91' lang='lat' dir='ltr'><strong>de</strong></span> <span class='ocrx_word' id='word_1_118' title='bbox 785 1705 832 1771; x_wconf 87' lang='lat' dir='ltr'><strong>iis</strong></span> <span class='ocrx_word' id='word_1_119' title='bbox 855 1725 942 1796; x_wconf 87' lang='lat' dir='ltr'><strong>quae</strong></span> <span class='ocrx_word' id='word_1_120' title='bbox 965 1709 1052 1772; x_wconf 86' lang='lat' dir='ltr'><strong>sunt</strong></span> <span class='ocrx_word' id='word_1_121' title='bbox 1080 1726 1250 1793; x_wconf 85' lang='lat' dir='ltr'><strong>personae</strong></span> <span class='ocrx_word' id='word_1_122' title='bbox 1269 1702 1361 1772; x_wconf 72' lang='lat' dir='ltr'><strong>intra</strong></span> 
     </span>
     <span class='ocr_line' id='line_1_15' title="bbox 225 1808 1360 1901; baseline -0.004 -23"><span class='ocrx_word' id='word_1_123' title='bbox 225 1831 323 1895; x_wconf 85' lang='lat' dir='ltr'><strong>seca,</strong></span> <span class='ocrx_word' id='word_1_124' title='bbox 350 1810 410 1878; x_wconf 88' lang='lat' dir='ltr'><strong>ubi</strong></span> <span class='ocrx_word' id='word_1_125' title='bbox 435 1810 466 1877; x_wconf 91' lang='lat' dir='ltr'><strong>si</strong></span> <span class='ocrx_word' id='word_1_126' title='bbox 490 1808 531 1875; x_wconf 84' lang='lat' dir='ltr'><strong>de</strong></span> <span class='ocrx_word' id='word_1_127' title='bbox 555 1835 621 1877; x_wconf 88' lang='lat' dir='ltr'><strong>meo</strong></span> <span class='ocrx_word' id='word_1_128' title='bbox 646 1814 798 1900; x_wconf 83' lang='lat' dir='ltr'><strong>accipere</strong></span> <span class='ocrx_word' id='word_1_129' title='bbox 820 1834 887 1879; x_wconf 87' lang='lat' dir='ltr'><strong>nou</strong></span> <span class='ocrx_word' id='word_1_130' title='bbox 919 1810 1099 1901; x_wconf 84' lang='lat' dir='ltr'><strong>signifieat</strong></span> <span class='ocrx_word' id='word_1_131' title='bbox 1127 1814 1277 1901; x_wconf 82' lang='lat' dir='ltr'><strong>accipere</strong></span> <span class='ocrx_word' id='word_1_132' title='bbox 1294 1808 1360 1877; x_wconf 77' lang='lat' dir='ltr'><strong>dee</strong></span> 
     </span>
     <span class='ocr_line' id='line_1_16' title="bbox 226 1916 1359 2011; baseline 0 -28"><span class='ocrx_word' id='word_1_133' title='bbox 226 1934 392 2011; x_wconf 80' lang='lat' dir='ltr'><strong>quatenus</strong></span> <span class='ocrx_word' id='word_1_134' title='bbox 415 1942 521 1985; x_wconf 80' lang='lat' dir='ltr'><strong>meum</strong></span> <span class='ocrx_word' id='word_1_135' title='bbox 545 1934 593 1985; x_wconf 81' lang='lat' dir='ltr'><strong>cst</strong></span> <span class='ocrx_word' id='word_1_136' title='bbox 615 1925 652 1988; x_wconf 83' lang='lat' dir='ltr'><strong>et</strong></span> <span class='ocrx_word' id='word_1_137' title='bbox 675 1922 827 2007; x_wconf 84' lang='lat' dir='ltr'><strong>accipere</strong></span> <span class='ocrx_word' id='word_1_138' title='bbox 842 1944 864 1984; x_wconf 87' lang='lat' dir='ltr'><strong>a</strong></span> <span class='ocrx_word' id='word_1_139' title='bbox 879 1944 942 2002; x_wconf 85' lang='lat' dir='ltr'><strong>me,</strong></span> <span class='ocrx_word' id='word_1_140' title='bbox 960 1918 1020 1986; x_wconf 84' lang='lat' dir='ltr'><strong>aed</strong></span> <span class='ocrx_word' id='word_1_141' title='bbox 1037 1917 1123 1987; x_wconf 87' lang='lat' dir='ltr'><strong>licet</strong></span> <span class='ocrx_word' id='word_1_142' title='bbox 1139 1916 1359 1987; x_wconf 75' lang='lat' dir='ltr'><strong>intruderelt</strong></span> 
     </span>
     <span class='ocr_line' id='line_1_17' title="bbox 225 2026 1359 2120; baseline 0.001 -26"><span class='ocrx_word' id='word_1_143' title='bbox 225 2027 374 2095; x_wconf 91' lang='lat' dir='ltr'><strong>iusmodi</strong></span> <span class='ocrx_word' id='word_1_144' title='bbox 397 2026 533 2117; x_wconf 86' lang='lat' dir='ltr'><strong>glossas</strong></span> <span class='ocrx_word' id='word_1_145' title='bbox 556 2049 644 2120; x_wconf 89' lang='lat' dir='ltr'><strong>quae</strong></span> <span class='ocrx_word' id='word_1_146' title='bbox 668 2026 803 2095; x_wconf 90' lang='lat' dir='ltr'><strong>nullum</strong></span> <span class='ocrx_word' id='word_1_147' title='bbox 827 2026 957 2095; x_wconf 86' lang='lat' dir='ltr'><strong>habent</strong></span> <span class='ocrx_word' id='word_1_148' title='bbox 979 2027 1294 2097; x_wconf 80' lang='lat' dir='ltr'><strong>tundamentumia</strong></span> <span class='ocrx_word' id='word_1_149' title='bbox 1311 2046 1359 2095; x_wconf 78' lang='lat' dir='ltr'><strong>rer</strong></span> 
     </span>
     <span class='ocr_line' id='line_1_18' title="bbox 225 2126 1359 2224; baseline -0.002 -23"><span class='ocrx_word' id='word_1_150' title='bbox 225 2134 279 2201; x_wconf 88' lang='lat' dir='ltr'><strong>bis</strong></span> <span class='ocrx_word' id='word_1_151' title='bbox 302 2133 414 2224; x_wconf 84' lang='lat' dir='ltr'><strong>ipsis,</strong></span> <span class='ocrx_word' id='word_1_152' title='bbox 440 2134 541 2202; x_wconf 89' lang='lat' dir='ltr'><strong>nulla</strong></span> <span class='ocrx_word' id='word_1_153' title='bbox 563 2134 715 2224; x_wconf 87' lang='lat' dir='ltr'><strong>amplius</strong></span> <span class='ocrx_word' id='word_1_154' title='bbox 738 2141 819 2203; x_wconf 88' lang='lat' dir='ltr'><strong>tuta</strong></span> <span class='ocrx_word' id='word_1_155' title='bbox 841 2135 993 2203; x_wconf 90' lang='lat' dir='ltr'><strong>manebit</strong></span> <span class='ocrx_word' id='word_1_156' title='bbox 1009 2126 1086 2203; x_wconf 68' lang='lat' dir='ltr'><strong>sire</strong></span> <span class='ocrx_word' id='word_1_157' title='bbox 1102 2134 1301 2224; x_wconf 80' lang='lat' dir='ltr'><strong>Scripturas</strong></span> <span class='ocrx_word' id='word_1_158' title='bbox 1312 2132 1359 2201; x_wconf 81' lang='lat' dir='ltr'><strong>siu</strong></span> 
     </span>
     <span class='ocr_line' id='line_1_19' title="bbox 224 2238 1359 2331; baseline 0.002 -24"><span class='ocrx_word' id='word_1_159' title='bbox 224 2240 367 2309; x_wconf 88' lang='lat' dir='ltr'><strong>humani</strong></span> <span class='ocrx_word' id='word_1_160' title='bbox 392 2243 560 2310; x_wconf 88' lang='lat' dir='ltr'><strong>sermonis</strong></span> <span class='ocrx_word' id='word_1_161' title='bbox 583 2242 841 2331; x_wconf 81' lang='lat' dir='ltr'><strong>interpretatio:</strong></span> <span class='ocrx_word' id='word_1_162' title='bbox 861 2242 895 2325; x_wconf 80' lang='lat' dir='ltr'><strong>b)</strong></span> <span class='ocrx_word' id='word_1_163' title='bbox 919 2241 1091 2323; x_wconf 77' lang='lat' dir='ltr'><strong>Quamvis</strong></span> <span class='ocrx_word' id='word_1_164' title='bbox 1115 2239 1269 2331; x_wconf 75' lang='lat' dir='ltr'><strong>Spiritus</strong></span> <span class='ocrx_word' id='word_1_165' title='bbox 1288 2238 1359 2309; x_wconf 72' lang='lat' dir='ltr'><strong>Sne</strong></span> 
     </span>
     <span class='ocr_line' id='line_1_20' title="bbox 226 2348 1357 2442; baseline -0.002 -23"><span class='ocrx_word' id='word_1_166' title='bbox 226 2356 286 2419; x_wconf 87' lang='lat' dir='ltr'><strong>tus</strong></span> <span class='ocrx_word' id='word_1_167' title='bbox 309 2371 416 2442; x_wconf 84' lang='lat' dir='ltr'><strong>aeque</strong></span> <span class='ocrx_word' id='word_1_168' title='bbox 439 2351 578 2419; x_wconf 88' lang='lat' dir='ltr'><strong>Patrem</strong></span> <span class='ocrx_word' id='word_1_169' title='bbox 601 2373 642 2419; x_wconf 85' lang='lat' dir='ltr'><strong>ac</strong></span> <span class='ocrx_word' id='word_1_170' title='bbox 665 2351 796 2420; x_wconf 88' lang='lat' dir='ltr'><strong>Filium</strong></span> <span class='ocrx_word' id='word_1_171' title='bbox 820 2360 856 2420; x_wconf 87' lang='lat' dir='ltr'><strong>et</strong></span> <span class='ocrx_word' id='word_1_172' title='bbox 880 2350 1033 2439; x_wconf 85' lang='lat' dir='ltr'><strong>seipsum</strong></span> <span class='ocrx_word' id='word_1_173' title='bbox 1063 2348 1257 2433; x_wconf 86' lang='lat' dir='ltr'><strong>clarificet,</strong></span> <span class='ocrx_word' id='word_1_174' title='bbox 1278 2356 1357 2417; x_wconf 68' lang='lat' dir='ltr'><strong>unu</strong></span> 
     </span>
    </p>
   </div>
   <div class='ocr_carea' id='block_1_4' title="bbox 104 2450 1358 2548">
    <p class='ocr_par' dir='ltr' id='par_1_5' title="bbox 104 2450 1358 2548">
     <span class='ocr_line' id='line_1_21' title="bbox 104 2450 1358 2548; baseline -0.002 -26"><span class='ocrx_word' id='word_1_175' title='bbox 104 2530 107 2535; x_wconf 56' lang='grc'><strong>,</strong></span> <span class='ocrx_word' id='word_1_176' title='bbox 227 2455 263 2523; x_wconf 91' lang='lat' dir='ltr'><strong>h.</strong></span> <span class='ocrx_word' id='word_1_177' title='bbox 278 2454 305 2523; x_wconf 92' lang='lat' dir='ltr'><strong>l.</strong></span> <span class='ocrx_word' id='word_1_178' title='bbox 320 2480 382 2547; x_wconf 88' lang='lat' dir='ltr'><strong>per</strong></span> <span class='ocrx_word' id='word_1_179' title='bbox 405 2456 554 2525; x_wconf 88' lang='lat' dir='ltr'><strong>incisum</strong></span> <span class='ocrx_word' id='word_1_180' title='bbox 581 2458 759 2548; x_wconf 75' lang='lat' dir='ltr'><strong>«quiade</strong></span> <span class='ocrx_word' id='word_1_181' title='bbox 783 2480 856 2525; x_wconf 88' lang='lat' dir='ltr'><strong>meo</strong></span> <span class='ocrx_word' id='word_1_182' title='bbox 878 2456 1058 2546; x_wconf 66' lang='lat' dir='ltr'><strong>accipiet»</strong></span> <span class='ocrx_word' id='word_1_183' title='bbox 1084 2455 1193 2524; x_wconf 87' lang='lat' dir='ltr'><strong>datur</strong></span> <span class='ocrx_word' id='word_1_184' title='bbox 1222 2454 1306 2523; x_wconf 87' lang='lat' dir='ltr'><strong>ratio</strong></span> <span class='ocrx_word' id='word_1_185' title='bbox 1320 2450 1358 2519; x_wconf 71' lang='lat' dir='ltr'><strong>in</strong></span> 
     </span>
    </p>
   </div>
   <div class='ocr_carea' id='block_1_5' title="bbox 139 2560 1365 4484">
    <p class='ocr_par' dir='ltr' id='par_1_6' title="bbox 139 2560 1365 4484">
     <span class='ocr_line' id='line_1_22' title="bbox 226 2560 1358 2655; baseline -0.004 -24"><span class='ocrx_word' id='word_1_186' title='bbox 226 2566 406 2650; x_wconf 86' lang='lat' dir='ltr'><strong>mediata,</strong></span> <span class='ocrx_word' id='word_1_187' title='bbox 432 2587 495 2633; x_wconf 90' lang='lat' dir='ltr'><strong>cur</strong></span> <span class='ocrx_word' id='word_1_188' title='bbox 518 2564 689 2633; x_wconf 86' lang='lat' dir='ltr'><strong>clarificet</strong></span> <span class='ocrx_word' id='word_1_189' title='bbox 712 2566 874 2645; x_wconf 64' lang='lat' dir='ltr'><strong>Filiam</strong></span> <span class='ocrx_word' id='word_1_190' title='bbox 897 2564 1049 2655; x_wconf 85' lang='lat' dir='ltr'><strong>adeoque</strong></span> <span class='ocrx_word' id='word_1_191' title='bbox 1078 2564 1273 2633; x_wconf 86' lang='lat' dir='ltr'><strong>necessario</strong></span> <span class='ocrx_word' id='word_1_192' title='bbox 1292 2560 1358 2630; x_wconf 80' lang='lat' dir='ltr'><strong>delet</strong></span> 
     </span>
     <span class='ocr_line' id='line_1_23' title="bbox 229 2670 1359 2762; baseline -0.004 -21"><span class='ocrx_word' id='word_1_193' title='bbox 229 2672 387 2762; x_wconf 85' lang='lat' dir='ltr'><strong>intelligi</strong></span> <span class='ocrx_word' id='word_1_194' title='bbox 409 2672 565 2762; x_wconf 84' lang='lat' dir='ltr'><strong>accipere</strong></span> <span class='ocrx_word' id='word_1_195' title='bbox 588 2694 610 2739; x_wconf 84' lang='lat' dir='ltr'><strong>a</strong></span> <span class='ocrx_word' id='word_1_196' title='bbox 632 2672 739 2739; x_wconf 90' lang='lat' dir='ltr'><strong>Filio.</strong></span> <span class='ocrx_word' id='word_1_197' title='bbox 768 2676 799 2757; x_wconf 85' lang='lat' dir='ltr'><strong>c)</strong></span> <span class='ocrx_word' id='word_1_198' title='bbox 829 2670 994 2740; x_wconf 84' lang='lat' dir='ltr'><strong>Christus</strong></span> <span class='ocrx_word' id='word_1_199' title='bbox 1020 2671 1083 2739; x_wconf 89' lang='lat' dir='ltr'><strong>dat</strong></span> <span class='ocrx_word' id='word_1_200' title='bbox 1113 2672 1359 2755; x_wconf 60' lang='lat' dir='ltr'><strong>rationemors</strong></span> 
     </span>
     <span class='ocr_line' id='line_1_24' title="bbox 224 2772 1359 2870; baseline -0.005 -22"><span class='ocrx_word' id='word_1_201' title='bbox 224 2779 380 2870; x_wconf 86' lang='lat' dir='ltr'><strong>Spiritus</strong></span> <span class='ocrx_word' id='word_1_202' title='bbox 404 2780 555 2849; x_wconf 84' lang='lat' dir='ltr'><strong>Sanctus</strong></span> <span class='ocrx_word' id='word_1_203' title='bbox 578 2780 622 2847; x_wconf 91' lang='lat' dir='ltr'><strong>ab</strong></span> <span class='ocrx_word' id='word_1_204' title='bbox 645 2780 721 2870; x_wconf 88' lang='lat' dir='ltr'><strong>ipso</strong></span> <span class='ocrx_word' id='word_1_205' title='bbox 745 2779 915 2869; x_wconf 84' lang='lat' dir='ltr'><strong>accipiat,</strong></span> <span class='ocrx_word' id='word_1_206' title='bbox 935 2779 1098 2869; x_wconf 78' lang='lat' dir='ltr'><strong>quamvis</strong></span> <span class='ocrx_word' id='word_1_207' title='bbox 1121 2780 1229 2869; x_wconf 88' lang='lat' dir='ltr'><strong>paulo</strong></span> <span class='ocrx_word' id='word_1_208' title='bbox 1249 2772 1359 2847; x_wconf 85' lang='lat' dir='ltr'><strong>antedi·</strong></span> 
     </span>
     <span class='ocr_line' id='line_1_25' title="bbox 223 2882 1361 2977; baseline 0 -24"><span class='ocrx_word' id='word_1_209' title='bbox 223 2896 324 2955; x_wconf 86' lang='lat' dir='ltr'><strong>xerat</strong></span> <span class='ocrx_word' id='word_1_210' title='bbox 346 2910 423 2957; x_wconf 88' lang='lat' dir='ltr'><strong>eum</strong></span> <span class='ocrx_word' id='word_1_211' title='bbox 448 2887 673 2977; x_wconf 82' lang='lat' dir='ltr'><strong>procederes</strong></span> <span class='ocrx_word' id='word_1_212' title='bbox 696 2887 801 2956; x_wconf 86' lang='lat' dir='ltr'><strong>Patre</strong></span> <span class='ocrx_word' id='word_1_213' title='bbox 824 2886 918 2974; x_wconf 85' lang='lat' dir='ltr'><strong>(XV.</strong></span> <span class='ocrx_word' id='word_1_214' title='bbox 933 2886 1019 2970; x_wconf 80' lang='grc'><strong>26.).</strong></span> <span class='ocrx_word' id='word_1_215' title='bbox 1035 2886 1110 2955; x_wconf 89' lang='lat' dir='ltr'><strong>Hoc</strong></span> <span class='ocrx_word' id='word_1_216' title='bbox 1133 2886 1212 2976; x_wconf 90' lang='lat' dir='ltr'><strong>ipso</strong></span> <span class='ocrx_word' id='word_1_217' title='bbox 1234 2882 1361 2955; x_wconf 68' lang='lat' dir='ltr'><strong>videta</strong></span> 
     </span>
     <span class='ocr_line' id='line_1_26' title="bbox 221 2994 1361 3087; baseline -0.001 -23"><span class='ocrx_word' id='word_1_218' title='bbox 221 2996 311 3087; x_wconf 87' lang='lat' dir='ltr'><strong>quod</strong></span> <span class='ocrx_word' id='word_1_219' title='bbox 335 2996 493 3087; x_wconf 88' lang='lat' dir='ltr'><strong>procedit</strong></span> <span class='ocrx_word' id='word_1_220' title='bbox 516 3017 538 3063; x_wconf 87' lang='lat' dir='ltr'><strong>a</strong></span> <span class='ocrx_word' id='word_1_221' title='bbox 560 2996 677 3079; x_wconf 88' lang='lat' dir='ltr'><strong>Patre,</strong></span> <span class='ocrx_word' id='word_1_222' title='bbox 703 2997 819 3064; x_wconf 86' lang='lat' dir='ltr'><strong>eodem</strong></span> <span class='ocrx_word' id='word_1_223' title='bbox 836 2994 934 3063; x_wconf 91' lang='lat' dir='ltr'><strong>modo</strong></span> <span class='ocrx_word' id='word_1_224' title='bbox 950 2994 1081 3084; x_wconf 82' lang='lat' dir='ltr'><strong>accipit</strong></span> <span class='ocrx_word' id='word_1_225' title='bbox 1096 3000 1204 3087; x_wconf 85' lang='lat' dir='ltr'><strong>atque</strong></span> <span class='ocrx_word' id='word_1_226' title='bbox 1219 2995 1299 3063; x_wconf 86' lang='lat' dir='ltr'><strong>adeo</strong></span> <span class='ocrx_word' id='word_1_227' title='bbox 1312 3010 1361 3084; x_wconf 72' lang='lat' dir='ltr'><strong>ptr</strong></span> 
     </span>
     <span class='ocr_line' id='line_1_27' title="bbox 223 3102 1363 3195; baseline -0.002 -23"><span class='ocrx_word' id='word_1_228' title='bbox 223 3104 317 3172; x_wconf 85' lang='lat' dir='ltr'><strong>cedit</strong></span> <span class='ocrx_word' id='word_1_229' title='bbox 340 3125 361 3170; x_wconf 88' lang='lat' dir='ltr'><strong>a</strong></span> <span class='ocrx_word' id='word_1_230' title='bbox 384 3102 489 3171; x_wconf 91' lang='lat' dir='ltr'><strong>Filio.</strong></span> <span class='ocrx_word' id='word_1_231' title='bbox 505 3103 599 3185; x_wconf 76' lang='lat' dir='ltr'><strong>Quia</strong></span> <span class='ocrx_word' id='word_1_232' title='bbox 621 3104 712 3171; x_wconf 86' lang='lat' dir='ltr'><strong>enim</strong></span> <span class='ocrx_word' id='word_1_233' title='bbox 737 3103 852 3171; x_wconf 88' lang='lat' dir='ltr'><strong>omnia</strong></span> <span class='ocrx_word' id='word_1_234' title='bbox 875 3125 962 3195; x_wconf 86' lang='lat' dir='ltr'><strong>quae</strong></span> <span class='ocrx_word' id='word_1_235' title='bbox 987 3108 1072 3171; x_wconf 87' lang='lat' dir='ltr'><strong>sunt</strong></span> <span class='ocrx_word' id='word_1_236' title='bbox 1094 3102 1217 3173; x_wconf 83' lang='lat' dir='ltr'><strong>Patris</strong></span> <span class='ocrx_word' id='word_1_237' title='bbox 1239 3104 1363 3192; x_wconf 61' lang='lat' dir='ltr'><strong>(except</strong></span> 
     </span>
     <span class='ocr_line' id='line_1_28' title="bbox 223 3206 1364 3298; baseline -0.003 -18"><span class='ocrx_word' id='word_1_238' title='bbox 223 3211 298 3280; x_wconf 88' lang='lat' dir='ltr'><strong>sola</strong></span> <span class='ocrx_word' id='word_1_239' title='bbox 321 3212 461 3279; x_wconf 80' lang='lat' dir='ltr'><strong>formali</strong></span> <span class='ocrx_word' id='word_1_240' title='bbox 484 3212 620 3280; x_wconf 85' lang='lat' dir='ltr'><strong>rat-ione</strong></span> <span class='ocrx_word' id='word_1_241' title='bbox 643 3210 789 3298; x_wconf 86' lang='lat' dir='ltr'><strong>Patris),</strong></span> <span class='ocrx_word' id='word_1_242' title='bbox 816 3219 900 3280; x_wconf 89' lang='lat' dir='ltr'><strong>sunt</strong></span> <span class='ocrx_word' id='word_1_243' title='bbox 914 3211 1033 3280; x_wconf 88' lang='lat' dir='ltr'><strong>eadem</strong></span> <span class='ocrx_word' id='word_1_244' title='bbox 1061 3234 1208 3281; x_wconf 86' lang='lat' dir='ltr'><strong>numero</strong></span> <span class='ocrx_word' id='word_1_245' title='bbox 1229 3213 1258 3280; x_wconf 91' lang='lat' dir='ltr'><strong>F</strong></span> <span class='ocrx_word' id='word_1_246' title='bbox 1259 3206 1364 3295; x_wconf 68' lang='lat' dir='ltr'><strong>ilitu-</strong></span> 
     </span>
     <span class='ocr_line' id='line_1_29' title="bbox 221 3317 1365 3388; baseline -0.001 -2"><span class='ocrx_word' id='word_1_247' title='bbox 221 3324 277 3386; x_wconf 85' lang='lat' dir='ltr'><strong>ter</strong></span> <span class='ocrx_word' id='word_1_248' title='bbox 299 3318 384 3387; x_wconf 89' lang='lat' dir='ltr'><strong>haec</strong></span> <span class='ocrx_word' id='word_1_249' title='bbox 400 3320 514 3387; x_wconf 89' lang='lat' dir='ltr'><strong>omnia</strong></span> <span class='ocrx_word' id='word_1_250' title='bbox 530 3319 724 3388; x_wconf 89' lang='lat' dir='ltr'><strong>communia</strong></span> <span class='ocrx_word' id='word_1_251' title='bbox 741 3319 842 3386; x_wconf 82' lang='lat' dir='ltr'><strong>Patri</strong></span> <span class='ocrx_word' id='word_1_252' title='bbox 857 3341 898 3387; x_wconf 89' lang='lat' dir='ltr'><strong>ac</strong></span> <span class='ocrx_word' id='word_1_253' title='bbox 913 3317 1008 3385; x_wconf 92' lang='lat' dir='ltr'><strong>Filio</strong></span> <span class='ocrx_word' id='word_1_254' title='bbox 1023 3318 1155 3388; x_wconf 87' lang='lat' dir='ltr'><strong>diserte</strong></span> <span class='ocrx_word' id='word_1_255' title='bbox 1171 3319 1301 3388; x_wconf 89' lang='lat' dir='ltr'><strong>dicitur</strong></span> <span class='ocrx_word' id='word_1_256' title='bbox 1313 3334 1365 3385; x_wconf 75' lang='lat' dir='ltr'><strong>col·</strong></span> 
     </span>
     <span class='ocr_line' id='line_1_30' title="bbox 220 3423 1363 3515; baseline 0.005 -24"><span class='ocrx_word' id='word_1_257' title='bbox 220 3426 328 3493; x_wconf 90' lang='lat' dir='ltr'><strong>tineri</strong></span> <span class='ocrx_word' id='word_1_258' title='bbox 352 3427 470 3495; x_wconf 87' lang='lat' dir='ltr'><strong>virtus</strong></span> <span class='ocrx_word' id='word_1_259' title='bbox 485 3433 521 3495; x_wconf 87' lang='lat' dir='ltr'><strong>et</strong></span> <span class='ocrx_word' id='word_1_260' title='bbox 535 3433 638 3495; x_wconf 88' lang='lat' dir='ltr'><strong>actus</strong></span> <span class='ocrx_word' id='word_1_261' title='bbox 661 3424 935 3495; x_wconf 86' lang='lat' dir='ltr'><strong>communicandi</strong></span> <span class='ocrx_word' id='word_1_262' title='bbox 951 3425 1067 3493; x_wconf 89' lang='lat' dir='ltr'><strong>omnia</strong></span> <span class='ocrx_word' id='word_1_263' title='bbox 1082 3424 1238 3515; x_wconf 87' lang='lat' dir='ltr'><strong>Spiritui</strong></span> <span class='ocrx_word' id='word_1_264' title='bbox 1254 3423 1363 3497; x_wconf 70' lang='lat' dir='ltr'><strong>saneta</strong></span> 
     </span>
     <span class='ocr_line' id='line_1_31' title="bbox 222 3530 1365 3624; baseline -0.002 -25"><span class='ocrx_word' id='word_1_265' title='bbox 222 3533 246 3601; x_wconf 90' lang='lat' dir='ltr'><strong>i.</strong></span> <span class='ocrx_word' id='word_1_266' title='bbox 265 3555 295 3602; x_wconf 88' lang='lat' dir='ltr'><strong>e.</strong></span> <span class='ocrx_word' id='word_1_267' title='bbox 314 3556 374 3624; x_wconf 87' lang='lat' dir='ltr'><strong>per</strong></span> <span class='ocrx_word' id='word_1_268' title='bbox 398 3534 740 3603; x_wconf 88' lang='lat' dir='ltr'><strong>communicationem</strong></span> <span class='ocrx_word' id='word_1_269' title='bbox 763 3533 936 3602; x_wconf 89' lang='lat' dir='ltr'><strong>esseutiae</strong></span> <span class='ocrx_word' id='word_1_270' title='bbox 964 3550 1045 3602; x_wconf 84' lang='lat' dir='ltr'><strong>&#39;cum</strong></span> <span class='ocrx_word' id='word_1_271' title='bbox 1076 3532 1238 3601; x_wconf 87' lang='lat' dir='ltr'><strong>omnibns</strong></span> <span class='ocrx_word' id='word_1_272' title='bbox 1265 3530 1365 3623; x_wconf 77' lang='lat' dir='ltr'><strong>perte</strong></span> 
     </span>
     <span class='ocr_line' id='line_1_32' title="bbox 220 3639 1365 3735; baseline -0.003 -26"><span class='ocrx_word' id='word_1_273' title='bbox 220 3642 375 3735; x_wconf 82' lang='lat' dir='ltr'><strong>tionibus</strong></span> <span class='ocrx_word' id='word_1_274' title='bbox 387 3642 558 3709; x_wconf 83' lang='lat' dir='ltr'><strong>absolutis</strong></span> <span class='ocrx_word' id='word_1_275' title='bbox 571 3641 730 3731; x_wconf 88' lang='lat' dir='ltr'><strong>spirandi</strong></span> <span class='ocrx_word' id='word_1_276' title='bbox 742 3640 915 3729; x_wconf 87' lang='lat' dir='ltr'><strong>Spiritum</strong></span> <span class='ocrx_word' id='word_1_277' title='bbox 930 3640 1110 3709; x_wconf 88' lang='lat' dir='ltr'><strong>Sanctum.</strong></span> <span class='ocrx_word' id='word_1_278' title='bbox 1131 3670 1147 3703; x_wconf 84' lang='grc' dir='ltr'><strong>ι</strong></span> <span class='ocrx_word' id='word_1_279' title='bbox 1159 3639 1283 3709; x_wconf 89' lang='lat' dir='ltr'><strong>Omnia</strong></span> <span class='ocrx_word' id='word_1_280' title='bbox 1292 3653 1365 3729; x_wconf 68' lang='lat' dir='ltr'><strong>quae</strong></span> 
     </span>
     <span class='ocr_line' id='line_1_33' title="bbox 220 3740 1365 3841; baseline -0.006 -25"><span class='ocrx_word' id='word_1_281' title='bbox 220 3771 365 3841; x_wconf 91' lang='lat' dir='ltr'><strong>cumque</strong></span> <span class='ocrx_word' id='word_1_282' title='bbox 389 3750 495 3818; x_wconf 88' lang='lat' dir='ltr'><strong>habet</strong></span> <span class='ocrx_word' id='word_1_283' title='bbox 517 3750 646 3833; x_wconf 85' lang='lat' dir='ltr'><strong>Pater,</strong></span> <span class='ocrx_word' id='word_1_284' title='bbox 673 3770 747 3816; x_wconf 91' lang='lat' dir='ltr'><strong>mea</strong></span> <span class='ocrx_word' id='word_1_285' title='bbox 771 3754 877 3833; x_wconf 88' lang='lat' dir='ltr'><strong>sunt;</strong></span> <span class='ocrx_word' id='word_1_286' title='bbox 904 3754 1089 3837; x_wconf 84' lang='lat' dir='ltr'><strong>propterea</strong></span> <span class='ocrx_word' id='word_1_287' title='bbox 1121 3747 1223 3833; x_wconf 83' lang='lat' dir='ltr'><strong>dixi,</strong></span> <span class='ocrx_word' id='word_1_288' title='bbox 1248 3740 1365 3841; x_wconf 78' lang='lat' dir='ltr'><strong>quiade</strong></span> 
     </span>
     <span class='ocr_line' id='line_1_34' title="bbox 219 3855 1364 3946; baseline 0 -25"><span class='ocrx_word' id='word_1_289' title='bbox 219 3879 291 3923; x_wconf 89' lang='lat' dir='ltr'><strong>meo</strong></span> <span class='ocrx_word' id='word_1_290' title='bbox 315 3856 473 3946; x_wconf 88' lang='lat' dir='ltr'><strong>accipiet.</strong></span> <span class='ocrx_word' id='word_1_291' title='bbox 496 3884 511 3917; x_wconf 77' lang='lat' dir='ltr'><strong>a</strong></span> <span class='ocrx_word' id='word_1_292' title='bbox 539 3858 636 3938; x_wconf 76' lang='lat' dir='ltr'><strong>Quae</strong></span> <span class='ocrx_word' id='word_1_293' title='bbox 654 3856 832 3925; x_wconf 75' lang='lat' dir='ltr'><strong>sententia</strong></span> <span class='ocrx_word' id='word_1_294' title='bbox 847 3856 983 3924; x_wconf 86' lang='lat' dir='ltr'><strong>Christi</strong></span> <span class='ocrx_word' id='word_1_295' title='bbox 998 3856 1139 3924; x_wconf 92' lang='lat' dir='ltr'><strong>Domini</strong></span> <span class='ocrx_word' id='word_1_296' title='bbox 1155 3855 1195 3925; x_wconf 92' lang='lat' dir='ltr'><strong>in</strong></span> <span class='ocrx_word' id='word_1_297' title='bbox 1211 3858 1317 3925; x_wconf 81' lang='lat' dir='ltr'><strong>torma</strong></span> <span class='ocrx_word' id='word_1_298' title='bbox 1327 3872 1364 3921; x_wconf 78' lang='lat' dir='ltr'><strong>a-</strong></span> 
     </span>
     <span class='ocr_line' id='line_1_35' title="bbox 218 3962 1365 4054; baseline 0.003 -26"><span class='ocrx_word' id='word_1_299' title='bbox 218 3962 458 4049; x_wconf 86' lang='lat' dir='ltr'><strong>thymematis,</strong></span> <span class='ocrx_word' id='word_1_300' title='bbox 478 3963 608 4031; x_wconf 87' lang='lat' dir='ltr'><strong>resolvi</strong></span> <span class='ocrx_word' id='word_1_301' title='bbox 624 3970 739 4054; x_wconf 88' lang='lat' dir='ltr'><strong>potest</strong></span> <span class='ocrx_word' id='word_1_302' title='bbox 762 3964 798 4031; x_wconf 92' lang='lat' dir='ltr'><strong>in</strong></span> <span class='ocrx_word' id='word_1_303' title='bbox 815 3963 907 4032; x_wconf 89' lang='lat' dir='ltr'><strong>hunc</strong></span> <span class='ocrx_word' id='word_1_304' title='bbox 924 3962 1185 4051; x_wconf 82' lang='lat' dir='ltr'><strong>syllogismum:</strong></span> <span class='ocrx_word' id='word_1_305' title='bbox 1204 3962 1365 4047; x_wconf 65' lang='lat' dir='ltr'><strong>Quaecun-</strong></span> 
     </span>
     <span class='ocr_line' id='line_1_36' title="bbox 219 4069 1363 4162; baseline 0 -27"><span class='ocrx_word' id='word_1_306' title='bbox 219 4090 283 4159; x_wconf 85' lang='lat' dir='ltr'><strong>que</strong></span> <span class='ocrx_word' id='word_1_307' title='bbox 308 4070 412 4138; x_wconf 85' lang='lat' dir='ltr'><strong>habet</strong></span> <span class='ocrx_word' id='word_1_308' title='bbox 434 4072 562 4155; x_wconf 88' lang='lat' dir='ltr'><strong>Pater,</strong></span> <span class='ocrx_word' id='word_1_309' title='bbox 589 4093 663 4139; x_wconf 89' lang='lat' dir='ltr'><strong>mea</strong></span> <span class='ocrx_word' id='word_1_310' title='bbox 687 4076 793 4157; x_wconf 81' lang='lat' dir='ltr'><strong>sunt3</strong></span> <span class='ocrx_word' id='word_1_311' title='bbox 819 4069 919 4162; x_wconf 88' lang='lat' dir='ltr'><strong>atqui</strong></span> <span class='ocrx_word' id='word_1_312' title='bbox 949 4072 1057 4139; x_wconf 88' lang='lat' dir='ltr'><strong>Pater</strong></span> <span class='ocrx_word' id='word_1_313' title='bbox 1086 4072 1194 4140; x_wconf 87' lang='lat' dir='ltr'><strong>habet</strong></span> <span class='ocrx_word' id='word_1_314' title='bbox 1224 4070 1363 4140; x_wconf 73' lang='lat' dir='ltr'><strong>virtum</strong></span> 
     </span>
     <span class='ocr_line' id='line_1_37' title="bbox 139 4172 1362 4272; baseline 0.002 -27"><span class='ocrx_word' id='word_1_315' title='bbox 139 4180 144 4191; x_wconf 92' lang='lat'>&#39;</span> <span class='ocrx_word' id='word_1_316' title='bbox 217 4177 408 4267; x_wconf 88' lang='lat' dir='ltr'><strong>principii,</strong></span> <span class='ocrx_word' id='word_1_317' title='bbox 435 4186 476 4247; x_wconf 88' lang='lat' dir='ltr'><strong>ut</strong></span> <span class='ocrx_word' id='word_1_318' title='bbox 492 4178 648 4270; x_wconf 82' lang='lat' dir='ltr'><strong>Spiritus</strong></span> <span class='ocrx_word' id='word_1_319' title='bbox 672 4180 824 4249; x_wconf 88' lang='lat' dir='ltr'><strong>Sanctus</strong></span> <span class='ocrx_word' id='word_1_320' title='bbox 847 4180 999 4269; x_wconf 84' lang='lat' dir='ltr'><strong>accipiat</strong></span> <span class='ocrx_word' id='word_1_321' title='bbox 1022 4178 1064 4247; x_wconf 94' lang='lat' dir='ltr'><strong>de</strong></span> <span class='ocrx_word' id='word_1_322' title='bbox 1088 4202 1128 4249; x_wconf 91' lang='lat' dir='ltr'><strong>eo</strong></span> <span class='ocrx_word' id='word_1_323' title='bbox 1150 4180 1241 4272; x_wconf 87' lang='lat' dir='ltr'><strong>quod</strong></span> <span class='ocrx_word' id='word_1_324' title='bbox 1263 4172 1362 4247; x_wconf 65' lang='lat' dir='ltr'><strong>este</strong></span> 
     </span>
     <span class='ocr_line' id='line_1_38' title="bbox 218 4276 1362 4378; baseline 0.003 -27"><span class='ocrx_word' id='word_1_325' title='bbox 218 4284 306 4371; x_wconf 87' lang='lat' dir='ltr'><strong>tris;</strong></span> <span class='ocrx_word' id='word_1_326' title='bbox 332 4308 415 4374; x_wconf 88' lang='lat' dir='ltr'><strong>ergo</strong></span> <span class='ocrx_word' id='word_1_327' title='bbox 439 4286 546 4354; x_wconf 88' lang='lat' dir='ltr'><strong>etiam</strong></span> <span class='ocrx_word' id='word_1_328' title='bbox 570 4308 644 4355; x_wconf 90' lang='lat' dir='ltr'><strong>mea</strong></span> <span class='ocrx_word' id='word_1_329' title='bbox 667 4294 723 4355; x_wconf 86' lang='lat' dir='ltr'><strong>est</strong></span> <span class='ocrx_word' id='word_1_330' title='bbox 744 4287 862 4356; x_wconf 87' lang='lat' dir='ltr'><strong>eadem</strong></span> <span class='ocrx_word' id='word_1_331' title='bbox 887 4288 1005 4356; x_wconf 84' lang='lat' dir='ltr'><strong>virtus</strong></span> <span class='ocrx_word' id='word_1_332' title='bbox 1028 4286 1209 4378; x_wconf 90' lang='lat' dir='ltr'><strong>principii,</strong></span> <span class='ocrx_word' id='word_1_333' title='bbox 1227 4276 1362 4373; x_wconf 70' lang='lat' dir='ltr'><strong>asspici·</strong></span> 
     </span>
     <span class='ocr_line' id='line_1_39' title="bbox 217 4391 801 4484; baseline 0.003 -25"><span class='ocrx_word' id='word_1_334' title='bbox 217 4396 275 4459; x_wconf 87' lang='lat' dir='ltr'><strong>tus</strong></span> <span class='ocrx_word' id='word_1_335' title='bbox 299 4391 450 4461; x_wconf 86' lang='lat' dir='ltr'><strong>Sanctus</strong></span> <span class='ocrx_word' id='word_1_336' title='bbox 475 4392 517 4460; x_wconf 91' lang='lat' dir='ltr'><strong>de</strong></span> <span class='ocrx_word' id='word_1_337' title='bbox 540 4416 613 4463; x_wconf 90' lang='lat' dir='ltr'><strong>meo</strong></span> <span class='ocrx_word' id='word_1_338' title='bbox 636 4394 801 4484; x_wconf 81' lang='lat' dir='ltr'><strong>accipiat.</strong></span> 
     </span>
    </p>
   </div>
   <div class='ocr_carea' id='block_1_6' title="bbox 0 0 1590 4950">
    <p class='ocr_par' dir='ltr' id='par_1_7' title="bbox 0 0 1590 4950">
     <span class='ocr_line' id='line_1_40' title="bbox 0 0 1590 4950; baseline 0 0"><span class='ocrx_word' id='word_1_339' title='bbox 0 0 1590 4950; x_wconf 95' lang='lat' dir='ltr'><strong> </strong></span> 
     </span>
    </p>
   </div>
  </div>
 </body>
</html>
