3172 4950
703 290 882 350 -176-

206 394 337 480 Patris,
359 395 454 466 sicut
475 393 622 465 Ioannes
645 395 801 488 appellat
818 426 835 461 c
849 397 1072 487 unigenitum
1085 395 1233 484 rmum,
1252 397 1317 491 qui
1332 404 1388 468 est

207 507 244 575 iu
266 504 347 573 sinn
370 504 501 573 Patris.
519 532 535 565 n
562 505 714 575 Verbum
737 506 857 600 itaque
889 500 1058 572 ἐνδιαθετον
1084 505 1184 576 bisce
1213 506 1385 576 Patribus

207 636 275 681 non
298 616 353 681 est
375 611 585 681 attributum
607 613 805 682 absolutum
829 613 1045 706 sapientiae,
1063 620 1106 683 ut
1127 612 1327 682 Sabelliani
1348 619 1385 683 et

207 727 328 812 postea
350 720 455 789 etism
471 719 600 790 Arium
622 719 708 810 λογον
727 716 898 787 &arceto
931 723 1264 813 interpretabantur
1295 722 1382 810 (Pe-

208 836 283 898 tav.
297 827 362 898 VI.
378 851 407 897 c.
423 827 455 896 3.
474 850 509 896 n.
529 826 577 915 3,
593 850 622 896 c.
640 829 675 898 4.
689 850 725 897 u.
741 828 811 915 2),
838 828 898 899 sed
924 834 979 898 eet
1002 828 1156 898 Verbum
1180 828 1382 919 hypostati-

209 962 299 1021 cnm,
324 935 440 1006 Filius
463 956 485 1003 a
507 936 613 1007 Patre
636 935 837 1006 distinctus.
852 937 993 1007 Dicitur
1009 959 1093 1007 vero
1110 930 1382 1007 mmeramm-

210 1051 331 1137 perale
353 1044 398 1113 ad
422 1041 509 1132 λογον
534 1065 733 1136 eipscopum,
757 1068 826 1113 non
850 1045 942 1138 quod
962 1045 1098 1130 Patrae,
1112 1053 1155 1115 ut
1168 1044 1315 1130 Ariani,
1331 1045 1381 1115 di·

210 1176 347 1223 versum
383 1156 568 1244 putassent
589 1152 742 1221 Verbum
766 1172 938 1244 πριφορικον
968 1174 991 1220 a
1013 1151 1128 1221 Verbo
1159 1150 1291 1239 insito;
1322 1151 1380 1221 sed

210 1284 317 1332 unum
339 1261 498 1353 idemque
517 1260 683 1345 Verbum,
702 1260 793 1353 quod
810 1260 1066 1330 consideratum
1090 1260 1128 1329 in
1151 1282 1189 1330 se
1210 1260 1310 1329 etin
1330 1282 1381 1330 re·

208 1369 338 1438 latione
361 1368 406 1437 ad
428 1368 569 1436 Patrem
592 1374 646 1436 est
667 1366 820 1438 Verbum
842 1368 1001 1453 insitum,
1027 1367 1257 1459 appellabant
1271 1366 1380 1458 prole·

209 1478 341 1570 titium,
367 1483 538 1570 quatenus
553 1476 598 1545 ad
615 1483 716 1546 extra
734 1483 899 1568 operatur
916 1483 952 1546 et
966 1476 1227 1546 manifestatur.
1244 1475 1379 1546 Etenim

210 1588 247 1655 in
269 1585 336 1655 hac
358 1585 473 1655 altera
496 1585 772 1656 consideratione
799 1586 869 1654 iam
891 1608 933 1654 ex
957 1586 1068 1670 modo,
1087 1608 1155 1677 quo
1179 1583 1381 1654 describunt

211 1694 363 1763 Verbum
385 1692 424 1760 in
445 1691 546 1762 corde
568 1692 687 1761 Patris
711 1698 747 1761 et
773 1693 927 1762 Verbum
950 1693 1126 1784 prolatum
1142 1692 1189 1761 ad
1211 1713 1319 1783 opere
1331 1690 1379 1760 di·

210 1802 317 1885 vina,
343 1801 528 1871 manifeste
552 1807 661 1892 patet,
686 1824 756 1870 non
779 1801 878 1871 aliud
900 1807 937 1871 et
959 1800 1057 1871 aliud
1080 1800 1140 1870 sed
1164 1821 1276 1869 unum
1298 1800 1380 1871 Ver·

212 1909 291 1978 bum
315 1907 473 1977 exhiberi
495 1907 560 1976 sub
574 1907 716 1978 diversa
732 1909 879 1978 ratione.
890 1909 964 1977 lmo
979 1909 1071 1978 hanc
1086 1908 1195 1978 Verbi
1212 1908 1380 1978 unitatem

211 2017 339 2087 diserte
363 2016 557 2086 enuntiant:
587 2017 722 2086 «Pater
736 2017 801 2087 hoc
824 2017 977 2087 Verbum
1001 2017 1092 2111 quod
1107 2039 1244 2108 semper
1259 2014 1382 2086 babuit

212 2125 248 2193 iu
273 2124 374 2193 corde
398 2126 564 2207 insitum,
590 2125 727 2216 quando
743 2124 870 2210 voluit,
888 2125 1014 2214 genuit
1030 2124 1304 2214 prolatitium.»

276 2231 513 2322 Distinguunt
524 2231 643 2325 iteque
655 2233 779 2302 Patres
791 2233 927 2302 nomine
944 2231 1185 2323 generationis
1195 2232 1267 2302 duo
1282 2231 1381 2303 vuldo

210 2342 364 2424 diversa,
389 2341 647 2431 generationem
671 2348 860 2425 aeternam,
880 2360 949 2432 qua
965 2339 1081 2410 Filius
1105 2340 1142 2410 in
1166 2363 1204 2410 se
1226 2345 1284 2410 est
1308 2364 1380 2433 per

212 2470 295 2519 sona
318 2470 339 2516 a
361 2449 467 2517 Patre
490 2448 661 2517 distincte
684 2448 784 2519 velut
806 2449 1030 2518 consiliarius
1060 2449 1098 2517 in
1122 2449 1320 2519 visceribus
1347 2454 1381 2518 et

212 2558 249 2625 in
271 2557 373 2626 corde
395 2555 534 2640 Patris,
560 2562 634 2625 tum
657 2555 746 2625 Filii
762 2557 1078 2626 manifestationem
1101 2556 1146 2625 ad
1162 2563 1278 2641 extra,
1295 2577 1380 2648 queo

210 2687 272 2734 nec
295 2664 340 2731 ab
362 2672 504 2734 aeterno
526 2668 665 2734 estnec
687 2665 884 2734 necessaris
906 2663 966 2734 sed
988 2664 1120 2748 libera,
1134 2669 1173 2733 et
1194 2685 1284 2756 quae
1296 2669 1381 2734 tam·

211 2794 313 2867 quam
326 2772 446 2841 missio
461 2772 621 2862 generati
635 2771 768 2841 dicitur
783 2774 963 2862 generatio
979 2771 1025 2839 cd
1040 2788 1151 2840 entra.
1166 2772 1261 2843 Hinc
1276 2772 1381 2842 Theo

211 2882 329 2974 philus
352 2905 420 2950 non
443 2881 532 2951 dicit
554 2881 772 2971 simpliciter:
801 2911 818 2946 a
833 2881 971 2974 quando
994 2881 1131 2965 voluit,
1157 2881 1286 2972 genuit
1299 2880 1381 2951 Ver

213 2992 336 3074 bum,r
364 2990 435 3060 sed:
464 3019 480 3053 o
498 2989 622 3079 genuit
637 2989 791 3059 Verbum
801 2991 1067 3080 prolatitium,
1087 2994 1128 3058 ut
1143 2986 1381 3081 soilioetquod

212 3099 260 3168 sb'
277 3104 419 3168 aeterno
442 3104 520 3167 erat
543 3098 700 3188 genitum
725 3098 879 3170 Verbum
911 3098 1081 3184 insitum,
1107 3098 1176 3166 iam
1203 3097 1313 3166 etiam
1334 3095 1383 3165 sit

212 3206 432 3298 prolatitium
455 3228 516 3274 seu
528 3207 791 3276 manifestatum
814 3208 858 3277 ad
882 3213 994 3277 extra.
1016 3205 1217 3275 Clarissima
1240 3205 1381 3296 Hyppo

211 3315 312 3405 lytns
334 3314 360 3382 1.
376 3339 405 3385 c.
420 3315 510 3383 hanc
533 3316 790 3405 generationem
806 3317 850 3386 ad
866 3323 967 3384 extra
982 3315 1035 3383 ait
1058 3336 1133 3383 esse
1155 3314 1382 3383 ostensionem

211 3423 342 3507 Verbi,
368 3427 410 3492 ut
433 3422 523 3516 quod
546 3423 645 3514 prius
668 3429 746 3492 erat
768 3422 908 3492 visibile
931 3421 997 3490 soli
1020 3420 1120 3490 Patri
1136 3471 1144 3505 ,
1163 3421 1266 3490 fleret
1280 3439 1383 3511 ugno-

212 3532 333 3603 scibile
355 3531 540 3602 creaturis:
568 3531 741 3623 cquando
764 3531 880 3601 voluit
902 3536 939 3601 et
962 3530 1056 3600 siout
1078 3529 1205 3615 voluit,
1230 3528 1386 3599 ostendit

212 3642 364 3711 Verbum
388 3664 489 3711 suum
516 3635 620 3729 (ἔδειξε
647 3663 695 3706 τον
721 3638 807 3728 λογον
826 3634 932 3725 aare)
957 3637 1172 3729 temporibus
1194 3636 1289 3728 apud
1307 3658 1384 3706 eum

212 3747 390 3832 definitis,
416 3771 477 3839 per
500 3748 591 3838 quod
615 3748 729 3816 omnia
753 3748 880 3817 fecit...
898 3747 1028 3815 Eorum
1051 3751 1169 3814 autem
1185 3746 1385 3838 quaefacta

212 3862 317 3940 sunt,
343 3857 463 3925 ducem
487 3863 522 3926 et
543 3854 783 3924 consiliarium
806 3858 842 3924 et
864 3855 1062 3924 effectorem
1084 3853 1277 3942 generubet
1292 3852 1385 3921 Ver-

213 3965 315 4047 bum,
342 3962 432 4054 quod
455 3962 608 4030 Verbum
632 3984 710 4031 cum
725 3961 764 4030 in
780 3985 817 4030 se
831 3961 988 4046 haberet,
1014 3966 1172 4053 essetque
1195 3960 1384 4052 inadspec-

210 4068 320 4138 tabile
344 4068 470 4137 mundo
495 4074 611 4137 creato
635 4069 674 4155 (i.
690 4091 720 4137 e.
738 4068 912 4138 creaturis
934 4067 1086 4137 nondum
1110 4055 1382 4153 existentibus),

212 4176 298 4245 feeit
320 4174 568 4266 adspectabile,
594 4176 756 4244 emittens
778 4175 927 4267 priorem
960 4198 1102 4261 vocem,
1127 4179 1164 4244 st
1193 4172 1312 4244 lumen
1341 4196 1383 4243 ex

210 4283 341 4352 lumine
358 4302 528 4372 generans
544 4282 661 4351 emisit
675 4288 856 4352 creaturas
872 4281 1070 4366 Dominum,
1088 4303 1191 4350 suum
1205 4280 1383 4372 proprium

210 4390 428 4461 intellectum
451 4390 551 4481 prius
573 4390 642 4480 ipsi
665 4389 732 4459 soli
755 4389 931 4459 visibilem
955 4394 1072 4459 creato
1087 4411 1171 4459 vero
1187 4387 1315 4461 mundo
1330 4388 1380 4457 in·
