3172 4950
638 334 676 348 -
697 304 757 365 233
778 335 817 349 -

183 430 226 476 ne
248 408 394 480 dilectio
416 407 537 478 Patris
551 414 588 478 et
602 407 690 477 Filii
705 409 780 479 sine
796 408 860 479 hoc
876 409 1036 495 termino,
1055 407 1091 477 h.
1110 430 1141 477 e.
1160 407 1246 500 quin
1262 406 1312 476 di-

184 516 245 584 ctio
268 516 321 584 sit
343 515 504 607 spiratio,
530 515 566 582 in
590 537 654 585 sua
684 517 895 607 perfectione
925 539 994 584 non
1025 522 1128 586 asset.
1156 515 1314 585 Pertinet

184 621 256 690 itur
279 622 326 691 ad
349 621 593 712 perfectionem
615 622 733 691 Patris
756 628 791 691 et
813 622 900 692 Filii
923 622 1048 692 hebere
1071 623 1313 692 immanentem

184 752 243 798 um
267 727 443 819 Spiritum
472 737 514 799 ut
537 728 724 800 terminum
748 731 980 801 necessarium
1005 754 1087 801 suae
1115 729 1314 801 dilectionis

185 836 334 904 tionelis
365 859 425 906 seu
449 836 665 927 spirationis.

205 944 378 1014 Vicissim
400 968 442 1014 ex
466 945 583 1015 eadem
606 945 764 1032 ratione,
800 969 869 1039 qua
891 946 1045 1016 Verbum
1074 947 1181 1016 habet
1210 946 1247 1015 in
1278 966 1314 1014 sa

185 1058 283 1120 orem
298 1053 540 1122 immanentem
558 1058 601 1121 ut
616 1055 672 1123 sui
687 1053 911 1145 principium,
925 1054 1076 1147 haecque
1091 1051 1316 1123 immanentis

185 1159 302 1250 igitur
324 1160 371 1230 ad
393 1160 505 1251 ipsam
520 1160 628 1230 Verbi
645 1160 904 1252 perfectionem,
922 1161 1056 1252 pariter
1082 1162 1210 1230 amoris
1236 1161 1314 1231 sub·

185 1267 307 1337 stertis
329 1268 499 1360 perfectio
521 1274 587 1355 est,
612 1275 654 1338 ut
676 1269 803 1338 habeat
818 1269 887 1339 sibi
898 1269 1088 1339 immanens
1103 1268 1315 1361 principium

186 1375 223 1461 i,
249 1375 392 1445 Patrem
415 1376 557 1468 inquam
580 1383 617 1446 et
632 1375 776 1447 Filium.

210 1482 260 1550 Π.
276 1482 434 1575 Quisque
456 1484 562 1553 focile
584 1484 703 1554 videre
726 1490 862 1575 potest,
888 1486 1054 1577 quomodo
1069 1509 1111 1555 ex
1134 1485 1316 1576 principiis

186 1592 291 1661 oditis
314 1592 428 1682 possit
451 1591 584 1682 concipi
607 1598 644 1662 et
666 1592 838 1663 declarari
861 1593 898 1661 iu
922 1593 1090 1684 mysterio
1114 1593 1178 1663 SS.
1197 1593 1313 1662 Trini-

187 1701 234 1768 tis
256 1699 390 1770 veritas
414 1699 632 1785 certissima,
658 1722 762 1794 quam
785 1702 1011 1791 Augustinus
1045 1725 1121 1771 cum
1145 1701 1228 1770 aliis
1250 1702 1314 1769 Pc-

187 1805 261 1876 ibus
285 1829 385 1898 saepe
409 1806 602 1897 praedicet,
620 1807 715 1877 utin
732 1807 951 1878 conclusione
974 1808 1058 1876 libri
1074 1808 1140 1878 VI.
1157 1810 1199 1878 de
1212 1807 1312 1878 Trin.

187 1913 247 1983 llic
270 1914 308 1984 in
331 1916 435 1984 rebus
459 1915 632 2005 corporeis
647 1920 704 2002 (ex
720 1915 846 2007 quibus
863 1915 915 1984 ibi
929 1916 1025 2005 Aug.
1053 1922 1234 1985 scrutatur
1258 1939 1314 1986 ve-

187 2022 292 2112 iginm
316 2022 522 2108 Trinitatis)
545 2045 614 2092 non
636 2028 774 2092 tentum
797 2030 852 2092 est
873 2046 930 2093 res
952 2045 1023 2093 una
1053 2031 1220 2117 quantum
1243 2031 1316 2095 tres

188 2131 273 2218 nul,
299 2139 335 2201 et
357 2130 438 2222 plus
461 2131 596 2223 aliquid
621 2137 704 2202 sunt
726 2132 814 2202 duae
838 2155 940 2226 quam
968 2153 1038 2202 una
1062 2156 1137 2203 res:
1163 2139 1315 2204 ceterum

187 2264 194 2303 ι
216 2239 281 2306 illa
304 2265 433 2307 summa
457 2240 631 2307 Trinitote
662 2253 795 2306 tantum
820 2255 868 2306 eet
895 2266 965 2307 una
989 2255 1155 2334 quantum
1179 2256 1246 2308 tres
1269 2244 1315 2308 ei·

188 2346 242 2430 ol,
270 2373 327 2415 aec
349 2348 434 2438 plue
453 2346 594 2441 aliquid
620 2364 701 2415 areat
723 2348 810 2416 duae
837 2373 939 2441 quam
964 2375 1056 2432 una;
1083 2355 1119 2418 et
1145 2349 1182 2417 in
1205 2371 1241 2418 se
1263 2347 1315 2417 in·

188 2453 251 2522 nite
272 2461 356 2525 sunt
369 2485 386 2518 n
411 2456 508 2545 Aug.
523 2455 623 2524 Trin.
640 2455 705 2525 VI.
719 2480 755 2525 n.
775 2457 829 2525 12.
844 2456 1027 2529 Rationem
1044 2456 1189 2547 ipsemet
1204 2453 1316 2525 decla·

188 2569 214 2630 rt
231 2563 356 2633 ibidem
379 2585 610 2656 prosequens:
639 2563 724 2632 cita
747 2569 783 2634 et
809 2564 951 2656 singula
981 2565 1125 2633 suntin
1148 2562 1313 2653 singulis,

188 2672 320 2740 zomnia
342 2671 380 2739 in
404 2670 568 2762 singulis,
594 2677 628 2740 et
650 2671 794 2760 singula
815 2672 852 2740 in
875 2672 1053 2757 omnibus,
1079 2677 1115 2741 et
1142 2672 1256 2740 omnia
1278 2671 1316 2739 in

189 2780 304 2849 onibus
327 2785 364 2850 et
386 2802 494 2848 unum
517 2779 643 2848 omnia.
669 2779 739 2862 Qui
762 2780 860 2850 videt
881 2780 946 2850 hoc
979 2779 1036 2849 vel
1070 2802 1112 2848 ex
1136 2784 1236 2870 perte
1259 2776 1316 2848 vel

189 2906 214 2954 er
233 2886 409 2978 speculum
432 2892 469 2956 et
491 2887 528 2955 in
551 2887 770 2977 aenigmate,
797 2888 951 2978 gaudeat
967 2910 1175 2978 cognoscens
1190 2887 1314 2972 Deum,

189 2995 300 3064 tsicut
321 2996 434 3065 Deum
457 2995 603 3065 honoret
625 3001 661 3065 et
683 2996 820 3085 gratias
843 3002 940 3086 egat;
960 2997 1021 3088 qui
1044 3001 1160 3066 cutem
1183 3018 1252 3064 non
1267 2994 1317 3063 vi·

189 3107 220 3187 et,
236 3104 358 3173 tendat
381 3126 442 3194 per
465 3103 631 3194 pietatem
658 3103 703 3172 ad
726 3103 912 3173 videndum
936 3126 1004 3173 non
1026 3126 1088 3195 par
1115 3102 1315 3174 caecitatem

190 3208 200 3279 Ι
226 3210 507 3281 calumniandam
523 3237 554 3279 n.
580 3209 650 3278 Illa
675 3211 817 3301 sinpcla
847 3216 883 3280 ct
916 3214 1057 3294 omnic,
1083 3234 1170 3303 quae
1199 3210 1318 3281 dicun·

190 3338 303 3387 resse
326 3318 364 3386 in
388 3316 541 3408 singulis
564 3317 662 3386 etin
685 3317 844 3386 omnibus
867 3318 982 3388 tribus
997 3318 1090 3388 inter
1113 3342 1149 3388 se
1172 3318 1315 3388 distinc-

190 3447 219 3512 ι,
242 3432 279 3495 at
302 3425 416 3494 omnia
439 3425 605 3496 dicuntur
628 3448 702 3495 esse
727 3449 862 3510 unum,
888 3449 956 3495 non
981 3425 1091 3496 solum
1112 3427 1318 3516 intelligun-

190 3537 274 3604 uab
295 3533 500 3624 Augustino
522 3534 674 3604 essentia
697 3556 738 3603 ac
760 3534 936 3604 attributa
957 3535 1121 3604 absoluta
1136 3534 1195 3603 sed
1210 3534 1317 3603 etiam

191 3640 312 3729 latire,
333 3641 369 3710 h.
388 3665 419 3713 e.
445 3641 550 3712 ctiam
566 3642 786 3712 characteres
801 3641 999 3734 personales
1015 3649 1050 3712 et
1065 3641 1209 3733 proinde
1224 3641 1320 3731 ipsae

191 3823 212 3862 n
228 3810 259 3862 in
278 3809 474 3876 intelligente,
495 3810 669 3877 exprlmitur
691 3825 741 3877 per
761 3811 822 3876 hoc,
847 3808 922 3877 qnod
942 3808 1061 3862 dicimus
1080 3807 1187 3860 Filium
1206 3806 1256 3873 qul
1275 3811 1320 3859 est

191 3897 272 3952 orbum
290 3899 354 3966 Βοὴ
376 3901 420 3953 lta
437 3897 558 3963 modum,
579 3915 636 3967 qno
654 3899 730 3953 Deus
749 3902 794 3953 cst
809 3898 841 3951 in
854 3898 912 3952 Deo
925 3899 1001 3952 sient
1013 3901 1137 3951 amatum
1150 3898 1181 3950 in
1196 3900 1317 3963 amante,

192 3990 334 4056 primimus
352 4005 404 4058 per
422 3990 484 4056 hoc,
506 3989 580 4058 quod
600 3991 732 4057 ponimns
751 3991 794 4043 ibi
814 3989 953 4057 Spiritum
973 3989 1022 4056 qni
1045 3993 1090 4042 est
1113 4003 1192 4041 amor
1210 3986 1262 4040 Dei
1265 4024 1318 4040 .....

191 4093 267 4133 nesse
284 4084 338 4146 eet,
360 4079 435 4147 quod
454 4094 532 4133 amor
553 4096 609 4147 quo
632 4080 725 4148 ipsum
738 4094 875 4133 summum
894 4080 997 4131 bonum
1011 4081 1131 4143 amatur,
1151 4075 1225 4144 qnod
1245 4075 1320 4128 Dens

192 4170 210 4233 l,
228 4169 398 4222 eminentem
419 4168 568 4236 qnamdam
587 4169 717 4222 obtineat
735 4168 910 4234 bonitatem,
931 4180 1003 4235 quae
1023 4166 1136 4219 nomine
1154 4163 1321 4219 sanctitutis

192 4258 354 4324 primitur...
368 4257 581 4313 convenienter
604 4258 698 4326 igitur
717 4257 860 4326 Spiritus,
881 4272 936 4326 quo
956 4257 1039 4309 nobis
1058 4256 1225 4310 insinuatur
1244 4267 1322 4308 amor

192 4360 208 4399 vo
223 4350 299 4405 Deus
319 4364 349 4405 ae
369 4353 456 4419 amet,
467 4349 590 4415 Spiritus
600 4351 720 4404 sanetus
734 4349 898 4404 nominetur
912 4368 936 4400 n.
958 4345 987 4403 S.
1002 4341 1318 4416 recompensarent.

192 4433 290 4494 Ml.
