3172 4950
181 413 391 507 singularia,
409 420 464 486 est
478 413 703 509 participatio
719 421 756 486 st
770 417 886 508 imago
900 437 1066 509 expressa
1089 415 1211 487 muudi
1225 415 1330 486 intslli

182 523 315 615 gibilis,
338 529 414 593 tum
436 523 635 614 singularia
657 526 772 595 omnia
795 532 880 595 sunt
902 525 1132 618 participatio
1155 524 1330 616 specialium

181 633 339 703 idearum
362 655 424 703 seu
447 634 689 721 essentiarum
701 634 838 724 singuli
860 633 1017 705 homines
1039 658 1070 705 e.
1086 660 1123 725 g.
1142 640 1228 705 sunt
1246 635 1332 726 parti

183 739 312 831 cipatio
336 739 486 810 hominis
508 740 645 826 ideslis,
672 741 733 833 qui
755 748 810 811 ast
832 740 847 804 ὁ
870 738 1041 834 ἅνθρωπος.
1075 741 1177 811 Unde
1209 742 1333 810 mundas

182 847 360 918 sensibilis
393 870 527 940 quoque
557 848 652 917 Deus
689 853 744 919 est
776 854 812 917 et
845 849 943 919 filius
979 848 1046 919 Dei
1079 856 1117 919 et
1151 849 1335 940 unigenitus

187 958 329 1050 (ἔκγονος
344 1009 352 1040 ,
379 955 566 1048 peroptare).

252 1069 343 1138 Teia
365 1067 450 1138 haec
472 1066 610 1138 theoria
633 1067 817 1137 Platonica
839 1069 915 1138 sine
930 1067 1037 1138 dnbio
1059 1068 1150 1137 satis
1164 1073 1221 1137 est
1234 1089 1338 1159 anceps

184 1182 221 1247 et
242 1177 411 1261 obscura,
437 1180 480 1245 ut
503 1176 717 1268 multiplices
740 1177 907 1246 admittat
930 1177 1263 1270 interpretationes,
1286 1176 1338 1246 olrr

184 1284 322 1354 nissime
345 1291 461 1354 tamen
484 1291 654 1375 apparet,
680 1306 755 1354 eam
770 1284 863 1353 nihil
878 1306 1024 1376 prorsus
1039 1284 1170 1355 habere
1185 1302 1339 1354 commune

185 1416 262 1463 cnm
286 1392 447 1485 doctriua
468 1392 696 1461 revelationis
712 1391 929 1461 christianae
946 1392 989 1462 de
1005 1391 1070 1461 SS.
1085 1391 1276 1460 'l'rinitata
1289 1391 1339 1459 aa

185 1500 356 1571 cautiores
378 1499 498 1590 plures
514 1498 646 1568 eruditi
668 1499 773 1568 etiam
790 1499 947 1590 apprime
963 1497 1130 1568 catholici
1147 1497 1340 1590 propendat

185 1607 229 1676 ad
251 1605 577 1698 interpretationem
599 1606 637 1675 in
662 1629 766 1675 sensu
789 1605 1235 1697 pantheistico.Elementa
1248 1605 1340 1675 uns

186 1715 398 1808 pantheismi
421 1716 572 1800 subesse,
598 1715 723 1805 negari
746 1715 808 1784 vix
833 1720 968 1806 potest,
993 1737 1106 1807 neque
1136 1720 1255 1784 tamen
1283 1713 1341 1783 ideo

187 1824 440 1895 concedendum
462 1828 539 1907 est,
564 1822 705 1891 Platoni
729 1823 863 1891 Bonam
891 1828 928 1893 et
953 1823 1102 1892 Mentem
1132 1822 1228 1894 sicut
1248 1828 1340 1892 totum

186 1932 346 1999 mandam
369 1931 631 2020 intelligibilem
653 1930 765 2000 fuisse
791 1932 888 2001 ideas
911 1952 1002 2001 mere
1025 1931 1245 2017 abstractas,
1270 1950 1339 2024 quac

188 2047 289 2110 extra
312 2039 477 2109 mundum
501 2038 700 2109 sensibilem
722 2040 857 2109 nullam
880 2039 1034 2109 habeant
1062 2044 1260 2109 concrctam
1280 2060 1339 2109 cco·

188 2148 387 2219 sistentiam
409 2153 446 2217 et
468 2146 692 2218 existentiam
715 2149 899 2218 actualem.
918 2148 1018 2232 Quod
1041 2148 1072 2217 si
1088 2148 1222 2217 Bonam
1242 2166 1339 2238 supro

189 2281 282 2328 mum
305 2256 531 2348 intelligatur
554 2279 659 2326 senaa
681 2256 847 2327 theistico
878 2258 931 2345 (in
961 2256 1179 2349 oppositione
1206 2257 1251 2326 ad
1277 2276 1338 2347 par

187 2365 389 2452 theismum)
404 2366 511 2449 Deus,
529 2364 678 2455 spiritus
693 2363 940 2435 substantialis
951 2364 1157 2455 intelligens
1171 2386 1213 2434 ac
1227 2362 1335 2444 volsus,

189 2498 289 2567 quern
301 2496 438 2543 sensum
454 2473 559 2542 etiam
576 2470 640 2541 SS.
651 2470 787 2557 Patres,
799 2472 936 2565 quoties
946 2470 1106 2540 Platonis
1118 2470 1335 2551 nemincum

188 2582 372 2654 admisisse
395 2581 584 2668 videntur;
610 2586 686 2651 inm
710 2579 845 2672 duplici
874 2580 990 2651 adhuc
1013 2580 1071 2650 vel
1094 2579 1233 2672 triplici
1254 2579 1336 2648 inter·

189 2691 381 2787 pretationi
402 2688 500 2758 locus
524 2694 651 2759 manet.
1043 2718 1046 2722 ·

257 2800 378 2870 Potest
400 2797 491 2868 enim
514 2799 626 2889 primo
648 2820 744 2867 mens
759 2817 921 2888 suprema
946 2791 976 2882 (ὁ
995 2788 1074 2880 vove)
1092 2794 1251 2887 intelligi
1266 2811 1337 2861 nera

191 2909 332 2992 divina,
365 2908 418 2976 ita
445 2912 487 2975 ut
515 2928 632 2975 rerum
663 2906 760 2976 ideae
789 2904 1041 2995 intelligantur
1070 2902 1169 2972 ideae
1191 2902 1229 2972 iu
1249 2903 1338 2971 merto

192 3015 326 3100 divina,
348 3019 385 3084 et
400 3014 473 3082 sola
490 3013 539 3084 sit
554 3013 736 3084 distinctio
752 3014 901 3082 rationis
916 3019 954 3082 et
966 3010 1255 3082 considerationis
1269 3010 1339 3079 cira

193 3146 301 3192 uuum
323 3123 433 3192 Deum
457 3143 652 3212 supremam
677 3143 817 3191 oausmn
847 3120 1079 3213 exemplarem
1105 3125 1143 3189 et
1163 3120 1339 3190 efficisuan

193 3239 229 3302 et
252 3232 414 3315 finalem,
441 3253 508 3323 quo
531 3253 635 3300 sensu
657 3232 781 3301 Patres
804 3231 963 3322 plerique
985 3237 1128 3321 elprae
1146 3223 1340 3299 ceterisvul·

192 3347 299 3432 gatus
310 3340 503 3430 Dionysius
518 3339 698 3408 Platonem
715 3339 941 3430 interpretati
956 3344 1040 3408 sunt
1052 3337 1110 3408 vel
1123 3338 1340 3408 correxerant

192 3451 266 3519 Hoc
290 3470 394 3518 sensu
417 3448 568 3517 admisso
592 3469 674 3516 sane
689 3446 827 3516 nullum
851 3453 905 3517 ast
921 3446 1111 3537 vestigium
1127 3440 1342 3516 distinctionis

192 3577 429 3650 personarum,
448 3555 518 3625 nisi
541 3556 632 3648 quod
656 3555 836 3647 supposita
859 3560 896 3624 et
910 3554 1052 3646 cognita
1066 3554 1137 3623 iarn
1153 3554 1343 3625 revelatione

193 3667 303 3759 possit
326 3665 406 3757 quis
429 3686 451 3732 a
466 3665 741 3735 consideratione
758 3663 886 3734 mentis
901 3661 1043 3733 divinae
1058 3662 1227 3754 progredi
1241 3663 1283 3731 ad
1297 3656 1344 3729 uli-

195 3796 296 3869 quam
320 3773 505 3863 analogam
528 3772 803 3842 illustrationem
828 3771 936 3842 Verbi
958 3769 1111 3862 paterni,
1137 3776 1244 3862 prout
1257 3786 1344 3839 exre

195 3882 370 3954 velatione
392 3881 626 3972 cognoscitur,
652 3903 691 3949 co
714 3880 813 3949 modo
836 3900 902 3972 quo
934 3878 1095 3970 superius
1122 3878 1194 3948 iam
1216 3875 1345 3948 diximus

194 3990 247 4059 th.
265 3989 384 4059 XVII.
403 3996 440 4059 et
462 3987 666 4057 distinctius
689 3987 844 4056 dicemus
866 3986 964 4054 inira
986 3985 1024 4054 in
1046 3984 1144 4054 thesi
1166 3984 1312 4055 XXVII.

261 4097 335 4167 Hoc
358 4096 502 4188 perinde
523 4095 639 4164 adhuc
662 4094 782 4179 valet,
808 4093 946 4163 etiarnsi
963 4093 1066 4163 iuxta
1081 4094 1288 4165 Aristotelis
1304 4112 1346 4161 ex·

193 4205 416 4299 plicationem
440 4205 516 4274 sive
539 4225 658 4274 veram
682 4203 758 4272 sive
781 4203 908 4272 falsam
932 4209 1163 4297 supponatur,
1188 4204 1284 4275 ideas
1302 4218 1346 4269 ser

193 4338 311 4386 rerum
334 4313 505 4384 aasentias
527 4311 658 4382 ideales
681 4334 722 4382 ac
752 4310 970 4383 universales
1000 4333 1022 4380 a
1051 4313 1199 4385 Platone
1228 4310 1346 4382 habito

195 4423 305 4493 luisse
329 4422 430 4492 velut
451 4427 554 4492 extra
576 4425 725 4490 mentem
748 4419 815 4488 Dei
836 4440 898 4511 per
922 4442 959 4489 sa
991 4420 1222 4493 consistentia
1250 4434 1344 4490 rerum
