3172 4950
706 350 746 366 -
767 319 828 380 428
848 350 886 365 -

207 428 377 497 rationem
404 433 446 496 ut
474 425 751 494 intellectualem.
771 422 914 513 Duplici
939 421 1031 492 enim
1058 422 1125 491 suh
1153 420 1342 515 appellatione

208 536 308 604 nobis
326 534 516 604 exhibetur
545 535 582 603 in
613 534 779 604 universa
809 530 1023 601 revelatione
1049 530 1144 599 ratio
1170 532 1295 623 proprie
1309 552 1343 601 nn·

210 643 343 713 eundae
377 664 542 733 personae
578 642 792 726 Trinitatis,
822 638 914 732 quod
946 644 1001 708 est
1031 638 1149 707 Filius
1178 636 1347 707 88788188

213 746 352 837 (iloyce)
371 749 502 817 Patris.
523 749 718 841 Utrumque
730 770 852 815 nornen
868 768 973 814 unam
987 747 1201 838 eandemque
1214 744 1348 815 rationein

209 854 373 946 designat
395 855 445 942 (1)
469 855 529 923 sed
553 855 617 923 snb
639 854 782 924 diversa
803 852 980 942 analogia.

119 946 127 960 ⁸
275 962 391 1031 Filius
415 961 579 1051 designat
601 961 809 1052 hypostasin
840 967 877 1029 et
905 959 1115 1050 hypostasin
1147 958 1350 1050 8888888888

210 1062 254 1137 ab
277 1069 349 1137 8118
371 1092 413 1139 88
435 1070 580 1160 88881811
604 1052 1109 1149 888888188818888888888,
1136 1090 1225 1159 quaa
1251 1074 1298 1135 est
1312 1088 1352 1157 gn

209 1178 357 1246 naratio.
382 1180 435 1247 At
459 1179 600 1247 veroin
624 1178 753 1246 creat-is
776 1176 956 1266 8888888818
978 1184 1017 1245 88
1038 1174 1185 1266 proinde
1205 1175 1352 1244 filiusnon

210 1292 421 1375 potestesse
445 1286 480 1353 in
505 1285 606 1374 puris
629 1285 815 1375 spiritibus
838 1284 898 1353 sed
921 1290 975 1353 est
1000 1282 1112 1353 solum
1137 1284 1175 1352 in
1199 1282 1351 1374 norponain,

210 1413 319 1484 neque
335 1394 516 1482 generatio
531 1397 586 1461 est
601 1416 663 1483 per
678 1391 1023 1462 communicationem
1038 1392 1155 1461 totins
1170 1390 1353 1460 substantiae

210 1520 297 1591 quae
320 1508 375 1569 est
397 1500 434 1567 in
458 1500 631 1590 principio
655 1508 855 1591 generante,
874 1500 934 1568 sed
950 1522 1012 1591 per
1026 1500 1182 1592 aliquam
1198 1498 1353 1590 separatio·

210 1628 287 1675 nem
309 1613 346 1675 et
368 1606 575 1676 decisionem
599 1608 743 1678 vitalem
766 1630 807 1677 ex
832 1608 1032 1677 substantia
1054 1608 1269 1697 generantis,
1289 1602 1354 1674 undo

210 1721 358 1783 naturae
381 1716 502 1783 unitas
526 1717 620 1785 inter
643 1724 776 1807 patrem
793 1722 830 1785 88
845 1714 956 1784 filium
980 1715 1091 1786 solum
1108 1722 1165 1786 888
1179 1715 1354 1805 nnitaespn

211 1823 311 1891 88888
333 1844 400 1890 non
424 1825 621 1909 numerica,
646 1830 682 1892 88
705 1830 886 1914 praetcrea
916 1831 1018 1914 pater
1040 1828 1084 1892 88
1106 1822 1302 1913 hypostasis
1317 1824 1355 1889 ent

210 1931 307 2021 prior
330 1931 416 1999 8118.
441 1930 527 2001 Inde
551 1931 702 2000 ulterius
726 1933 935 2022 hypostases
955 1932 1068 2021 patris
1083 1938 1120 2000 88
1135 1930 1204 1999 8111
1220 1936 1354 1999 suntnon
1393 1984 1397 2023 .·

90 2076 95 2085 ·
211 2038 322 2107 solnm
345 2037 535 2108 distinctae
558 2040 618 2108 sed
641 2039 856 2128 separatae'
846 2061 883 2106 nn
907 2038 980 2107 8118
1006 2046 1111 2130 atque
1142 2038 1216 2107 alia
1244 2056 1355 2108 numero
1395 2076 1397 2089 =

210 2153 339 2216 888888
362 2170 439 2216 cum
454 2146 601 2238 reliquis
624 2145 905 2232 diversitatibus,
924 2168 1011 2238 quae
1026 2170 1069 2215 ex
1085 2146 1355 2219 distinctionem

210 2260 313 2324 88888
338 2261 612 2347 consequuntur,
638 2253 782 2344 proinde
809 2254 915 2323 etiam
946 2254 1144 2324 similitudo
1174 2279 1243 2326 non
1270 2258 1355 2347 poten
1393 2222 1397 2325 1

211 2383 286 2431 esse
310 2359 482 2445 absoluta,
501 2383 588 2453 qnae
612 2360 780 2429 coincidit
796 2385 873 2430 cum
889 2362 1027 2431 unitate
1043 2363 1225 2433 numerica
1239 2368 1354 2431 8888888
1392 2338 1397 2609 1

211 2470 279 2557 (818.
306 2458 436 2554 XVI.).
461 2469 537 2536 Η88
560 2474 677 2537 antem
709 2491 825 2537 omnes
847 2468 1128 2559 imperfectiones
1159 2470 1397 2545 adhaerentes¹

212 2576 430 2665 generationi
453 2574 491 2642 in
514 2574 627 2643 888888
643 2581 748 2667 atque
763 2576 938 2665 corporeis
960 2583 1164 2667 repugnant
1179 2578 1217 2646 in
1230 2578 1296 2646 Deo
1307 2568 1397 2681 8811

210 2681 285 2751 8888
309 2683 449 2750 1888188
472 2683 536 2768 (2).

276 2790 369 2859 Η188
411 2791 582 2858 rationem
619 2790 856 2879 generationis
888 2791 1161 2875 intellectualis,
1193 2786 1356 2863 88888888

210 2899 285 2969 8818
308 2910 396 2990 8888
420 2898 564 2988 88181881
580 2897 765 2968 convenire
781 2906 907 2988 potest,
926 2900 1049 2970 divina
1068 2900 1241 2970 revelatio
1256 2900 1357 2970 8888888

175 3040 179 3049 ·
209 3007 376 3097 exprimit
388 3006 463 3091 ,sub
486 3006 623 3074 nomine
649 3006 760 3074 Verbi.
785 3006 933 3077 Crestus
955 3008 1062 3077 etiam
1086 3008 1238 3099 spiritns
1256 3002 1357 3076 intelli·

209 3116 320 3205 gendo
344 3139 380 3184 se
403 3116 565 3205 producit
588 3114 731 3184 verinum
748 3116 816 3201 sni,
841 3116 883 3186 de
907 3140 973 3208 quo
989 3118 1025 3185 in
1042 3112 1359 3207 superioribusnatin

209 3222 343 3292 dictum
367 3230 432 3291 est.
453 3222 649 3292 Secundum
673 3223 762 3292 hanc
785 3224 984 3315 analogiam
1001 3225 1106 3293 facile
1130 3225 1360 3316 intelliguntur

209 3330 349 3400 excludi
374 3354 490 3400 omnes
513 3330 597 3399 11188
620 3332 901 3423 imperfectiones
927 3333 1167 3422 generationis
1190 3351 1359 3425 corporato,

209 3460 297 3532 quas
308 3439 413 3530 paulo
428 3445 508 3507 ante
522 3439 874 3509 commemoravimus.
891 3440 989 3508 Unde
1005 3442 1130 3509 Patres
1146 3450 1221 3511 tam
1236 3438 1361 3511 sollicito

209 3546 448 3615 commendant
480 3547 770 3635 comparationem
797 3546 897 3613 Verbi
926 3570 1004 3615 cnm
1033 3548 1270 3640 appellatione
1290 3542 1361 3617 Filii

207 3651 252 3721 ad
276 3652 429 3744 aliquam
453 3651 505 3720 rei
529 3651 803 3741 intelligentiam
826 3654 1088 3745 assequendam.
1114 3654 1207 3725 Vide
1233 3648 1359 3749 quaeri·

207 3760 362 3829 tavimns
378 3782 486 3851 snpra
508 3760 685 3851 830781.
705 3761 742 3829 S.
755 3760 822 3828 Th.
841 3761 1025 3852 Compend.
1043 3762 1198 3855 theolog.
1219 3788 1249 3834 8.
1258 3762 1309 3833 40.
1323 3758 1360 3826 At

209 3867 411 3936 8881888818
437 3866 753 3937 88888188888188
778 3868 1014 3955 perfectione,
1041 3871 1204 3963 quoniam
1234 3894 1296 3940 non
1320 3868 1359 3935 888

260 4055 302 4131 (1)
323 4080 335 4106 c
357 4061 397 4113 Eo
416 4062 522 4129 qnippe
543 4062 657 4131 Filius,
680 4080 734 4133 qno
755 4065 897 4131 Verbum,
921 4070 952 4119 88
969 4080 1002 4119 88
1020 4067 1164 4133 Verbum,
1186 4064 1355 4139 8888811188·

205 4150 278 4214 Aug.
294 4150 452 4202 1818111.
468 4166 491 4204 8.
505 4152 531 4203 2.

258 4236 300 4311 (2)
313 4239 454 4304 Quomodo
468 4241 620 4295 secundnm
634 4242 835 4297 diversitatem
848 4245 956 4299 8881888
970 4251 1001 4300 88
1012 4252 1182 4301 naturarum
1197 4246 1354 4303 8188188888

206 4330 303 4384 modun
322 4331 514 4384 emanationis
534 4333 569 4385 ah
588 4334 759 4387 inanimatis
777 4336 944 4403 corporibus
964 4352 1053 4404 nsque
1073 4337 1110 4390 ad
1124 4326 1353 4407 nnprennuopnl·

207 4424 267 4473 8888
285 4420 383 4487 Deum,
405 4420 472 4474 8188
490 4422 566 4489 apud
585 4423 967 4491 8.’1“18.88888.8888.11Ι.8.
980 4428 1024 4483 11.
