3172 4950
547 39 678 98 ratris,
697 39 827 104 quanto
848 38 962 102 mag1e
985 37 1062 83 nnc
1085 39 1337 103 innerngenuus
1358 39 1413 82 esc
1435 39 1472 82 ec
1487 39 1529 82 ue
1543 39 1578 104 ip

548 119 667 189 cedere
690 118 847 211 Spiritus
871 118 1035 206 Sanctus,
1058 120 1119 189 ubi
1142 120 1193 189 sic
1215 120 1280 205 ait,
1306 120 1347 188 de
1370 120 1478 189 Patre
1492 141 1580 210 proce

548 249 618 295 nou
640 225 783 313 diceret,
810 227 851 296 de
874 250 927 296 me
950 250 1017 296 non
1041 228 1222 319 procedit?
1244 228 1278 294 A
1302 249 1370 319 quo
1392 233 1512 295 autem
1533 226 1580 294 ha

550 334 623 403 lius
645 339 688 404 ut
710 334 760 404 sit
780 335 886 420 Deus,
911 341 966 405 est
988 336 1078 407 enim
1102 337 1143 405 de
1166 336 1237 405 Deo
1260 337 1366 420 Deus,
1384 336 1428 403 ab
1448 334 1513 404 illc
1528 334 1580 404 hai

553 463 642 534 que,
668 446 709 510 ut
731 441 835 512 etiam
867 443 908 512 de
940 443 1004 511 illo
1026 444 1190 534 procedat
1214 443 1370 532 Spiritus
1393 442 1570 530 Sanctus3

552 546 619 615 hoc
642 547 797 637 Spiritus
814 548 975 633 Sanctus,
994 556 1035 619 ut
1049 550 1154 618 etiam
1182 550 1224 618 de
1246 549 1340 617 Filio
1355 549 1523 638 procedat
1536 548 1580 617 sic

551 653 645 722 cedit
660 654 702 723 de
716 655 833 739 Patre,
851 655 986 747 abipso
1010 656 1114 724 habet
1128 657 1290 725 Patre...
1307 656 1464 745 Spiritus
1484 662 1580 725 auten

551 765 611 828 tus
633 782 700 828 non
725 761 767 830 de
788 761 893 831 Patre
916 763 1072 853 procedit
1094 763 1130 830 in
1153 763 1298 848 Filium,
1324 763 1423 831 etde
1446 763 1541 831 Filio
1562 786 1580 853 p

551 867 597 936 ad
621 867 905 945 sanctificandam
939 876 1134 938 creaturam
1158 871 1395 960 (processione
1418 877 1455 938 et
1477 868 1580 939 misai·

552 972 718 1058 trinseca,
744 980 785 1044 ut
808 980 929 1044 contra
950 982 1060 1044 totam
1084 976 1274 1045 doctrinam
1299 976 1341 1044 de
1364 976 1428 1044 SS.
1449 975 1580 1045 Trinitc

554 1080 695 1170 fingunt
717 1081 958 1169 schismatici),
977 1083 1036 1151 sed
1060 1082 1164 1151 simul
1180 1083 1220 1152 de
1237 1088 1382 1174 utroque
1404 1081 1580 1173 proceditr

552 1189 760 1279 principio),
786 1189 946 1281 quamvis
968 1189 1033 1259 hoc
1055 1190 1148 1259 Filio
1178 1191 1281 1258 Pater
1304 1190 1401 1258 dedit
1423 1190 1580 1280 (gignens

554 1296 838 1386 quemadmodum
862 1296 904 1365 de
926 1319 962 1365 se
985 1296 1038 1366 ita
1067 1297 1109 1366 de
1139 1297 1202 1365 illo
1233 1320 1366 1389 quoque
1398 1297 1575 1386 procedat.

550 1402 644 1471 euim
666 1426 847 1494 possumus
870 1403 996 1489 dicere,
1015 1405 1105 1496 quod
1127 1427 1195 1471 non
1219 1404 1269 1472 sit
1291 1405 1369 1473 vita
1384 1403 1580 1492 SpiritusS

551 1531 630 1577 cum
658 1509 736 1578 vita
757 1510 885 1594 Pater,
912 1509 989 1579 vita
1020 1510 1069 1579 sit
1099 1509 1226 1578 Filius.
1251 1509 1305 1577 Ac
1328 1532 1389 1599 per
1412 1510 1478 1577 hoc
1500 1509 1580 1578 sicu

550 1639 628 1685 cum
652 1615 779 1686 habeat
801 1616 913 1687 vitam
929 1615 966 1684 in
983 1615 1176 1706 semetipso,
1195 1615 1293 1684 dedit
1309 1622 1345 1684 et
1359 1615 1453 1683 Filio
1468 1616 1580 1685 haben

550 1724 588 1795 iu
615 1724 816 1814 semetips03
847 1723 898 1794 sic
925 1724 958 1794 ei
985 1724 1083 1793 dedit
1117 1724 1227 1793 vitam
1249 1723 1432 1814 procedere
1456 1724 1498 1792 de
1521 1710 1580 1792 illo

550 1829 707 1919 procedit
737 1829 778 1897 de
808 1829 883 1918 ipso
897 1856 914 1891 n
947 1830 1043 1918 Aug.
1060 1829 1098 1897 iu
1114 1829 1164 1897 Io.
1181 1834 1288 1899 tract.
1308 1827 1363 1896 99.
1377 1853 1413 1896 n.
1433 1828 1512 1898 oe.
1539 1828 1580 1898 vi

550 1935 644 2025 apud
666 1935 789 2005 Petav.
807 1934 931 2005 LVII.
949 1960 980 2005 c.
994 1937 1028 2004 8.
1042 1960 1078 2003 n.
1092 1936 1126 2023 43
1145 1935 1364 2005 Thomassiu.
1380 1959 1410 2004 c.
1428 1934 1485 2003 29.

618 2041 727 2110 Porro
750 2041 909 2137 videmus
941 2041 1007 2113 hoc
1042 2042 1167 2132 dogma
1187 2065 1255 2111 non
1280 2043 1350 2112 iam
1372 2041 1486 2111 solum
1509 2041 1580 2112 coni

555 2170 634 2215 cum
657 2147 855 2218 defensione
878 2148 1080 2218 divinitatis
1103 2147 1259 2240 Spiritus
1291 2148 1413 2219 Sancti
1435 2155 1474 2218 et
1499 2170 1580 2219 cons

552 2252 653 2323 tialis
677 2253 879 2340 Trinitatis,
905 2255 966 2325 sed
989 2253 1132 2326 seorsim
1154 2261 1191 2325 et
1213 2255 1392 2347 spaciatim
1414 2277 1437 2324 a
1459 2256 1580 2325 Patr-ih

550 2361 624 2431 uiri
645 2382 687 2431 cc
709 2362 843 2453 urgeri.
861 2361 960 2431 Inter
982 2383 1024 2431 ec
1047 2384 1134 2456 quae
1149 2363 1187 2432 S
1202 2362 1445 2454 Fulgentius
1433 2386 1473 2431 m
1487 2363 1580 2454 Regi

552 2468 594 2510 mi
619 2467 665 2510 D„
668 2473 725 2510 ι...
730 2469 863 2510 ...ξηηλ
936 2469 1053 2510 ...mai
1074 2470 1363 2510 ιι..Ω-...ἔ.....“,....
1391 2471 1476 2510 ...λη
