3172 4950
703 346 741 360 -
764 315 825 375 230
845 346 884 361 -

211 450 287 500 cum
310 421 567 495 revelationis»
594 418 725 511 (Lydia
749 420 850 490 1852.
869 445 904 512 p.
926 419 1115 507 ate-350.;
1148 419 1228 490 Iani
1255 420 1352 514 Capita

210 540 250 608 P.
265 536 314 605 II.
330 558 363 624 p.
380 530 569 617 maara),
584 530 664 622 quis
676 529 817 621 inquam
834 530 1069 621 experimento
1085 530 1163 622 ipso
1178 530 1294 600 doctus
1304 552 1354 599 non

210 644 341 716 sentiet
363 641 548 711 veritatem
572 640 672 709 illius
695 641 888 710 sententiae
920 639 957 709 S.
975 640 1153 708 Thomae:
1183 668 1201 705 a
1218 641 1276 734 qui
1301 664 1357 732 pro

211 756 291 823 bare
313 750 443 820 nititur
474 748 685 818 Trinitatem
711 748 870 817 naturali
893 747 1054 833 ratione,
1079 747 1174 846 fidei·
1196 749 1358 839 derogat..

208 860 293 931 Cum
309 858 400 929 enim
416 857 547 950 aliquis
562 857 607 927 ad
624 856 836 947 probandum
853 855 955 925 fidem
967 855 1106 925 inducit
1118 857 1360 951 rationesque

209 990 276 1039 nou
300 973 385 1035 aunt
408 972 570 1055 cogentes
593 963 718 1051 (multo
742 963 878 1053 magis,
905 965 936 1031 si
959 963 1132 1033 absurdae
1165 963 1294 1033 dantur
1319 989 1360 1036 ve

208 1077 263 1146 lut
285 1077 474 1165 cogentes),
493 1073 587 1143 cedit
609 1072 646 1140 in
671 1071 868 1140 irrisionem
884 1071 1078 1141 infidelium
1096 1099 1113 1133 n
1135 1072 1168 1141 1.
1180 1097 1216 1164 q.
1231 1072 1284 1142 32.
1297 1095 1326 1141 a.
1337 1074 1360 1143 1.

275 1183 324 1253 ΙΙ.
339 1182 465 1250 Altera
489 1180 570 1249 fidei
595 1180 776 1271 derogatio
799 1179 903 1249 initio
933 1201 955 1247 a
984 1180 1084 1249 nobis
1115 1190 1361 1252 commemorata

207 1291 312 1362 etiam
337 1287 482 1378 gravior
505 1292 582 1372 est,
609 1286 712 1379 quod,
731 1287 763 1355 si
779 1287 853 1377 ipse
876 1287 928 1356 rei
945 1292 1133 1376 conceptus
1149 1287 1361 1358 constituitur

208 1399 281 1469 eolo
303 1397 435 1466 lumine
458 1395 607 1464 rationis
630 1395 901 1486 independenter
931 1416 953 1462 a
983 1394 1219 1482 revelatione,
1252 1396 1362 1465 veritas

209 1508 284 1600 ipae
307 1510 343 1575 et
365 1503 539 1594 genuinus
563 1526 685 1572 sensus
709 1503 885 1593 dogmatis
913 1503 1108 1573 necessario
1138 1503 1359 1595 pervertitur,

209 1615 290 1709 quia
313 1619 500 1703 conceptus
522 1612 596 1703 ipse
627 1634 876 1702 personarum,
909 1632 997 1704 quac
1028 1611 1102 1681 siut
1131 1617 1207 1681 tres
1238 1611 1361 1682 relativi

208 1722 439 1793 subsistentes
461 1720 554 1789 iuter
578 1742 614 1788 se
637 1720 799 1790 distincti
825 1719 998 1813 simulque
1020 1726 1097 1789 tum
1121 1721 1284 1811 singulae
1303 1728 1360 1791 tuu

208 1850 324 1899 ornnes
346 1849 417 1897 una
440 1826 602 1894 absoluta
624 1827 800 1912 essentia,
826 1827 1116 1916 superrationale
1145 1834 1285 1899 estnec
1305 1827 1358 1897 nisi

208 1962 250 2009 ox
273 1934 487 2006 revelatione
511 1935 668 2004 derivari
698 1940 825 2025 potest.
847 1935 940 2004 Hinc
970 1935 1125 2005 vidimus
1155 1935 1195 2004 in
1225 1936 1359 2005 omnibu

208 2040 461 2114 tentemiuibus
474 2041 781 2111 demonstrationis
796 2064 968 2111 recessum
979 2063 1001 2109 a
1012 2042 1164 2131 genuino
1177 2066 1279 2114 seusu
1296 2043 1359 2132 dap

208 2151 312 2222 matis
334 2172 408 2220 esse
431 2150 468 2218 in
492 2149 627 2219 ratione
651 2151 887 2220 directarum
917 2151 1153 2221 abstractione
1176 2173 1199 2220 a
1227 2153 1359 2244 positiva

207 2259 444 2345 revelatione;
470 2279 509 2325 eo
532 2258 623 2326 euim
653 2258 766 2348 magis
789 2257 987 2327 deflectitur
1019 2279 1041 2325 a
1071 2281 1157 2328 vero
1189 2265 1357 2351 conceptu,

207 2392 275 2464 quo
298 2367 459 2437 strictius
490 2373 653 2436 servatur
682 2367 775 2463 quod
805 2367 1074 2457 praetenditur,
1109 2366 1357 2459 independentia

208 2477 343 2548 scilicet
366 2474 672 2544 demonstrationis
696 2496 717 2541 a
740 2475 895 2564 positiva
917 2475 1143 2545 revelatione.
1167 2475 1262 2545 Haec
1282 2473 1357 2544 inde

206 2581 394 2673 pendentia
409 2579 567 2649 infausta
590 2579 699 2648 maior
722 2585 777 2648 est
800 2602 904 2670 penes
920 2579 1141 2650 Gautherum
1158 2602 1260 2673 quam
1275 2598 1357 2672 penes

207 2689 361 2782 reliquos
378 2739 386 2773 ,
412 2688 453 2757 de
477 2688 605 2779 quibus
629 2687 765 2777 egimus
779 2712 787 2775 3
814 2688 890 2757 ideo
906 2688 1012 2758 etiem
1027 2688 1104 2758 eius
1120 2695 1302 2780 conceptus
1313 2706 1356 2756 sen

206 2797 408 2888 explicatio,
435 2797 518 2889 quid
542 2798 591 2866 sit
615 2797 802 2882 Trinitas,
835 2796 915 2888 pari
946 2797 1059 2886 gradu
1090 2803 1146 2867 est
1176 2819 1198 2865 a
1227 2797 1356 2868 veritato

206 2907 383 2977 remotior.

272 3014 435 3082 Affirmat
464 3012 544 3098 ille,
571 3034 749 3105 personam
773 3013 953 3099 divinam,
980 3019 1152 3106 quatenus
1183 3012 1356 3083 formaliter

205 3143 371 3215 personae
394 3125 478 3189 sunt
496 3120 709 3206 distinctae,
735 3143 804 3190 uon
827 3126 869 3191 ut
890 3120 1079 3190 relativum
1102 3119 1163 3190 sed
1179 3127 1221 3203 ut
1242 3119 1356 3189 absolu·

205 3239 280 3302 tum
304 3228 562 3319 concipiendam
586 3252 672 3299 esee.
691 3229 784 3299 Hinc
807 3229 920 3315 docet,
938 3259 954 3292 a
973 3229 1145 3299 unitatem
1163 3228 1356 3300 divinaena·

206 3347 308 3410 turae
331 3338 531 3405 nullatenus
554 3337 821 3429 intellipendam
846 3362 914 3406 esse
935 3362 1032 3406 sensa
1062 3341 1232 3406 marmarica
1263 3336 1356 3414 reali,

206 3449 265 3520 aed
289 3445 527 3517 tantummodo
543 3469 646 3515 seusu
664 3447 815 3532 formali,
831 3447 866 3516 h.
882 3470 913 3516 e.
930 3452 1105 3540 tamquam
1132 3444 1357 3538 triumprs'nci·

200 3559 341 3649 piorum
371 3555 519 3621 realium
557 3554 748 3621 absolutam
779 3556 980 3621 relationem
1010 3553 1057 3621 ad
1086 3557 1264 3622 latricem»
1294 3553 1357 3622 Pro

204 3665 304 3758 paed.
319 3663 371 3733 11.
385 3662 464 3732 298.
499 3661 590 3732 Sane
620 3662 712 3731 enim
746 3663 806 3756 qui
837 3683 1018 3753 personam
1048 3661 1085 3730 in
1115 3662 1189 3732 Deo
1219 3659 1358 3732 sieutin

205 3774 335 3844 creatis
358 3771 488 3841 statuit
509 3793 584 3841 esse
607 3770 832 3856 absolutum,
857 3770 1072 3841 admittendo
1095 3776 1169 3840 tres
1192 3771 1359 3840 lisanam

204 3903 369 3974 personas
401 3880 560 3949 admittit
591 3880 697 3948 atria
723 3881 898 3973 principia
926 3879 1086 3948 absoluta
1103 3908 1119 3941 n
1146 3879 1188 3966 (l.
1214 3903 1245 3949 c.
1265 3878 1359 3961 299.).

203 3990 343 4061 Pariter
383 3988 443 4081 qui
485 3996 651 4080 conceptu
685 3989 815 4079 partim
850 3987 941 4058 falso
979 3988 1108 4080 partim
1143 3987 1361 4080 inadaequato

203 4099 293 4188 (vid.
317 4098 436 4167 'l'ract
468 4096 509 4166 de
534 4096 732 4184 Incarnat.)
767 4097 919 4183 statuit,
946 4098 1090 4166 formam
1122 4117 1193 4189 qua
1216 4097 1360 4166 substa·

202 4208 256 4278 tia
288 4206 431 4295 integra
468 4204 664 4295 singularis
695 4203 924 4274 constituitur
954 4209 1123 4294 persona,
1155 4226 1231 4273 esse
1265 4221 1360 4272 acon·

202 4315 385 4386 scientiam
408 4313 498 4383 auin
525 4313 589 4396 ita,
615 4317 668 4396 ut,
695 4316 780 4403 quot
802 4311 875 4380 sint
897 4332 1082 4402 personae,
1107 4310 1255 4381 totidem
1276 4308 1359 4380 indu·

201 4427 328 4529 eantur
352 4420 542 4492 distinctae
565 4416 784 4489 substantiae
806 4419 1001 4505 absolutae,
1019 4423 1056 4487 et
1077 4416 1267 4488 distinctae
1290 4409 1358 4484 «eui
