3172 4950
667 350 705 364 -
726 316 786 380 309
807 351 845 366 -

211 421 288 492 solum
308 424 535 514 metaphorice
556 423 598 492 da
621 422 755 492 divinis
770 424 842 492 dici
865 427 1023 513 possunt.
1038 423 1138 492 Unde
1154 423 1189 491 in
1207 423 1273 493 hae
1290 425 1342 493 ul·

206 528 267 598 tina
285 529 445 620 analogia
469 553 536 597 nou
559 528 659 597 aliud
676 528 863 615 exhibetur
880 553 982 622 quam
999 530 1211 620 comparatio
1227 537 1263 598 et
1277 553 1342 599 me-

203 635 322 726 taphora
343 637 388 704 ad
412 636 607 705 iuvandum
630 637 849 706 intellectum
872 647 1031 706 nostrum
1063 662 1100 708 re
1123 639 1244 730 aliqua
1268 661 1344 707 sen·

199 744 297 830 nihili,
321 745 379 813 cui
403 745 626 835 metaphorae
649 747 860 836 supponitur
890 770 951 838 per
982 770 1018 816 se
1050 747 1279 837 propinquior
1309 753 1345 815 et

197 849 278 943 longe
297 853 494 944 expressior
518 853 617 945 (quia
640 853 854 944 spiritualis)
871 855 987 946 imago
1004 855 1067 924 SS.
1081 854 1271 923 Trinitatis
1287 874 1344 923 su-

196 962 283 1051 premi
306 962 456 1052 spiritus
479 963 585 1032 dueta
609 987 650 1032 ex
674 962 804 1054 spirit-u
828 971 955 1049 creato,
982 973 1024 1032 ut
1046 987 1088 1033 ex
1105 986 1145 1033 ea
1161 965 1344 1032 aseenden-

196 1066 295 1138 dumus
318 1070 362 1138 ad
386 1069 641 1140 distinctionem
665 1071 819 1163 aliquem
850 1071 1042 1140 ineffabilis
1072 1071 1236 1162 mysterii
1267 1093 1344 1140 eon·

197 1183 310 1268 ceptum
335 1177 399 1265 (1).
414 1176 469 1247 cf.
486 1177 523 1247 S.
544 1177 611 1246 Th.
627 1184 737 1248 contr.
754 1185 849 1268 gent.
866 1179 891 1248 l.
906 1179 971 1248 IV.
987 1203 1016 1248 e.
1034 1179 1090 1249 12.

243 1285 363 1376 ltaque
386 1291 462 1352 tum
486 1284 632 1353 Petrum
656 1284 805 1353 aliorum
829 1294 904 1355 tum
929 1287 1076 1355 maxime
1093 1287 1129 1355 S.
1144 1287 1342 1376 Augustini

197 1395 272 1459 etex
293 1391 501 1481 Augustino
524 1391 765 1480 theologorum
790 1392 1077 1483 subsequentium
1102 1392 1138 1461 S.
1158 1391 1341 1480 Anselmi,
1436 1469 1438 1472 Α

197 1495 446 1584 heinricorum,
457 1499 656 1585 Lombardi‚
670 1501 865 1569 Alexandri
881 1501 977 1585 Hal,
997 1501 1034 1570 S.
1047 1500 1209 1584 Thomas,
1228 1500 1264 1568 S.
1278 1500 1343 1568 Bo·

198 1614 389 1678 menturae
412 1614 479 1677 etc.
490 1607 670 1697 theologia
692 1607 912 1699 speculativa
930 1609 972 1676 de
989 1607 1166 1676 Trinitate
1184 1608 1257 1675 fere
1269 1611 1345 1674 tota

198 1710 339 1811 innititur
361 1715 539 1785 revelatae
562 1715 773 1806 processioni
797 1714 1033 1783 intellectuali
1056 1714 1165 1783 Verbi
1195 1720 1232 1784 et
1254 1735 1343 1781 amo·

198 1818 250 1906 ris,
271 1830 377 1914 prout
392 1831 577 1914 conceptus
593 1823 651 1893 hic
662 1822 920 1913 profundorum
935 1824 1003 1890 Dei
1018 1846 1039 1891 a
1063 1824 1200 1915 Spiritu
1217 1823 1344 1892 Sancto

198 1931 349 2000 revelante
373 1932 573 2023 propositus
603 1954 645 1999 eu
676 1930 841 2020 analogia
872 1932 1022 2021 spiritus
1053 1932 1164 2001 creati
1194 1954 1216 1999 a
1246 1933 1344 2001 nobis

198 2038 382 2127 apprehendi
405 2045 531 2130 potest.
551 2040 747 2109 Secundum
771 2040 912 2108 eandem
936 2040 1065 2132 quippe
1087 2040 1284 2130 analogiam
1309 2046 1345 2108 et

199 2139 267 2211 intra
292 2146 425 2214 limites
456 2146 667 2238 cognitionis
697 2147 901 2236 analogicae
932 2147 1089 2217 habendo
1121 2170 1202 2239 praa
1233 2147 1344 2217 oculis
1382 2222 1388 2234 ,

199 2252 344 2345 principia
366 2255 523 2325 revelata
546 2256 747 2325 intellectus
763 2255 1034 2325 intrinsecarum
1052 2256 1273 2343 relationum,
1293 2256 1344 2325 di·

232 2454 266 2530 (1)
282 2459 357 2514 Sunt
376 2461 451 2514 aliae
471 2477 527 2514 non
548 2477 653 2529 paneae
674 2462 920 2529 comparationes,
940 2463 1044 2528 quibus
1064 2462 1112 2515 SS.
1130 2463 1232 2514 Patres
1250 2462 1282 2515 in
1300 2470 1355 2516 01³

199 2546 326 2611 suenone
348 2552 482 2616 mysterii
508 2549 580 2624 (tide
603 2546 771 2624 supposita)
792 2555 922 2605 utuntur.
948 2554 981 2604 In
1006 2553 1134 2605 omuibus
1159 2567 1226 2605 vero
1246 2551 1343 2605 adten-

198 2629 312 2706 tentum,
333 2638 408 2706 qnod
426 2641 481 2693 PP.
496 2656 579 2708 saepe
596 2646 730 2709 monent,
752 2645 785 2694 ut
798 2643 971 2708 comparatio
991 2659 1047 2695 uon
1068 2645 1148 2696 ultra
1168 2654 1283 2710 scopum
1300 2657 1344 2695 ax·

199 2724 325 2795 tendatur,
347 2733 433 2797 atque
452 2729 504 2795 ita,
526 2730 575 2782 uhi
589 2747 613 2784 e.
626 2747 653 2796 g.
668 2733 759 2785 solum
780 2732 858 2796 origo
883 2734 969 2785 unius
987 2733 1022 2785 ab
1044 2735 1136 2785 altaro
1158 2737 1187 2784 et
1203 2731 1344 2787 realisdh

199 2815 291 2871 strato
312 2819 494 2886 declaratur,
517 2836 574 2873 non
598 2823 683 2874 etiam
704 2821 803 2875 modus
823 2823 885 2875 sive
895 2822 1017 2887 originis
1036 2818 1105 2877 sive,
1117 2822 1344 2877 distinetioniaa

198 2908 277 2960 unns
293 2909 327 2962 ad
352 2908 453 2963 divina
469 2909 672 2963 transferatur.
684 2910 854 2964 Huiusmodi
867 2911 1023 2964 Trinitatis
1044 2910 1170 2976 vestigia
1184 2915 1252 2964 snut
1265 2927 1344 2976 gene·

200 2985 259 3050 filiu
278 2999 308 3051 in
333 3000 410 3051 omni
430 3003 572 3065 ereatura,
589 2999 664 3066 qnod
684 3003 714 3052 et
735 3009 773 3051 eet
796 3005 825 3053 et
846 3017 873 3052 se
894 3002 1060 3068 manifestat
1080 3007 1108 3054 et
1130 3003 1208 3055 iuter
1228 3017 1289 3054 esse
1312 3018 1344 3055 ac

200 3088 420 3142 unitastationes
439 3091 501 3142 eius
526 3095 571 3142 est
586 3090 736 3142 hannonie
746 3110 755 3153 ,·
775 3106 824 3143 seu
847 3095 880 3144 ut
898 3092 1078 3156 Augustinus
1090 3089 1184 3165 (Triu.
1200 3092 1342 3145 vr.e.10.

199 3174 272 3246 nn.)
289 3178 340 3231 hoc
358 3178 505 3245 exprimit:
525 3179 647 3232 «omnia
660 3195 732 3246 quae
752 3183 814 3232 arta
838 3180 940 3232 divina
962 3181 1038 3233 iacta
1059 3185 1136 3247 sunt,
1159 3181 1345 3234 eternitatem

201 3266 313 3325 eumdem
333 3267 364 3319 in
385 3283 415 3319 se
435 3266 601 3332 ostendunt,
614 3271 644 3319 et
656 3269 779 3334 speeiem,
795 3274 825 3322 et
844 3269 994 3320 ordinem»
1011 3274 1064 3321 etc.
1078 3268 1221 3335 Speeiales
1243 3269 1343 3322 simili·

202 3349 291 3408 hanes
312 3355 388 3423 apud
407 3356 509 3409 Patres
529 3361 616 3409 sunt:
639 3372 695 3410 uua
716 3373 790 3425 aqua
810 3357 961 3409 secuudum
982 3356 1124 3424 triplicem
1152 3357 1261 3411 modum
1285 3358 1343 3412 exi·

202 3440 528 3514 monimentumque,
551 3447 640 3515 fonte,
653 3447 757 3514 flurio;
780 3464 838 3500 uua
861 3453 966 3500 natura
987 3449 1018 3499 in
1041 3447 1146 3514 radice,
1171 3454 1279 3513 trunco,
1301 3463 1344 3501 ra·

202 3538 281 3588 'trum
301 3552 423 3602 corona;
447 3536 532 3590 iridis
560 3538 657 3603 fulgor
679 3538 711 3590 in
740 3536 926 3593 distinctione
951 3539 1073 3590 colorum
1094 3536 1180 3589 unius
1201 3537 1340 3590 lucisatc.

202 3613 251 3676 lide
267 3626 361 3681 Didae.
374 3626 448 3679 Ruiz
460 3626 535 3694 disp.
546 3627 592 3679 44.

238 3711 373 3772 Postrema
392 3717 461 3770 haec
472 3733 507 3770 ex
517 3717 592 3770 iride
603 3717 763 3771 similitudo
783 3735 799 3771 a
814 3718 842 3771 S.
858 3719 968 3771 Basilia
982 3716 1114 3770 adhibita
1131 3733 1175 3784 ap.
1186 3716 1231 3769 38.
1244 3717 1283 3770 al.
1295 3716 1341 3770 48.

205 3807 226 3848 ¹·
233 3797 252 3854 5.
262 3802 354 3873 (stiam
368 3808 448 3860 luter
457 3808 528 3875 Opp.
540 3808 671 3872 Gregorii
681 3808 842 3873 nyssena.
855 3810 894 3861 ΙΙ.
907 3825 935 3876 p.
946 3806 1024 3878 466.)
1035 3806 1182 3872 magnifica
1192 3806 1344 3862 illustrata

206 3891 259 3944 nte
274 3895 359 3952 Dante
383 3898 533 3964 Aligherio
552 3896 655 3952 Parad.
668 3898 750 3951 (lant.
762 3900 807 3951 33.
821 3915 848 3951 v.
864 3899 924 3951 115.
938 3915 1002 3966 sqq.

387 3987 473 4040 Nella
494 3988 663 4055 profundae
682 3988 781 4042 chiara
799 3990 977 4043 suasistenza

422 4079 568 4132 Dell'alto
591 4080 684 4144 lune,
706 4079 848 4145 perveni,
872 4084 914 4133 tre
934 4079 992 4144 girl

422 4170 459 4223 Di
480 4174 524 4223 tre
537 4171 626 4223 colori
644 4187 658 4224 e
678 4171 704 4223 d'
716 4185 773 4224 nna
794 4170 982 4234 coutinenaa;

387 4258 411 4311 E
430 4260 498 4313 l'uu
518 4259 587 4314 dall'
598 4263 692 4335 altro,
714 4277 789 4315 come
806 4263 848 4314 Iri
869 4261 905 4315 da
927 4261 984 4326 Iri,

390 4420 393 4425 ᾗ
423 4349 659 4421 Parca-reflesso,
683 4354 732 4405 e‘l
753 4356 830 4406 terzo
853 4366 939 4419 parea
960 4350 1040 4403 inoeo

308 4496 309 4500 ,
423 4438 480 4494 ohe
500 4440 597 4509 quinci
617 4457 632 4494 e
651 4441 753 4510 quindi
779 4443 953 4507 igualmante
974 4440 1000 4492 ai
1022 4437 1105 4506 spiri.
