3180 4944
358 700 500 769 Baptismi
517 700 609 754 torma
627 699 821 769 compendium
839 699 906 754 ildei
925 699 958 753 ds
977 701 1036 755 Deo
1053 715 1109 754 uno
1128 705 1158 754 et
1176 700 1265 753 trino.
1279 700 1324 753 18.
1336 701 1484 767 Bsptisari
1499 701 1525 752 in

430 794 541 846 nomino
557 791 626 859 quid
646 791 801 858 signideet.
817 792 860 845 18.
874 791 1039 860 Baptismus
1058 791 1091 844 iu
1109 791 1223 844 nomine
1242 790 1366 843 01551511.
1378 790 1425 842 20.

929 979 953 1039 (i

357 1151 530 1206 0511551515
550 1167 605 1219 quo
623 1152 717 1220 pretio
736 1150 877 1205 habenda.
890 1151 953 1205 295.
967 1154 1047 1205 5515.
1058 1165 1096 1204 55
1114 1151 1146 1202 15
1164 1165 1199 1202 55
1223 1147 1409 1202 eontinentur
1427 1151 1527 1212 myste-

428 1243 503 1295 rium
521 1241 687 1296 Trinitatis.
708 1241 749 1294 ib.

356 1329 601 1384 Otrouminsessio.
617 1331 680 1383 217.
706 1346 742 1384 55
761 1328 949 1383 1558515515
968 1343 1153 1396 personarum
1171 1327 1377 1379 immensitate.
1396 1324 1460 1378 225.
1471 1324 1527 1377 015-

428 1419 481 1471 5151
500 1418 533 1471 ds
552 1419 818 1472 eirouminsessione
840 1416 966 1473 absurda
990 1415 1212 1471 animadversio.
1230 1414 1294 1467 228.
1318 1413 1364 1467 An
1382 1413 1527 1467 (11855515

426 1509 738 1563 consubstantialitate.
753 1510 817 1562 229.

354 1594 587 1664 0555555115555
605 1597 741 1651 Patribus
760 1596 886 1650 55115155
905 1593 941 1650 ad
961 1594 1160 1664 explicandum
1179 1592 1350 1660 mysterium
1369 1591 1525 1647 8875151·

426 1687 509 1738 tatis.
519 1686 581 1738 209.
596 1689 675 1739 5515.

354 1772 574 1828 055555555115
593 1778 623 1828 51
640 1774 855 1828 subnumoratio
874 1773 1010 1841 quomodo
1024 1771 1230 1838 distinguenda
1249 1770 1301 1825 sit.
1322 1770 1524 1835 02ς5ιο515555

426 1878 483 1916 non
502 1865 818 1917 55555555551551155
838 1861 888 1916 sed
912 1863 1165 1917 subnnmerantur.
1186 1861 1226 1913 ib.
1247 1860 1325 1913 Deus
1348 1864 1378 1913 et
1402 1864 1526 1914 ereatura

427 1966 580 2019 numqusm
593 1953 623 2005 in
643 1952 801 2020 seripturis
820 1951 1053 2007 dicunturunum
1073 1950 1255 2018 simpliciter.
1267 1949 1315 2002 84.

354 2039 535 2095 Consortium
554 2041 671 2096 diuinae
689 2046 809 2095 naturae
832 2040 902 2109 qnid
926 2043 966 2095 sit
979 2046 1009 2094 et
1029 2041 1099 2109 quid
1120 2039 1424 2108 importuosum.

354 2128 652 2185 Oousubstantislitas
666 2130 803 2198 quomodo
814 2129 928 2186 differat
942 2129 1321 2185 55155551555551555.228.
1336 2128 1524 2200 5115555555.

353 2218 383 2274 8.
398 2219 561 2289 Cyprianus
580 2236 617 2273 an
636 2224 747 2274 textum
767 2222 793 2274 1.
808 2223 850 2276 Io.
865 2223 900 2276 V.
916 2221 943 2274 7.
957 2221 1103 2276 citaverit.
1117 2219 1163 2273 54.

926 2411 954 2470 D

354 2578 544 2632 Danasoenus
564 2592 621 2646 quo
639 2592 725 2632 sensu
749 2579 902 2644 negaverit
926 2577 1067 2646 Spiritum
1091 2577 1228 2632 Senatum
1252 2574 1404 2645 proaedere
1430 2589 1463 2629 ex
1481 2573 1523 2626 11-

425 2667 630 2736 1154951555
649 2684 723 2722 unus
742 2671 806 2735 551,
828 2670 879 2735 qui
897 2669 941 2722 ita
960 2668 1001 2723 sit
1018 2669 1155 2736 loquutus
1174 2669 1242 2720 5515
1260 2666 1407 2719 Plotium.
1421 2663 1481 2717 527.

354 2756 569 2811 Demonstratio
587 2772 662 2812 mere
681 2757 880 2825 philosophica
904 2757 1037 2825 mysterii
1063 2756 1112 2812 88.
1130 2756 1288 2811 Trinitatis
1315 2755 1379 2808 deri
1401 2769 1457 2807 non
1480 2765 1522 2818 po·

424 2848 492 2898 test.
504 2847 567 2899 271.
578 2846 603 2898 Δ
621 2847 775 2914 posteriori
793 2845 1027 2900 demonstrantur
1044 2846 1176 2899 sbsoluta
1194 2845 1257 2912 Dei,
1272 2860 1331 2899 non
1344 2846 1438 2896 sutem
1456 2840 1522 2894 rela-

423 2935 497 2988 1155.
510 2936 573 2988 252.
586 2935 648 2989 265.
658 2936 702 2989 Ab
721 2938 863 2990 absolutis
876 2937 1069 2991 demonstrari
1082 2937 1229 3004 nequeunt
1241 2935 1380 2988 relativa.
1392 2930 1453 2984 288.
1466 2930 1521 2983 1155

423 3027 515 3079 solum
525 3026 691 3092 existentia,
703 3024 753 3080 ssd
763 3026 849 3081 etiam
859 3026 1041 3094 possibilites
1055 3024 1104 3080 88.
1117 3024 1272 3079 Trinitatis
1287 3038 1344 3077 non
1357 3027 1404 3077 551
1417 3023 1522 3078 ratione

423 3113 668 3169 demonstrabilis.
683 3116 746 3170 289.
857 3150 859 3156 ·

351 3202 427 3256 Dens
447 3209 566 3269 generat
583 3206 671 3259 Deum
691 3220 747 3273 quo
765 3220 851 3260 sensu
870 3206 1022 3260 uerissime
1041 3203 1163 3260 ditatur.
1177 3204 1223 3256 88.

351 3292 414 3345 Dioi
434 3298 590 3361 usurpetur
609 3295 774 3363 dupliciter.
787 3296 851 3348 412.
869 3299 948 3350 5515.
965 3294 1029 3349 Diei
1048 3294 1084 3347 ad
1101 3309 1131 3348 se
1150 3291 1220 3360 quid
1237 3289 1394 3356 mgnffleet.
1413 3288 1520 3343 881155

420 3397 559 3449 personae
577 3383 695 3438 diuinae
713 3383 848 3439 dieantur
867 3384 902 3438 ad
922 3385 1013 3440 se.ib.

350 3468 445 3525 815115
464 3471 500 3524 sd
519 3472 609 3526 intra.
624 3473 688 3527 888.

348 3559 478 3625 Diligeris
497 3563 527 3613 51
545 3563 656 3630 spirsre
676 3563 812 3630 quomodo
832 3561 1062 3628 distinguantur.
1077 3559 1140 3613 408.

348 3647 517 3715 Dogmatum
537 3648 642 3719 duplex
662 3651 869 3719 distinguenda
887 3651 1046 3721 propositio
1066 3645 1386 3718 5155558155115.155.

921 3841 947 3899 Ε

347 4009 490 4063 855155155
510 4023 611 4063 munus
631 4009 811 4064 custodiendi
829 4007 1033 4063 infallibiliter
1051 4006 1215 4074 Seripturss
1229 4002 1300 4072 quid
1319 4002 1465 4070 importet.
1476 3998 1517 4054 99.

347 4097 523 4163 8515551555
542 4097 683 4153 decretum
703 4098 736 4153 de
756 4100 816 4154 alia
833 4098 888 4153 ilde
906 4114 962 4153 nou
982 4096 1129 4153 eoudenda
1146 4094 1217 4164 quid
1236 4090 1469 4149 515155111541.

347 4185 417 4239 8555
435 4186 480 4251 ad,
496 4186 566 4241 8555
579 4189 621 4243 in.
637 4190 701 4244 888.

345 4275 480 4329 85555115
501 4278 571 4343 qnid
591 4279 743 4345 signifloet.
759 4281 803 4334 15.

345 4363 481 4417 85555115
495 4364 548 4417 Dei
568 4381 623 4433 quo
642 4383 727 4422 sensu
747 4368 806 4436 511,
828 4373 859 4424 51
881 4383 936 4437 qno
955 4382 1043 4422 seusu
1063 4366 1182 4421 555511
1206 4362 1376 4421 indiuidua.
1393 4361 1457 4417 848.
1476 4359 1518 4413 sn

413 4453 489 4507 ratio
500 4453 630 4512 formalis
640 4459 783 4514 essentiae
796 4459 914 4513 divinae
924 4456 1058 4515 inoludat
1068 4457 1210 4512 rationem
1220 4467 1372 4525 personae.
1384 4452 1447 4509 207.
1459 4448 1517 4503 248·
