3172 4950
883 345 921 360 ..
943 312 1003 374 554
1024 344 1062 359 ..

379 443 464 491 sons
490 420 547 491 vel
572 418 716 510 speciali
740 418 839 487 modo
863 439 1028 507 praesens
1050 416 1314 501 manifestatur,
1341 416 1397 487 vel
1411 416 1521 507 speoirli

380 529 479 598 modo
502 526 743 616 coniungitur.
757 524 841 594 Dixi
866 526 1012 614 speciali
1035 524 1131 591 modo
1147 546 1298 616 persona
1313 545 1523 616 praesensma·
1577 570 1579 575 -

379 638 573 706 nifestatur
601 634 657 703 vel
687 633 915 723 coniungitur
936 640 1130 703 creaturae.
1145 633 1236 702 Nam
1253 633 1377 702 missio
1393 633 1524 703 sioutdo

380 744 478 812 natio
501 763 667 833 personae
690 741 833 810 divinae
857 742 1047 811 secundum
1070 726 1229 833 linguam
1261 748 1418 812 sanctam
1439 742 1525 830 Scrip·

380 856 482 919 turae
506 855 542 917 et
563 848 709 916 Petrum
732 870 837 916 sensu
859 847 984 915 saltem
1015 848 1131 937 magis
1153 848 1296 939 proprio
1327 872 1397 918 non
1423 847 1526 919 dicitur

380 956 452 1024 nisi
474 957 519 1024 ad
544 954 810 1021 interdicendum
832 961 868 1023 et
897 953 1099 1022 manendum
1127 955 1164 1024 in
1194 963 1362 1026 creatura
1386 951 1526 1045 (evemus.

379 1086 454 1150 μονη
475 1064 527 1131 Io.
540 1061 639 1130 XIV.
655 1060 711 1128 16.
729 1060 800 1148 23.;
824 1060 1138 1148 1.00r.111.16.;
1159 1060 1316 1151 VI.19.;
1339 1063 1373 1132 2.
1396 1061 1526 1131 Conll.

384 1173 438 1241 16.
454 1174 551 1255 eto).
571 1169 791 1237 inhabitatio
814 1174 932 1238 autem
955 1169 1041 1239 haee
1064 1175 1119 1239 eat
1141 1169 1207 1238 Dei
1228 1171 1385 1240 amantis
1399 1176 1434 1241 et
1447 1170 1528 1238 amoti

382 1280 420 1349 in
432 1275 750 1370 supernaturaliter
765 1282 880 1344 amato
894 1283 931 1346 ct
947 1283 1098 1345 amante.
1113 1276 1213 1346 Unde
1226 1278 1349 1346 missio
1361 1277 1465 1347 omnis
1477 1300 1529 1367 per·

383 1409 486 1456 sonae
510 1384 652 1454 divinae
675 1382 799 1451 saltem
823 1385 977 1453 ordinem
1001 1383 1107 1453 habet
1136 1382 1182 1451 ad
1212 1383 1304 1455 hanc
1335 1383 1532 1453 inhabitatio

381 1517 458 1563 nem
478 1499 515 1562 et
530 1489 831 1581 supernaturalem
849 1489 1171 1559 sanctificationem.
1186 1489 1254 1558 Sed
1270 1490 1313 1559 de
1329 1491 1443 1561 haere
1453 1489 1533 1580 paulo

385 1607 465 1692 post
488 1600 654 1669 dicemus.

450 1708 505 1775 Ex
529 1707 586 1775 his
609 1705 846 1797 consequitur,
866 1704 1188 1774 1·.fun‹1amentum
1204 1705 1384 1774 missionis
1398 1728 1469 1775 esse
1481 1703 1535 1797 qui·

383 1818 458 1885 dem
482 1821 660 1884 aeternum
684 1820 720 1882 et
742 1811 999 1896 necessarium,
1026 1812 1222 1882 missionem
1246 1837 1332 1884 vero
1348 1814 1458 1904 ipsam
1478 1811 1536 1881 fieri

383 1924 422 1990 iu
445 1930 595 2012 tempore
618 1929 654 1990 et
677 1943 751 1989 csse
774 1919 919 1987 liberam
942 1918 1106 1989 libertate
1136 1919 1259 2012 utique
1280 1921 1389 1989 unius
1419 1940 1537 1988 numero

385 2028 578 2098 voluntatis
602 2029 638 2095 iu
662 2048 807 2117 persona
831 2026 990 2095 mittente
1007 2032 1043 2094 et
1058 2028 1163 2094 missa
1180 2028 1240 2113 (cf.
1262 2026 1299 2094 S.
1316 2026 1386 2095 Th.
1400 2028 1432 2095 1.
1446 2026 1530 2118 qia.

384 2160 418 2206 a.
434 2137 499 2223 2.);
517 2136 561 2202 2:
589 2133 699 2203 latius
723 2140 866 2224 patere,
899 2134 989 2225 quod
1021 2155 1187 2223 personae
1217 2133 1364 2204 divinae
1394 2135 1539 2204 dieuntu

387 2245 508 2316 venire
532 2243 590 2312 vel
614 2241 690 2311 dari
716 2247 920 2324 creaturae,
947 2263 1049 2332 quam
1074 2240 1163 2332 quod
1179 2240 1350 2311 dicuntur
1367 2242 1474 2311 mitti.
1492 2242 1539 2310 Vc

384 2353 462 2421 nire
486 2350 577 2418 enim
601 2355 636 2418 et
659 2348 738 2416 dari
761 2347 831 2416 dici
855 2351 969 2436 potest
997 2346 1185 2414 secundum
1216 2345 1371 2438 aliquem
1398 2349 1539 2418 offeotuu

384 2466 449 2528 aut
471 2457 614 2549 aliquod
638 2454 813 2524 charisma
835 2455 930 2523 Deus
953 2453 1110 2522 absolute
1134 2459 1314 2543 spectatus
1336 2460 1402 2524 aut
1417 2454 1541 2547 quaeris

383 2587 531 2658 persona
555 2563 677 2633 divina
700 2563 830 2653 absque
853 2567 1013 2651 respectu
1037 2561 1081 2629 ed
1104 2561 1358 2650 processionem
1390 2585 1413 2630 a
1433 2560 1541 2653 prinoi-

383 2676 465 2765 pi0;
491 2679 531 2741 at
554 2671 650 2740 mitti
668 2692 737 2737 non
761 2669 980 2758 intelligitur
1002 2692 1045 2737 ex
1069 2668 1175 2738 dictis
1204 2668 1276 2737 nisi
1303 2692 1455 2760 persona
1482 2692 1541 2761 pro·

385 2783 508 2853 cedens
523 2781 567 2849 ab
582 2780 708 2863 altera,
728 2801 816 2869 quac
840 2778 954 2847 mittit
971 2777 1034 2865 (1).
1057 2778 1150 2867 Lege
1163 2777 1294 2847 Suarez
1320 2778 1346 2846 l.
1368 2780 1454 2848 XII.
1475 2803 1501 2848 o.
1515 2778 1540 2845 l.

385 2896 421 2959 et
443 2886 788 2976 3.;Petsv.1.V111.
811 2908 841 2953 c.
859 2887 891 2952 1.
908 2884 959 2952 Dc
982 2884 1119 2953 ratione
1134 2934 1142 2968 ,
1169 2906 1239 2977 qua
1261 2885 1359 2955 Deus
1383 2887 1499 2954 venire
1516 2890 1543 2952 et

384 2998 560 3068 discedere
584 2995 728 3079 dicitur,
753 2994 890 3082 egimus
914 2993 951 3061 in
969 2992 1141 3062 Tractatu
1158 2992 1200 3062 de
1215 2994 1300 3062 Deo.
1327 2994 1542 3088 Consequitur

385 3105 435 3173 3¹⁶.
458 3129 499 3172 ex
524 3103 642 3186 dictis,
670 3102 867 3170 missionem
891 3121 1059 3190 personae
1083 3099 1225 3169 divinae
1253 3121 1324 3168 non
1342 3124 1419 3172 esse
1434 3099 1543 3171 nisiod

386 3219 585 3280 creaturam
609 3208 839 3293 rationalem,
860 3215 896 3276 et
918 3231 985 3276 non
1002 3206 1072 3275 nisi
1089 3206 1278 3278 secundum
1294 3211 1445 3280 effectus
1458 3217 1544 3302 atque

386 3321 424 3388 in
448 3319 568 3388 ordine
592 3319 636 3387 ad
658 3319 807 3386 effoetus
831 3314 1130 3407 supernaturales.

451 3427 500 3494 H.
519 3427 694 3510 Diximus,
720 3444 886 3514 personae
902 3422 1098 3491 missionem
1115 3444 1190 3490 esse
1206 3423 1265 3492 vel
1280 3446 1345 3513 per
1360 3425 1543 3494 manifesta·

386 3536 514 3606 tionem
539 3533 756 3625 praesentiae
782 3532 838 3601 vel
862 3555 924 3621 per
955 3530 1141 3621 specialem
1172 3532 1453 3603 coniunctionem
1481 3555 1543 3602 cum

386 3642 616 3713 creatura.In
640 3640 705 3708 hoc
728 3639 803 3730 ipso
829 3639 985 3707 indicata
1007 3644 1060 3707 est
1088 3636 1272 3707 distinctio
1303 3639 1460 3732 duplicis
1481 3639 1546 3708 mis·

386 3750 495 3818 sionis
518 3747 672 3817 visibilis
696 3745 831 3815 scilicet
853 3752 891 3815 et
906 3744 1112 3813 invisibilis.

453 3856 573 3926 Missio
597 3856 716 3948 itaque
739 3853 894 3952 visibilis
917 3858 995 3938 est,
1021 3852 1159 3944 quando
1173 3875 1325 3944 persona
1348 3855 1473 3926 divina
1485 3875 1547 3945 pro

456 4038 498 4110 (1)
516 4038 603 4092 Aliud
624 4041 677 4103 cst,
699 4037 813 4105 quando
837 4037 932 4090 Filius
951 4038 1045 4090 faetus
1072 4036 1153 4090 homo
1172 4037 1326 4092 diciturin
1341 4039 1500 4107 Scripturis
1516 4052 1549 4089 se·

385 4127 506 4183 cundum
527 4129 677 4182 humanam
697 4131 828 4180 naturam
850 4126 928 4179 mitti
947 4141 964 4177 a
985 4124 1097 4192 Spiritu
1119 4126 1222 4180 Sancto
1247 4127 1283 4180 ad
1303 4128 1427 4197 aliquod
1454 4142 1549 4191 nunus,

387 4221 433 4272 vel
445 4221 546 4272 Patres
560 4216 728 4286 quandoque
749 4217 833 4271 etism
847 4217 947 4271 dicunt
957 4230 1019 4269 oum
1030 4215 1109 4269 mitti
1122 4232 1139 4269 a
1151 4215 1199 4270 SS.
1210 4216 1358 4273 Trinitate
1376 4223 1408 4272 ot
1422 4237 1440 4273 a
1452 4235 1480 4272 se
1489 4219 1549 4285 ipso,

386 4308 462 4377 quod
481 4308 626 4374 videlieet,
650 4311 792 4374 quatenus
809 4308 885 4361 Deus
904 4308 958 4371 est,
983 4305 1077 4358 mittit
1095 4321 1126 4358 se
1147 4305 1242 4374 ipsum
1261 4309 1296 4359 ut
1314 4307 1472 4362 hominem.
1492 4303 1551 4360 vito

386 4413 474 4466 supra
494 4414 522 4465 p.
534 4396 598 4451 457.
610 4411 675 4464 sqq.
690 4400 719 4450 ot
732 4396 768 4450 ol.
783 4396 877 4450 Traot.
893 4393 927 4449 da
941 4395 1087 4448 Incaruat.
1103 4395 1146 4449 th.
1161 4395 1274 4450 xtuli.
