3172 4950
664 354 702 372 ..
723 324 785 385 339
805 356 843 373 .-

190 426 262 522 quod
282 425 410 497 relatio
432 433 487 496 est
508 426 689 514 accidens,
715 428 857 498 termini
880 437 999 499 mutuo
1022 430 1197 502 referendi
1220 454 1343 524 suppo·

190 543 306 606 nuntnr
321 536 416 605 inter
440 558 476 605 se
492 536 652 605 distincti
675 559 737 627 per
756 537 937 625 absoluta;
958 538 994 606 in
1011 538 1084 607 Deo
1102 549 1243 627 eontra,
1262 543 1346 635 quia

190 636 295 715 mitio
317 650 372 713 est
387 645 599 728 substantia,
619 645 745 714 relatio
767 645 845 736 ipsa
860 653 914 716 est
928 648 1112 733 terminus,
1131 649 1191 740 qui
1208 671 1244 719 se
1267 650 1344 740 ipso

190 750 276 820 babet
289 752 444 822 ordinem
460 752 683 838 adulterum,
703 753 778 824 sive
794 777 830 823 se
847 755 922 845 ipso
938 757 1105 840 refertur,
1126 762 1162 824 et
1177 757 1271 848 quia,
1290 758 1345 825 ab·

190 859 321 928 solutum
337 859 375 927 in
395 859 466 927 Deo
489 859 627 928 omnino
652 883 758 928 unum
781 867 848 945 est,
874 861 1017 930 termini
1033 863 1097 930 sub
1113 862 1188 929 sola
1203 864 1344 932 formali

190 966 306 1037 tutione
337 966 546 1035 relationum
572 967 858 1036 substantialium
883 968 1153 1057 distinguuntur
1176 969 1270 1040 inter
1292 993 1340 1040 ss.

239 1075 438 1145 Doctrinanr
462 1075 631 1143 haetenus
654 1074 847 1165 expositam
870 1075 912 1144 de
939 1068 1231 1147 substantialibus
1254 1078 1342 1147 rela-

190 1182 323 1255 tionibus
335 1182 469 1253 divinis
480 1188 518 1250 et
533 1181 575 1250 de
591 1181 689 1250 modo
705 1183 947 1252 considerandi
966 1184 1155 1254 seeundum
1172 1208 1239 1253 esse
1254 1188 1292 1251 in
1308 1192 1345 1256 et

189 1314 242 1361 use
259 1290 305 1358 ud
327 1288 559 1359 disertissime
574 1290 688 1358 tradit
710 1289 747 1358 S.
764 1290 914 1359 Thomas
932 1290 964 1360 l.
983 1317 1018 1384 q.
1035 1291 1091 1360 28.
1106 1313 1139 1361 a.
1154 1293 1188 1380 2;
1204 1294 1340 1363 Potent.

189 1424 215 1495 q.
227 1400 256 1469 8.
269 1422 303 1469 a.
317 1401 367 1486 2.;
383 1401 416 1468 1.
431 1399 515 1467 dist.
531 1398 586 1466 33.
603 1423 636 1489 q.
652 1397 684 1467 1.
700 1420 733 1467 a.
749 1399 781 1468 1.
797 1400 1000 1469 Describam
1015 1401 1123 1469 verbs
1144 1401 1186 1471 ds
1201 1401 1339 1471 Potent.

189 1506 244 1578 be.
259 1536 274 1572 a
288 1507 477 1597 Supposito
500 1505 591 1596 qnod
614 1505 803 1574 relationes
825 1506 862 1575 in
886 1507 1019 1575 divinis
1045 1508 1130 1592 sint,
1159 1509 1202 1578 de
1229 1531 1342 1578 neees-

189 1615 276 1687 ritate
298 1622 434 1706 oportet
456 1614 582 1698 disere,
610 1613 700 1705 quod
724 1613 797 1682 sint
819 1615 971 1684 essentia
987 1614 1122 1699 divina,
1140 1615 1231 1684 alias
1245 1639 1341 1707 opor·

189 1730 264 1795 teret
283 1745 410 1815 ponere
440 1721 719 1812 compositionem
743 1721 780 1790 in
803 1723 887 1807 Deo,
913 1729 950 1792 et
973 1723 1062 1815 quod
1094 1723 1282 1794 relationes
1306 1723 1344 1794 in

189 1830 303 1903 divinis
325 1837 441 1900 essent
462 1829 669 1914 accidentia,
695 1829 778 1921 quia
807 1829 918 1898 omnis
940 1853 996 1899 res
1019 1829 1205 1900 inhaerens
1235 1830 1344 1901 alicui

189 1948 308 2033 prester
318 1962 417 2010 suam
431 1940 662 2009 substantiam
676 1945 730 2008 est
740 1930 912 2025 aecidens;
931 1944 1107 2029 oporteret
1119 1940 1239 2023 etiam,
1254 1939 1345 2033 quod

189 2046 291 2141 dique
311 2071 368 2118 res
390 2055 482 2117 esset
504 2053 657 2130 aeterna,
684 2068 772 2138 quae
794 2069 870 2114 non.
885 2045 955 2115 erit
984 2047 1185 2115 substantie
1207 2046 1341 2133 divina;

190 2178 261 2253 quse
273 2158 387 2226 omnia
403 2163 487 2225 sunt
502 2154 691 2223 haeretica.
709 2153 767 2223 Ad
783 2154 889 2222 huius
901 2176 985 2243 ergo
1004 2154 1218 2224 evidentiam
1234 2155 1344 2224 soien-

191 2264 256 2337 lum
274 2275 352 2351 sst¹
378 2265 469 2358 quod
492 2263 585 2333 inter
616 2285 738 2332 novem
768 2281 898 2352 genera
921 2285 1008 2355 quae
1032 2264 1256 2334 eontinentur
1279 2265 1345 2334 sub

191 2373 442 2460 toeidentetl),
477 2372 645 2463 quaedam
676 2369 924 2460 significantur
959 2372 1147 2441 seeundum
1173 2372 1344 2440 rationem

192 2481 381 2552 stridentis:
399 2480 491 2549 ratio
506 2479 597 2548 enim
618 2477 809 2548 accidentis
824 2486 878 2548 est
893 2479 1018 2563 inesse,
1036 2485 1073 2547 et
1094 2479 1171 2548 ideo
1187 2478 1252 2547 illa
1267 2477 1345 2548 dieo

193 2589 371 2680 rignifloare
404 2611 466 2679 per
500 2587 638 2656 modum
662 2586 873 2671 accidentis,
900 2608 988 2679 qnae
1023 2587 1270 2678 significantur
1304 2591 1345 2656 ut

194 2694 391 2767 inhaerentia
413 2694 531 2778 alteri,
550 2693 642 2763 siout
657 2693 840 2785 quantitas
855 2700 890 2763 et
903 2694 1057 2786 qualitas
1130 2693 1189 2761 Ad
1205 2694 1346 2787 aliquid

195 2825 259 2874 mro
279 2803 471 2894 (sategeris
493 2824 565 2891 πρες
590 2822 616 2864 τι
643 2822 704 2868 seu
727 2800 925 2885 relationis)
945 2824 1016 2869 uon
1048 2800 1271 2889 significatur
1294 2822 1345 2870 se·

196 2913 320 2983 turdum
342 2912 513 2982 rationem
536 2909 747 2996 accidentis;
774 2932 842 2978 nou
865 2910 957 2978 enim
980 2909 1203 3000 significatur
1224 2915 1265 2978 ut
1279 2907 1344 2978 ali·

196 3020 260 3111 quid
279 3023 353 3091 eius
376 3020 505 3112 inquo
528 3024 592 3102 est,
619 3018 679 3087 sed
703 3024 745 3087 ut
767 3019 812 3087 ad
835 3017 872 3087 id
896 3017 986 3111 quod
1008 3024 1112 3086 extra
1134 3023 1230 3088 est...
1244 3016 1345 3087 Unde

197 3128 310 3223 quidam
334 3128 558 3198 attendentes
580 3125 717 3194 modum
742 3125 966 3216 significandi
990 3125 1028 3194 in
1055 3125 1229 3211 relativis,
1247 3125 1344 3195 dixe·

196 3243 260 3306 nrt
278 3260 319 3307 ea
340 3261 409 3306 non
431 3257 505 3304 esse
527 3234 749 3303 inhaerentia
777 3233 999 3318 substantiis,
1018 3234 1154 3304 seilicet
1176 3234 1278 3327 quasi
1294 3233 1346 3303 eis

198 3344 386 3428 mittentia,
402 3343 484 3436 quia
495 3341 742 3433 significantur
754 3349 797 3411 ut
811 3343 981 3433 quoddam
997 3342 1145 3411 medium
1158 3342 1252 3412 inter
1265 3343 1346 3412 sub·

197 3455 337 3524 mutiam
353 3474 441 3545 quae
455 3453 623 3535 refertur,
641 3456 678 3520 et
694 3449 787 3519 idad
801 3451 891 3542 quod
906 3451 1072 3520 refertur.
1090 3449 1139 3520 Et
1154 3473 1196 3521 ex
1213 3450 1279 3520 hoo
1295 3473 1345 3521 so·

197 3562 355 3651 petetur,
374 3561 466 3652 qnod
482 3559 519 3627 in
535 3560 639 3627 rebus
654 3559 782 3627 creatis
798 3558 986 3628 relationes
1005 3581 1073 3629 non
1090 3565 1173 3626 sunt
1188 3557 1345 3627 aooiden·

194 3663 242 3753 tls,
256 3669 337 3763 quia
352 3667 545 3738 accidentis
561 3673 697 3736 esseest
712 3669 829 3735 inesse.
847 3667 947 3736 Unde
970 3666 1075 3738 etiam
1092 3664 1232 3757 quidam
1249 3664 1345 3732 theo·

191 3768 248 3869 tegi
268 3776 405 3848 soilieet
427 3774 611 3843 Porretani
635 3774 834 3843 huiusmodi
851 3774 1045 3865 opinionem
1062 3794 1170 3865 usque
1186 3772 1230 3842 ad
1254 3772 1346 3843 divi-

188 3902 253 3955 um
266 3885 470 3956 relationem
492 3882 725 3952 extenderunt
741 3883 906 3966 dieentes,
926 3881 1117 3951 relationes
1133 3903 1202 3983 upn
1218 3903 1292 3952 esse
1308 3881 1345 3951 in

186 3993 338 4085 penoris,
356 3992 416 4062 sed
432 3992 483 4061 eis
499 3990 601 4083 quasi
616 3991 794 4059 assistere.
812 3989 862 4059 Et
878 3989 961 4080 quia
984 3989 1138 4058 essentia
1153 3988 1276 4059 divina
1292 3994 1348 4059 est

186 4096 401 4193 bpersonis,
427 4099 636 4191 sequebatur
660 4097 750 4189 quod
779 4096 1060 4166 relationes'non
1083 4102 1168 4166 sunt
1194 4095 1346 4167 essentia

221 4354 267 4433 (1)
283 4356 392 4412 Iovem
410 4354 578 4410 notissimas
597 4354 757 4422 categorias
776 4353 962 4410 Aristotelis:
984 4373 1066 4420 soros,
1088 4372 1180 4418 ποσον,
1197 4372 1257 4418 που,
1271 4372 1349 4423 qaeu,

185 4468 262 4513 mser,
278 4466 409 4519 ησχιιυ,
430 4442 548 4511 artubus,
561 4443 642 4516 ἔχειν,
661 4464 724 4515 προς
746 4466 780 4498 τι.

1112 4544 1115 4549 ·
1204 4546 1222 4581 ο
