3172 4950
716 339 754 352 -
775 306 837 369 597
856 339 895 354 -

217 429 329 498 usqne
352 408 461 494 fines,
488 414 529 477 ut
551 378 644 478 nihil
665 420 761 480 esset
780 412 951 503 amplius,
977 412 1181 502 pertingens
1204 413 1389 502 iustitiae,

219 540 308 609 quae
332 519 369 586 in
392 519 492 587 nobis
515 526 588 607 est3
616 521 676 589 sed
701 545 777 590 aum
800 522 853 591 ita
876 543 912 589 se
943 522 1107 607 haberet,
1141 528 1256 591 tamen
1288 547 1389 615 roga·

203 625 280 692 'bat
302 624 481 717 Christum
505 626 635 697 dicens:
661 649 725 717 ego
748 651 770 695 a
792 634 827 697 ta
851 628 954 698 debeo
973 624 1090 722 (χρειαν
1108 625 1181 719 ipa)
1201 632 1384 722 baptizari,

217 736 255 798 et
277 737 319 800 tu
342 732 443 801 venis
466 732 511 800 ad
534 733 604 803 me?
629 733 759 820 Vides,
786 737 954 826 quomodo
975 736 1061 805 lieet
1083 740 1271 826 perfectus,
1283 759 1390 830 quan-

216 844 295 907 tum
318 838 356 906 in
379 838 593 935 bominespet
614 843 652 910 in
674 850 776 912 natos
800 843 984 914 mulierum
1016 846 1184 931 cadebat,
1211 853 1313 935 rogat
1335 871 1387 916 re·

217 949 332 1017 oreari
360 943 584 1035 (ἁνακτιζεθαι)
612 952 757 1041 quodam
782 952 881 1019 modo
904 959 940 1021 et
961 953 1162 1041 regenerari
1192 976 1254 1042 per
1278 953 1390 1044 Spiri-

216 1061 291 1123 tum
317 1055 517 1125 Sanctum?
546 1057 674 1142 Vides,
701 1064 743 1126 nt
765 1060 950 1149 profitetur
975 1063 1013 1125 in
1043 1065 1254 1150 reponeretis
1277 1065 1390 1128 maias

217 1161 384 1254 aliquid,
411 1190 483 1231 arm
508 1167 567 1232 too
588 1161 699 1232 adbuc
729 1191 763 1233 ae
788 1166 945 1255 iadipere
967 1170 1062 1236 ait...
1087 1167 1253 1236 Maiorem
1275 1169 1391 1258 igitur

216 1269 323 1338 etiam
346 1271 421 1361 ipso
444 1272 573 1341 Ioanne
596 1272 760 1342 Christus
783 1273 837 1342 ait
860 1297 934 1343 esse
958 1273 1139 1342 minimum
1155 1274 1256 1363 regni
1280 1274 1388 1343 ooelo·

215 1400 318 1462 rum,
344 1377 409 1447 hoo
431 1388 507 1464 est,
534 1389 571 1449 et
594 1403 713 1451 reeens
737 1381 952 1471 baptizatum
977 1383 1126 1450 nondum
1162 1404 1245 1450 varo
1279 1383 1389 1472 operi·

217 1485 281 1553 bue
304 1492 551 1575 praestantem,
567 1487 745 1556 secandam
769 1492 828 1556 toa
850 1491 958 1555 solam
982 1505 1149 1580 quateaas
1166 1490 1282 1555 beatae
1295 1489 1387 1579 Bap-

216 1595 302 1660 tista
330 1610 404 1667 erat
432 1611 536 1662 natas
560 1621 601 1664 ea
618 1599 771 1679 muliere,
791 1598 846 1663 bie
864 1624 940 1666 aero
958 1621 999 1663 ea
1016 1598 1086 1664 Deo
1103 1612 1206 1664 natas
1222 1612 1270 1662 est
1286 1599 1389 1663 iaata

191 1703 458 1793 *Soriptaram
484 1720 516 1772 et
540 1702 680 1773 divinae
706 1721 853 1772 naturae
875 1707 998 1795 saetas
1019 1720 1067 1772 eat
1100 1730 1231 1772 consors
1253 1705 1388 1770 intubi-

216 1828 344 1879 taatem
368 1814 492 1880 babeas
522 1817 560 1880 ia
583 1839 618 1881 se
642 1817 813 1903 Spiritum
836 1817 1018 1899 Sanctam)
1045 1831 1076 1882 et
1100 1817 1297 1907 appellatas
1311 1831 1388 1882 tem·

212 1921 310 2008 ptam
333 1920 443 1989 Dei...
470 1919 554 1988 Cnrn
578 1943 661 2010 ergo
685 1921 828 1990 divinus
852 1922 1201 2012 Evangelistanobis
1224 1923 1288 1991 ait:
1306 1945 1389 1992 non·

216 2027 299 2096 dum
314 2027 406 2095 enim
429 2034 508 2096 erat
530 2026 687 2118 Spiritus
711 2029 864 2116 (datas),
891 2029 974 2121 quia
996 2029 1096 2099 Iesus
1126 2032 1278 2099 nondum
1312 2036 1389 2100 erat

213 2133 436 2223 glorificatus
459 2135 525 2222 (Io.
541 2135 624 2204 VII.
639 2135 711 2221 37),
738 2140 909 2225 intepram
927 2153 959 2204 et
981 2141 1131 2204 marmoris
1147 2139 1300 2204 omnibus
1310 2162 1388 2227 per·

208 2240 343 2327 factam
380 2231 667 2310 inhabitationem
696 2245 851 2332 Spiritus
885 2245 1007 2312 Sancti
1039 2247 1076 2309 iri
1112 2245 1303 2310 bominibus
1338 2244 1388 2331 (1)

213 2371 288 2414 earn
310 2350 509 2439 sipaificare
534 2351 785 2441 colliquiaria.»
809 2350 868 2417 Ita
890 2350 928 2418 in
944 2350 996 2418 Io.
1011 2350 1037 2418 l.
1052 2372 1082 2419 o.
1105 2355 1142 2419 et
1164 2350 1287 2419 iisdem
1311 2372 1386 2419 sen·

211 2455 337 2524 tentiis
358 2455 396 2523 in
414 2456 584 2526 Thesaur.
599 2456 625 2526 1.
642 2481 672 2526 o.
1470 2516 1473 2523 .

280 2563 606 2634 Animadvertimus
630 2565 822 2657 sequentia.
849 2566 892 2634 1·.
907 2565 1045 2636 Nullibi
1061 2564 1222 2656 cyrillus
1235 2564 1334 2649 dicit,
1349 2565 1387 2632 in

214 2671 328 2741 veteri
352 2671 573 2742 Testamenta
596 2697 665 2742 non
688 2672 906 2743 inhabitasse
941 2673 1056 2764 ipsum
1082 2672 1257 2763 Spiritum
1280 2672 1385 2742 Sano-

210 2783 288 2847 tnm
311 2778 349 2848 in
372 2780 614 2850 sanotifioatis.

278 2886 386 2954 Immo
412 2887 456 2955 2⁸.
486 2887 524 2956 in
556 2887 612 2957 his
640 2886 729 2977 ipsis
755 2888 843 2958 loais
873 2888 972 2958 docet
1001 2888 1227 2958 contrarium.
1256 2916 1273 2951 a
1297 2886 1384 2956 Cum

208 2993 373 3084 Baptista
396 2995 549 3085 Spiritus
564 2997 684 3064 Sancti
697 2999 872 3086 particeps
888 3010 969 3063 esset
993 2991 1171 3081 (πνευματος
1199 2993 1286 3081 ἀγιου
1311 3016 1382 3078 μετ·

210 3126 280 3189 oxos
308 3097 358 3192 ab)
392 3108 429 3173 et
451 3104 571 3194 gratia
594 3104 797 3195 prophetias
820 3104 976 3195 repletus
1008 3102 1088 3171 inde
1120 3104 1164 3171 ab
1187 3108 1288 3170 utero
1316 3120 1385 3168 ma-

208 3211 279 3280 tris
305 3234 389 3281 snae
404 3262 412 3280 .
426 3261 453 3280 ..
485 3215 670 3302 satagebat
702 3235 782 3281 snos
811 3211 1003 3302 discipulos
1028 3210 1232 3280 confirmare
1256 3208 1323 3278 fide
1347 3208 1384 3277 in

208 3316 388 3387 Christum
413 3318 663 3387 Salvatoremn
690 3320 860 3388 Thesaur.
880 3344 915 3409 p.
927 3318 1004 3387 102.
1028 3316 1181 3387 «Fauile
1202 3315 1384 3385 intellectu

208 3429 274 3509 eat,
292 3446 440 3513 regnum
456 3425 629 3493 ooelorum
640 3428 770 3516 priscis
797 3428 903 3491 etiam
918 3427 1082 3514 patribus
1097 3429 1259 3514 paratum
1275 3423 1385 3491 fuisse

208 3535 331 3622 utpote
355 3532 586 3619 conformibus
603 3534 770 3620 imapiais
782 3532 875 3599 Filii
893 3532 949 3598 sai
971 3531 1084 3616 (Rom.
1101 3529 1204 3598 VIII.
1219 3527 1305 3613 29.),
1332 3534 1384 3596 at·

208 3659 275 3729 que
299 3637 376 3706 ideo
399 3637 508 3707 aDeo
523 3637 674 3706 etPatre
696 3636 964 3727 praecognitis»
983 3636 1068 3704 ibid.
1089 3658 1123 3725 p.
1140 3635 1216 3702 106.
1243 3633 1384 3703 Pariter

207 3741 498 3813 inhabitationem
521 3742 679 3833 Spiritus
702 3748 738 3812 et
752 3741 1095 3812 transformationem
1123 3761 1184 3828 per
1208 3738 1383 3829 Spiritum

206 3852 332 3939 probat
361 3849 467 3919 simul
490 3872 533 3919 ex
557 3851 589 3918 1.
604 3850 693 3939 Reg.
707 3851 752 3918 X.
769 3850 817 3919 6.;
840 3878 856 3913 u
875 3847 1013 3916 insiliet
1029 3846 1066 3913 in
1082 3851 1117 3915 te
1134 3845 1292 3936 Spiritus
1315 3847 1382 3915 Do·

205 3956 293 4026 mini
316 3963 353 4027 et
374 3957 565 4027 mutaberis
580 3957 618 4025 in
632 3958 747 4027 virum
764 3957 873 4026 alium
888 3983 919 4040 r,
943 3954 1033 4048 quod
1050 3953 1204 4044 pertinet
1218 3954 1263 4023 ad
1279 3958 1383 4022 vetas

206 4064 493 4151 Testamentum,
525 4073 561 4134 at
588 4065 625 4133 in
656 4066 771 4135 eodem
803 4070 969 4134 contextu
992 4086 1035 4133 ex
1059 4063 1094 4131 2.
1115 4062 1194 4131 Cor.
1220 4062 1380 4131 111.1e.:

208 4174 280 4242 uin
304 4173 447 4243 eandem
463 4172 651 4263 imaginem
666 4174 959 4243 transformamur
987 4177 1165 4263 tamquam
1196 4191 1217 4236 a
1243 4167 1382 4236 Domini

276 4316 319 4391 (l)
340 4323 393 4377 Tur
407 4319 541 4390 ὁλοσχερῆ
555 4340 597 4372 και
614 4317 757 4390 ὁλοκληρον
771 4339 924 4376 naturarum
945 4315 969 4371 ἑν
983 4314 1128 4387 ἅνθρωπος
1150 4334 1195 4367 του
1215 4313 1294 4383 ἅγιον
1311 4333 1383 4367 πνευ-

203 4427 302 4476 paro„
