3172 4950
702 52 738 67 -
761 39 823 84 aru
842 52 880 68 -

207 125 467 219 simplicissima
496 131 532 194 et
554 125 752 196 infinitaex
775 127 969 196 intrinseca
997 125 1182 218 exigentis
1203 134 1239 198 et
1258 152 1316 222 per
1347 165 1385 217 η

206 238 317 328 ipsam
341 234 486 303 realiter
509 239 563 301 est
586 237 780 304 subsistens
804 236 920 320 Pater,
938 233 1056 304 Filius
1067 236 1254 327 ,Spiritus
1274 238 1372 319 Sane.

206 355 287 430 tus,
312 352 349 414 et
374 345 529 413 vicissim
552 344 730 413 relatioe.
756 368 792 432 g.
819 343 1014 434 paternitas
1040 351 1098 412 est
1127 348 1359 438 perseipsum

206 454 301 522 Deus
325 453 428 520 Pater
451 461 517 521 eto.
536 452 652 542 Magis
675 452 789 540 igitur
812 452 951 541 proprie
975 452 1114 522 dicetur
1136 456 1287 523 essentia
1305 479 1395 529 nra

209 561 409 652 simplici
371 583 468 628 sima
492 560 595 628 simul
621 560 748 629 habere
771 560 951 628 formalem
974 562 1147 629 rationem
1170 554 1398 635 absolutiet
1391 584 1398 597 ·

209 670 353 740 relativi
377 670 440 753 ita,
468 676 508 738 ut
531 671 595 737 sub
625 669 761 737 ratione
791 667 944 735 absoluti
976 668 1205 760 intelligatur
1233 672 1351 741 essentia

210 779 399 849 communis
423 778 538 846 tribus
561 777 765 859 distinctis,
791 776 856 843 sub
878 775 1015 845 ratione
1038 775 1186 847 relativi
1209 778 1256 847 sit
1275 779 1350 849 Pater
1382 844 1385 849 .

210 886 399 956 distinctus
422 907 443 951 s
465 884 571 968 Filio,
589 884 706 951 Filius
723 883 913 951 distinctus
936 906 958 951 a
979 884 1088 951 Patre
1103 894 1173 954 etc.
1191 893 1227 954 et
1240 885 1350 955 ideoiu·
1381 874 1384 879 ⁵

210 991 545 1063 communicabiliter
565 992 759 1058 subsistens
776 998 816 1058 ut
831 991 948 1075 Pater,
966 997 1007 1060 ut
1021 990 1153 1075 Filius,
1172 1000 1215 1061 ut
1229 992 1351 1083 spiritu

211 1102 373 1172 Sanctus.
399 1101 638 1169 Nihilominus
669 1100 752 1191 quia
781 1100 935 1169 essentia
964 1106 1001 1169 el
1029 1100 1220 1170 relationes
1249 1103 1352 1172 ratim

211 1210 494 1299 distinguuntur,
517 1216 553 1276 et
576 1207 647 1274 alia
670 1213 726 1275 est-
749 1207 885 1275 functio
912 1208 976 1274 sub
1003 1208 1145 1277 formali
1173 1210 1300 1277 ratione
1317 1230 1352 1277 ιι

211 1318 343 1387 seutiue
367 1316 439 1383 alia
462 1317 526 1383 sub
543 1314 683 1383 formali
698 1314 833 1383 ratione
857 1314 1016 1400 relativi,
1042 1316 1142 1385 modo
1169 1325 1284 1385 nostro
1298 1339 1351 1387 ιιι-

212 1426 241 1495 ei
248 1424 364 1514 piendi
387 1423 619 1513 inadaequato
636 1443 815 1512 possumus
832 1422 966 1490 dicere:
983 1424 1139 1492 essentia
1154 1424 1280 1494 tribuit
1291 1423 1352 1493 relt·

210 1532 365 1601 tionibus
389 1539 429 1599 nt
453 1531 525 1598 sint
554 1529 823 1614 substantiales,
851 1552 938 1622 quae
968 1530 1061 1598 ratio
1092 1532 1353 1601 substautiaeerl

197 1638 444 1711 ‚necessarium
469 1638 731 1705 fundamentum
756 1638 800 1705 ad
824 1639 994 1707 rationem
1017 1640 1276 1727 subsistentiae,
1291 1638 1352 1708 nb

213 1749 325 1817 tiones
347 1747 511 1815 tribuunt
533 1767 686 1814 summae
709 1746 762 1814 rei
785 1768 873 1837 quae
896 1753 951 1815 est
972 1747 1137 1832 essentia,
1164 1744 1352 1817 incommuni·

212 1855 452 1937 cabilitatem,
479 1863 643 1946 quaeest
667 1855 826 1923 formalis
853 1855 945 1923 ratio
976 1856 1227 1926 subsistentiae
1247 1853 1353 1947 proprio

214 1965 340 2035 dictae.
355 1964 454 2033 Unde
470 1964 699 2031 subsistentia
715 1962 973 2052 significatione
989 1971 1151 2032 concreta
1167 1986 1229 2033 uec
1243 1971 1292 2033 est
1303 1959 1354 2031 nu

215 2073 372 2143 formalis
396 2074 487 2141 ratio
511 2073 681 2141 esseutiae
704 2093 766 2139 neo
790 2072 864 2139 sola
888 2072 1046 2139 formalis
1078 2072 1172 2142 ratio
1203 2068 1352 2143 relationis

214 2182 251 2250 iu
276 2181 458 2263 communi,
485 2180 544 2249 sed
567 2188 621 2249 est
643 2180 818 2270 complexe
841 2180 967 2245 relatio
983 2180 1230 2246 substantialis
1251 2203 1303 2249 seu
1318 2197 1353 2243 ιι

215 2290 361 2356 laticum
384 2289 627 2369 salmantini&
649 2288 793 2378 proinde
816 2288 1046 2357 subsistentia
1069 2288 1108 2356 in
1131 2285 1353 2379 signifioatlofl

215 2399 395 2466 abstracta
418 2397 616 2487 concipitur
638 2406 680 2464 ut-
702 2396 834 2481 modus,
853 2419 920 2487 quo
943 2403 998 2465 est
1013 2397 1205 2465 relativum
1227 2396 1352 2465 subet&

214 2506 301 2574 tiale
325 2506 421 2589 (vide
444 2527 551 2594 supra
574 2530 606 2594 p.
627 2503 705 2571 352.
722 2504 833 2589 aee).

284 2612 413 2682 Coroll.
432 2614 562 2680 Nomen
585 2637 730 2702 persona
753 2636 820 2680 non
845 2610 1025 2699 significat
1041 2610 1243 2681 universale
1257 2608 1354 2680 velue

215 2728 287 2791 tam
311 2723 523 2790 abstractam
548 2721 709 2812 pluribus
733 2720 928 2789 individuis
952 2743 1056 2789 seusu
1079 2722 1222 2812 proprio
1244 2734 1357 2790 commu·

216 2851 306 2909 nem,
333 2830 392 2898 sed
415 2831 578 2918 designat
600 2831 706 2898 etiam
730 2830 767 2897 in
791 2830 862 2897 Deo
886 2829 1155 2897 indeterminate
1170 2829 1262 2897 hunc
1281 2842 1357 2895 nuru

218 2936 422 3005 distinctum
446 2939 489 3004 ab
512 2936 607 3022 aliis,
625 2938 766 3005 Patrem
789 2935 847 3004 vel
870 2935 1003 3004 Filium
1021 2935 1079 3003 vel
1096 2936 1268 3025 Spiritum
1282 2933 1356 3002 Sue

217 3051 311 3129 tum;
336 3045 488 3136 adeoque
512 3068 579 3113 non
603 3056 657 3113 est
679 3068 800 3113 nomen
825 3045 952 3133 speciei
980 3042 1297 3134 comprehendentis
1314 3032 1358 3105 ml

219 3174 255 3220 se
286 3152 496 3237 individua,
528 3153 587 3222 sed
617 3175 653 3220 se
683 3150 789 3219 habet
817 3159 858 3219 ut
889 3150 1185 3220 denominationes
1218 3136 1359 3216 individui

218 3263 326 3349 copi,
351 3262 485 3353 aliquis
508 3285 618 3340 ιιιιιιι,
643 3260 776 3350 aliquis
807 3262 913 3326 domo.
942 3258 1073 3326 Contra
1102 3258 1168 3328 hoc
1198 3250 1359 3368 inepte&

219 3370 385 3456 obiectio,
412 3371 502 3463 qnod
526 3369 582 3437 his
605 3368 901 3458 appellationibus
930 3390 998 3435 non
1021 3373 1138 3457 potest
1168 3367 1280 3436 adbuc
1301 3349 1359 3429 uli
1393 3426 1398 3453 ,

219 3480 428 3569 partitrvum
454 3478 571 3568 cinq
535 3501 599 3557 ιιι
625 3500 701 3545 cum
724 3486 841 3544 tamen
865 3475 976 3565 possit
999 3474 1069 3544 dici
1089 3475 1180 3540 cli»
1130 3500 1215 3598 apua
1235 3486 1357 3565 person&
1390 3458 1398 3575 l

219 3585 343 3654 Nam'
333 3586 503 3673 imprimis
527 3586 654 3675 optime
678 3609 755 3675 poss
739 3594 793 3653 set
815 3584 898 3652 dici.
924 3582 1071 3675 aliquis,
1098 3583 1160 3675 qui
1183 3589 1240 3652 est
1263 3568 1398 3681 aliquis,

220 3692 339 3777 born03
365 3694 487 3763 deinde
511 3693 595 3761 licet
619 3693 838 3760 individuum
864 3714 993 3780 vagum
1024 3691 1094 3758 iam
1126 3684 1398 3759 indeterminato

221 3823 419 3891 expressum
437 3823 497 3892 per
514 3801 724 3891 particulam
739 3802 870 3893 aliquis
883 3825 949 3868 non
966 3808 1081 3890 posset
1092 3799 1276 3868 admittere
1286 3789 1368 3862 huu-

221 3909 415 4001 particulae
438 3909 692 4000 repetitionem,
712 3916 825 3999 potest
852 3916 966 3976 tamen
983 3907 1195 3997 particulam
1210 3905 1363 3975 adnitor

221 4038 341 4084 nomen
366 4039 426 4106 per
443 4039 478 4084 se
495 4017 684 4106 designans
700 4016 922 4085 individuum
940 4014 1262 4098 indeterminatum,
1278 4008 1364 4081 criu

223 4122 312 4191 modi
335 4130 390 4191 est
411 4146 533 4192 nornen
552 4146 712 4214 persono.
725 4122 815 4192 Vide
831 4122 867 4191 S.
884 4121 951 4191 Th.
968 4121 1000 4190 1.
1015 4144 1049 4212 q.
1064 4120 1121 4189 30.
1135 4142 1170 4188 a.
1181 4122 1216 4189 4.
