3172 4950
538 99 717 161 -411-

76 206 132 272 tun
150 204 297 274 essentie
319 204 509 275 monadum
531 202 805 273 imitabilitatem
824 202 869 272 ad
884 208 997 288 extra,
1017 222 1119 296 quum
1136 203 1219 273 aliis

10 302 22 389 ·,’
75 310 244 381 noniuibus
267 312 384 383 dicere
406 333 589 404 possumus
612 310 753 380 divinas
776 309 873 379 ideas
888 310 1094 397 obiectivas,
1111 311 1218 381 ratio·

76 440 120 489 ιιι
131 443 240 489 rerum
263 430 440 507 aeternas,
460 446 527 489 esse
542 423 690 488 eminens
706 427 946 490 creaturarum
962 419 999 487 in
1016 419 1099 490 Deo.
1117 420 1218 492 Unde

76 549 105 597 u
120 528 177 599 hoc
200 529 325 599 ultimo
340 531 384 600 sd
401 531 534 600 obiecto
549 529 746 609 necessaria
761 527 914 618 pertinet
935 535 1031 596 totus
1053 528 1136 598 ordo
1152 553 1219 599 me·

74 634 257 726 bphysicus
291 636 508 729 possibilium
532 639 569 706 in
593 659 629 705 se
652 634 762 725 ipsis,
796 656 884 728 quae
914 634 1006 702 nihil
1030 643 1113 705 sunt
1136 642 1219 706 actu

75 736 121 813 sd
134 752 273 835 possent
293 768 368 815 esse
390 744 578 815 secundum
601 750 685 814 actu
708 743 914 812 existentem
936 747 974 811 et
989 743 1219 813 necessariam

74 846 189 922 divinae
218 853 390 921 essentiae
420 851 696 921 imitabilitatem
720 849 764 918 ed
787 856 900 919 extra.
929 849 1073 919 Obiecta
1097 850 1219 920 deinde

73 978 121 1027 ιιι
139 959 334 1029 necessarie
356 966 442 1029 sunt
464 959 578 1028 omnic
601 963 741 1049 praeter
760 957 873 1035 Deum
900 948 1094 1026 existentia
1124 960 1218 1046 (for-

72 1062 187 1135 nsliter
209 1072 253 1135 ut
274 1065 478 1152 existentia)
500 1089 563 1156 pro
587 1065 713 1158 quavis
736 1064 902 1154 temporis
924 1064 1149 1161 differentia,
1175 1063 1220 1133 ad

72 1192 159 1263 prce,
183 1178 226 1242 ut
247 1179 368 1264 patet,
402 1173 515 1266 quoad
539 1172 813 1263 contingentiam
836 1176 1048 1241 revocantur
1080 1171 1216 1258 omnia,

72 1298 139 1369 que
165 1278 277 1348 libera
309 1274 483 1349 creaturis
514 1280 579 1349 sub
602 1279 729 1371 quavis
759 1276 949 1369 hypothesi
981 1285 1063 1349 ectu
1087 1280 1216 1349 forent.

10 1402 13 1423 ³
70 1382 142 1456 ilino
161 1386 315 1457 ulterius
338 1387 473 1457 obieeta
495 1387 693 1457 necessaria
722 1386 867 1456 divinus
898 1387 1101 1456 intellectus
1131 1409 1219 1456 com·

71 1492 233 1582 prehendit
254 1493 462 1579 necessario,
488 1493 542 1562 ita
565 1500 618 1579 ut,
644 1494 676 1562 s'i
692 1493 881 1586 quidquam
905 1516 1023 1562 eorum
1045 1516 1113 1561 non
1131 1515 1219 1563 com·
1263 1558 1267 1565 .

72 1600 288 1691 protenderet,
313 1601 471 1672 defectus
493 1608 585 1672 esset
606 1625 649 1672 ex
672 1609 772 1693 perte
795 1601 908 1692 ipsius
930 1601 1158 1687 intellectus,
1184 1606 1220 1671 et

10 1748 17 1767 ·
72 1704 124 1776 i'sn
141 1732 207 1779 nou
231 1715 324 1780 esset
352 1719 454 1780 actus
483 1710 621 1780 infinite
644 1711 835 1802 perfectus.
869 1709 999 1778 Contra
1031 1732 1113 1779 vero
1137 1708 1221 1779 licet

73 1810 298 1909 inhypothesi
329 1818 422 1910 quod
453 1817 696 1907 contingentia
719 1840 782 1907 pro
812 1816 930 1910 aliquo
961 1823 1115 1908 tempore
1148 1816 1219 1886 exi·

63 1924 167 2009 mi,
193 1924 338 1994 divinus
366 1922 568 2017 intellectus
599 1945 640 1992 ea
662 1923 858 1992 necessario
888 1924 1158 2014 comprehendat
1179 1929 1222 1993 ut

10 2028 13 2109 ἓ
75 2028 248 2117 mcertis,
273 2037 428 2101 moneret
442 2038 558 2099 tumen
572 2052 679 2123 aeque
695 2032 885 2121 perfectus,
905 2029 937 2099 ai
952 2030 1018 2098 illa
1033 2048 1220 2122 numquam

10 2142 18 2165 ¹·
76 2134 239 2209 mmmm
253 2146 359 2232 atque
373 2140 427 2208 ita
444 2139 730 2233 intelligerentur
746 2145 788 2207 ut
803 2160 894 2207 mere
917 2138 1110 2228 possibilia.
1125 2139 1221 2208 Haeo

76 2238 164 2333 igitur
180 2247 272 2318 visio
287 2248 514 2318 existentium
537 2255 779 2318 creaturarum
795 2247 889 2316 nihil
904 2255 959 2316 est
974 2247 1009 2316 in
1027 2249 1098 2316 Deo
1121 2247 1220 2316 aliud

76 2362 153 2439 butu
176 2356 326 2447 ipsamet
341 2355 533 2426 intellectio
556 2356 727 2426 essentiae
742 2355 884 2425 divinae
900 2356 1089 2425 secundum
1104 2377 1221 2423 omnes

25 2520 28 2525 .
76 2460 202 2534 soenes
236 2462 360 2533 solum
378 2471 499 2533 nostro
522 2463 627 2533 'modo
650 2463 893 2539 considerandi
923 2463 1112 2532 distinctas
1143 2484 1221 2532 cum

77 2570 291 2641 unnotetione
306 2593 375 2639 non
391 2570 587 2640 necessaria
609 2569 836 2640 existentium
860 2574 1114 2655 creaturarum,
1132 2590 1220 2662 quae

75 2668 159 2745 u'dom
180 2676 321 2747 infinito
342 2674 439 2747 actui
458 2676 765 2802 comprehendenti
781 2699 897 2745 omnes
914 2675 1083 2745 veritates
1106 2698 1220 2745 neces·

19 2782 163 2859 ,Ιιίιιι
183 2786 315 2878 absque
337 2784 466 2854 ulla
435 2807 512 2855 crus
535 2784 728 2854 mutatione
751 2784 972 2870 subduntur,
998 2783 1029 2852 si
1052 2784 1218 2869 existant,

73 2900 117 2959 uu
132 2892 176 2962 ud
198 2914 288 2986 ques
309 2893 400 2963 idem
431 2916 523 2962 unus
545 2901 647 2963 actus
669 2892 789 2962 inlinit
774 2900 834 2962 tus
865 2891 1117 2962 intellectionis
1137 2893 1220 2960 alr-s

10 2986 18 3069 l
70 3010 120 3083 quo
138 3000 213 3069 ullu
235 3001 292 3070 sni
315 2999 507 3073 mutatione
531 3024 567 3071 se
590 3002 691 3072 velut
714 3001 884 3071 extendit
903 3001 941 3071 S.
961 3001 1028 3071 Th.
1054 3001 1096 3071 de
1112 2999 1218 3071 verit.

10 3103 395 3207 ‚qusums·

14 3250 22 3263 ·
116 3215 219 3286 Hisce
242 3217 446 3287 brevissime
461 3240 503 3287 ex
520 3218 634 3287 altero
648 3223 806 3288 tractatu
821 3218 859 3286 in
875 3218 1073 3287 memoriam
1094 3217 1221 3287 adduc·

60 3318 111 3407 tis,
133 3323 393 3394 demonstratur
414 3324 528 3416 prima
550 3347 633 3417 pars
655 3324 792 3396 theseos
815 3324 1024 3419 propositae.

105 3430 331 3502 .1·1nfinitus
353 3438 455 3502 actus
477 3431 730 3502 intellectualis
753 3456 795 3502 ex
819 3432 1011 3501 intrinseca
1026 3452 1090 3500 sua
1105 3451 1219 3499 ncces·

55 3536 143 3607 uris
164 3539 377 3630 perfectione
408 3538 638 3629 intelligendo
661 3539 824 3631 producit
848 3539 990 3606 Verbum
1021 3537 1090 3603 sibi
1120 3536 1220 3604 adae·

51 3661 214 3737 psoram,
240 3648 305 3716 sub
328 3668 398 3738 qua
420 3646 562 3714 formali
584 3648 721 3717 ratione
744 3644 968 3739 producentis
990 3644 1143 3713 Verbum
1167 3649 1222 3737 est

49 3748 243 3824 intellectio
264 3754 418 3824 relative
441 3777 502 3824 seu
525 3761 626 3825 actus
648 3754 863 3839 notionalis‚
901 3760 937 3821 et
959 3751 1104 3821 realiter
1125 3751 1222 3820 Deus
1335 3808 1339 3814 .

49 3854 166 3930 Pater.
183 3860 259 3929 Iam
283 3884 367 3931 vero
389 3861 492 3931 iuxta
514 3861 610 3931 dicta
632 3866 735 3930 ectus
757 3859 1006 3933 ille.infinitus
1028 3881 1071 3928 ex
1094 3856 1220 3928 intriu·
1315 3864 1320 3873 '

50 3986 126 4037 seco
146 3970 346 4039 necessarie
368 3969 579 4059 perfectione
603 3968 778 4059 intelligit
800 3967 1053 4058 perfectissime
1070 3965 1222 4056 seipsum

48 4076 123 4143 tum
145 4080 188 4143 ut
209 4073 395 4145 essentium
418 4073 576 4143 divinam
599 4077 691 4160 (cum
716 4071 874 4141 omnibus
897 4070 1107 4153 attributis,
1133 4088 1222 4160 quae

47 4200 109 4251 noa
130 4180 268 4252 ratione
291 4180 558 4271 distinguimus)
581 4186 656 4253 tum
679 4185 722 4250 ut
744 4179 1006 4273 productionem
1028 4175 1136 4247 Verbi
1159 4194 1221 4243 seu
