<?xml version="1.0" encoding="UTF-8"?>
<!DOCTYPE html PUBLIC "-//W3C//DTD XHTML 1.0 Transitional//EN"
    "http://www.w3.org/TR/xhtml1/DTD/xhtml1-transitional.dtd">
<html xmlns="http://www.w3.org/1999/xhtml" xml:lang="en" lang="en">
 <head>
  <title>
</title>
<meta http-equiv="Content-Type" content="text/html;charset=utf-8" />
  <meta name='ocr-system' content='tesseract 3.04.00' />
  <meta name='ocr-capabilities' content='ocr_page ocr_carea ocr_par ocr_line ocrx_word'/>
</head>
<body>
  <div class='ocr_page' id='page_1' title='image "./tractatusdedeot00frangoog/tractatusdedeot00frangoog_0056.png"; bbox 0 0 3172 4950; ppageno 0'>
   <div class='ocr_carea' id='block_1_1' title="bbox 60 327 1251 4074">
    <p class='ocr_par' dir='ltr' id='par_1_1' title="bbox 60 327 1246 2246">
     <span class='ocr_line' id='line_1_1' title="bbox 581 327 739 386; baseline 0.006 -16"><span class='ocrx_word' id='word_1_1' title='bbox 581 358 618 370; x_wconf 91' lang='lat'><em>-</em></span> <span class='ocrx_word' id='word_1_2' title='bbox 641 327 680 386; x_wconf 75' lang='lat'>43</span> <span class='ocrx_word' id='word_1_3' title='bbox 701 358 739 371; x_wconf 94' lang='grc'>..</span> 
     </span>
     <span class='ocr_line' id='line_1_2' title="bbox 60 429 1242 527; baseline 0.008 -31"><span class='ocrx_word' id='word_1_4' title='bbox 60 429 149 499; x_wconf 89' lang='lat' dir='ltr'>lieet</span> <span class='ocrx_word' id='word_1_5' title='bbox 171 429 246 498; x_wconf 89' lang='lat' dir='ltr'>alia</span> <span class='ocrx_word' id='word_1_6' title='bbox 267 430 395 520; x_wconf 88' lang='lat' dir='ltr'>lingua</span> <span class='ocrx_word' id='word_1_7' title='bbox 416 435 452 499; x_wconf 89' lang='lat' dir='ltr'>et</span> <span class='ocrx_word' id='word_1_8' title='bbox 475 429 547 498; x_wconf 90' lang='lat' dir='ltr'>alia</span> <span class='ocrx_word' id='word_1_9' title='bbox 569 431 681 499; x_wconf 85' lang='lat' dir='ltr'>forma</span> <span class='ocrx_word' id='word_1_10' title='bbox 704 431 914 501; x_wconf 87' lang='lat' dir='ltr'>accidentali</span> <span class='ocrx_word' id='word_1_11' title='bbox 930 435 1101 525; x_wconf 90' lang='lat' dir='ltr'>quondam</span> <span class='ocrx_word' id='word_1_12' title='bbox 1118 437 1242 527; x_wconf 89' lang='lat' dir='ltr'>scripti</span> 
     </span>
     <span class='ocr_line' id='line_1_3' title="bbox 61 537 1242 632; baseline 0.007 -27"><span class='ocrx_word' id='word_1_13' title='bbox 61 542 161 607; x_wconf 91' lang='lat' dir='ltr'>sunt.</span> <span class='ocrx_word' id='word_1_14' title='bbox 179 538 345 631; x_wconf 83' lang='lat' dir='ltr'>Adeoque</span> <span class='ocrx_word' id='word_1_15' title='bbox 368 537 527 607; x_wconf 89' lang='lat' dir='ltr'>iubemur</span> <span class='ocrx_word' id='word_1_16' title='bbox 557 538 650 607; x_wconf 90' lang='lat' dir='ltr'>hunc</span> <span class='ocrx_word' id='word_1_17' title='bbox 672 545 809 608; x_wconf 88' lang='lat' dir='ltr'>textum</span> <span class='ocrx_word' id='word_1_18' title='bbox 838 540 1024 629; x_wconf 84' lang='lat' dir='ltr'>vulgatum</span> <span class='ocrx_word' id='word_1_19' title='bbox 1056 564 1242 632; x_wconf 78' lang='lat' dir='ltr'>agnoscere</span> 
     </span>
     <span class='ocr_line' id='line_1_4' title="bbox 61 646 1242 741; baseline 0.007 -28"><span class='ocrx_word' id='word_1_20' title='bbox 61 652 255 734; x_wconf 85' lang='lat' dir='ltr'>protextu</span> <span class='ocrx_word' id='word_1_21' title='bbox 278 646 450 737; x_wconf 87' lang='lat' dir='ltr'>inspirato</span> <span class='ocrx_word' id='word_1_22' title='bbox 473 668 542 714; x_wconf 92' lang='lat' dir='ltr'>non</span> <span class='ocrx_word' id='word_1_23' title='bbox 564 646 688 738; x_wconf 89' lang='lat' dir='ltr'>utique</span> <span class='ocrx_word' id='word_1_24' title='bbox 711 648 823 739; x_wconf 90' lang='lat' dir='ltr'>quoad</span> <span class='ocrx_word' id='word_1_25' title='bbox 847 649 954 718; x_wconf 89' lang='lat' dir='ltr'>verba</span> <span class='ocrx_word' id='word_1_26' title='bbox 977 650 1037 718; x_wconf 89' lang='lat' dir='ltr'>sed</span> <span class='ocrx_word' id='word_1_27' title='bbox 1057 652 1170 741; x_wconf 91' lang='lat' dir='ltr'>quoad</span> <span class='ocrx_word' id='word_1_28' title='bbox 1186 674 1242 721; x_wconf 90' lang='lat' dir='ltr'>res</span> 
     </span>
     <span class='ocr_line' id='line_1_5' title="bbox 61 753 1243 848; baseline 0.006 -28"><span class='ocrx_word' id='word_1_29' title='bbox 61 759 100 820; x_wconf 86' lang='lat' dir='ltr'>et</span> <span class='ocrx_word' id='word_1_30' title='bbox 124 753 329 822; x_wconf 85' lang='lat' dir='ltr'>sententias.</span> <span class='ocrx_word' id='word_1_31' title='bbox 357 754 473 838; x_wconf 81' lang='lat' dir='ltr'><strong>Ratio,</strong></span> <span class='ocrx_word' id='word_1_32' title='bbox 492 776 561 845; x_wconf 90' lang='lat' dir='ltr'>qua</span> <span class='ocrx_word' id='word_1_33' title='bbox 577 755 824 824; x_wconf 80' lang='lat' dir='ltr'><strong>manifestatur</strong></span> <span class='ocrx_word' id='word_1_34' title='bbox 847 761 884 825; x_wconf 90' lang='lat' dir='ltr'>et</span> <span class='ocrx_word' id='word_1_35' title='bbox 911 780 953 825; x_wconf 88' lang='lat' dir='ltr'>ex</span> <span class='ocrx_word' id='word_1_36' title='bbox 970 779 1038 848; x_wconf 92' lang='lat' dir='ltr'>qua</span> <span class='ocrx_word' id='word_1_37' title='bbox 1053 778 1074 825; x_wconf 89' lang='lat' dir='ltr'>a</span> <span class='ocrx_word' id='word_1_38' title='bbox 1090 757 1243 828; x_wconf 80' lang='lat' dir='ltr'>Concilio</span> 
     </span>
     <span class='ocr_line' id='line_1_6' title="bbox 62 860 1242 946; baseline 0.007 -17"><span class='ocrx_word' id='word_1_39' title='bbox 62 860 289 931; x_wconf 73' lang='lat' dir='ltr'>concluditur</span> <span class='ocrx_word' id='word_1_40' title='bbox 313 862 398 931; x_wconf 89' lang='lat' dir='ltr'>haec</span> <span class='ocrx_word' id='word_1_41' title='bbox 420 863 619 946; x_wconf 78' lang='lat' dir='ltr'>authentia,</span> <span class='ocrx_word' id='word_1_42' title='bbox 645 869 699 932; x_wconf 89' lang='lat' dir='ltr'>est</span> <span class='ocrx_word' id='word_1_43' title='bbox 720 863 837 932; x_wconf 87' lang='lat' dir='ltr'>eadem</span> <span class='ocrx_word' id='word_1_44' title='bbox 860 863 929 931; x_wconf 83' lang='lat' dir='ltr'>iam</span> <span class='ocrx_word' id='word_1_45' title='bbox 947 864 1103 935; x_wconf 88' lang='lat' dir='ltr'>indicata</span> <span class='ocrx_word' id='word_1_46' title='bbox 1125 867 1163 935; x_wconf 93' lang='lat' dir='ltr'>in</span> <span class='ocrx_word' id='word_1_47' title='bbox 1187 869 1242 937; x_wconf 91' lang='lat' dir='ltr'>de·</span> 
     </span>
     <span class='ocr_line' id='line_1_7' title="bbox 64 969 1241 1060; baseline 0.008 -22"><span class='ocrx_word' id='word_1_48' title='bbox 64 969 226 1039; x_wconf 86' lang='lat' dir='ltr'>finitione</span> <span class='ocrx_word' id='word_1_49' title='bbox 249 971 453 1041; x_wconf 82' lang='lat' dir='ltr'>divinitatis</span> <span class='ocrx_word' id='word_1_50' title='bbox 469 994 530 1040; x_wconf 91' lang='lat' dir='ltr'>seu</span> <span class='ocrx_word' id='word_1_51' title='bbox 545 971 748 1040; x_wconf 88' lang='lat' dir='ltr'>authentiae</span> <span class='ocrx_word' id='word_1_52' title='bbox 771 972 985 1060; x_wconf 84' lang='lat' dir='ltr'>originariae</span> <span class='ocrx_word' id='word_1_53' title='bbox 1001 974 1124 1044; x_wconf 89' lang='lat' dir='ltr'>horum</span> <span class='ocrx_word' id='word_1_54' title='bbox 1138 976 1241 1047; x_wconf 91' lang='lat' dir='ltr'>libro·</span> 
     </span>
     <span class='ocr_line' id='line_1_8' title="bbox 64 1078 1245 1174; baseline 0.006 -29"><span class='ocrx_word' id='word_1_55' title='bbox 64 1099 155 1162; x_wconf 86' lang='lat' dir='ltr'>rum,</span> <span class='ocrx_word' id='word_1_56' title='bbox 181 1101 267 1146; x_wconf 92' lang='lat' dir='ltr'>usus</span> <span class='ocrx_word' id='word_1_57' title='bbox 291 1078 427 1149; x_wconf 89' lang='lat' dir='ltr'>scilicet</span> <span class='ocrx_word' id='word_1_58' title='bbox 450 1084 612 1148; x_wconf 89' lang='lat' dir='ltr'>vetustus</span> <span class='ocrx_word' id='word_1_59' title='bbox 642 1080 680 1147; x_wconf 91' lang='lat' dir='ltr'>in</span> <span class='ocrx_word' id='word_1_60' title='bbox 712 1079 871 1149; x_wconf 84' lang='lat' dir='ltr'>Ecclesia</span> <span class='ocrx_word' id='word_1_61' title='bbox 901 1081 1087 1151; x_wconf 87' lang='lat' dir='ltr'>catholica.</span> <span class='ocrx_word' id='word_1_62' title='bbox 1113 1082 1245 1174; x_wconf 89' lang='lat' dir='ltr'>Scopus</span> 
     </span>
     <span class='ocr_line' id='line_1_9' title="bbox 64 1184 1245 1277; baseline 0.006 -25"><span class='ocrx_word' id='word_1_63' title='bbox 64 1184 172 1252; x_wconf 87' lang='lat' dir='ltr'>etiam</span> <span class='ocrx_word' id='word_1_64' title='bbox 194 1184 286 1254; x_wconf 89' lang='lat' dir='ltr'>idem</span> <span class='ocrx_word' id='word_1_65' title='bbox 310 1186 529 1274; x_wconf 89' lang='lat' dir='ltr'>dogmaticus</span> <span class='ocrx_word' id='word_1_66' title='bbox 546 1187 605 1277; x_wconf 92' lang='lat' dir='ltr'>qui</span> <span class='ocrx_word' id='word_1_67' title='bbox 628 1186 830 1255; x_wconf 87' lang='lat' dir='ltr'>declaratur</span> <span class='ocrx_word' id='word_1_68' title='bbox 853 1187 890 1254; x_wconf 90' lang='lat' dir='ltr'>in</span> <span class='ocrx_word' id='word_1_69' title='bbox 914 1186 1024 1276; x_wconf 85' lang='lat' dir='ltr'>priori</span> <span class='ocrx_word' id='word_1_70' title='bbox 1040 1189 1189 1274; x_wconf 89' lang='lat' dir='ltr'>decreto,</span> <span class='ocrx_word' id='word_1_71' title='bbox 1207 1191 1245 1259; x_wconf 91' lang='lat' dir='ltr'>in</span> 
     </span>
     <span class='ocr_line' id='line_1_10' title="bbox 63 1290 1246 1383; baseline 0.008 -26"><span class='ocrx_word' id='word_1_72' title='bbox 63 1290 129 1359; x_wconf 90' lang='lat' dir='ltr'>hoc</span> <span class='ocrx_word' id='word_1_73' title='bbox 151 1293 265 1362; x_wconf 90' lang='lat' dir='ltr'>altero</span> <span class='ocrx_word' id='word_1_74' title='bbox 289 1293 487 1379; x_wconf 89' lang='lat' dir='ltr'>indicatur,</span> <span class='ocrx_word' id='word_1_75' title='bbox 515 1294 656 1363; x_wconf 88' lang='lat' dir='ltr'>utilitas</span> <span class='ocrx_word' id='word_1_76' title='bbox 677 1317 746 1362; x_wconf 91' lang='lat' dir='ltr'>non</span> <span class='ocrx_word' id='word_1_77' title='bbox 769 1316 880 1383; x_wconf 89' lang='lat' dir='ltr'>parva</span> <span class='ocrx_word' id='word_1_78' title='bbox 906 1294 1085 1366; x_wconf 82' lang='lat' dir='ltr'>Ecclesiae</span> <span class='ocrx_word' id='word_1_79' title='bbox 1107 1297 1185 1382; x_wconf 92' lang='lat' dir='ltr'>Dei,</span> <span class='ocrx_word' id='word_1_80' title='bbox 1210 1305 1246 1367; x_wconf 90' lang='lat' dir='ltr'>et</span> 
     </span>
     <span class='ocr_line' id='line_1_11' title="bbox 64 1402 1245 1475; baseline 0.004 -8"><span class='ocrx_word' id='word_1_81' title='bbox 64 1407 107 1468; x_wconf 83' lang='lat' dir='ltr'>ut</span> <span class='ocrx_word' id='word_1_82' title='bbox 128 1407 267 1471; x_wconf 88' lang='lat' dir='ltr'>constet</span> <span class='ocrx_word' id='word_1_83' title='bbox 281 1403 323 1471; x_wconf 89' lang='lat' dir='ltr'>de</span> <span class='ocrx_word' id='word_1_84' title='bbox 339 1402 542 1472; x_wconf 73' lang='lat' dir='ltr'>sinceritate</span> <span class='ocrx_word' id='word_1_85' title='bbox 563 1402 733 1471; x_wconf 89' lang='lat' dir='ltr'>librorum</span> <span class='ocrx_word' id='word_1_86' title='bbox 756 1402 954 1472; x_wconf 89' lang='lat' dir='ltr'>divinorum</span> <span class='ocrx_word' id='word_1_87' title='bbox 972 1406 1117 1474; x_wconf 89' lang='lat' dir='ltr'>subhac</span> <span class='ocrx_word' id='word_1_88' title='bbox 1133 1407 1245 1475; x_wconf 85' lang='lat' dir='ltr'>forma</span> 
     </span>
     <span class='ocr_line' id='line_1_12' title="bbox 64 1508 1243 1600; baseline 0.003 -24"><span class='ocrx_word' id='word_1_89' title='bbox 64 1508 232 1578; x_wconf 89' lang='lat' dir='ltr'>editionis</span> <span class='ocrx_word' id='word_1_90' title='bbox 253 1510 389 1580; x_wconf 89' lang='lat' dir='ltr'>latinae</span> <span class='ocrx_word' id='word_1_91' title='bbox 411 1511 649 1600; x_wconf 80' lang='lat' dir='ltr'>agnoscendae</span> <span class='ocrx_word' id='word_1_92' title='bbox 669 1510 737 1576; x_wconf 80' lang='lat' dir='ltr'>uin</span> <span class='ocrx_word' id='word_1_93' title='bbox 760 1509 912 1599; x_wconf 90' lang='lat' dir='ltr'>publicis</span> <span class='ocrx_word' id='word_1_94' title='bbox 934 1510 1155 1596; x_wconf 89' lang='lat' dir='ltr'>lectionibus,</span> <span class='ocrx_word' id='word_1_95' title='bbox 1174 1513 1243 1581; x_wconf 91' lang='lat' dir='ltr'>dis-</span> 
     </span>
     <span class='ocr_line' id='line_1_13' title="bbox 67 1617 1243 1709; baseline 0.003 -24"><span class='ocrx_word' id='word_1_96' title='bbox 67 1617 321 1705; x_wconf 80' lang='lat' dir='ltr'>putationibus,</span> <span class='ocrx_word' id='word_1_97' title='bbox 347 1619 678 1709; x_wconf 87' lang='lat' dir='ltr'>praedicationibus,</span> <span class='ocrx_word' id='word_1_98' title='bbox 698 1618 1017 1708; x_wconf 73' lang='lat' dir='ltr'>expositionibus.»</span> <span class='ocrx_word' id='word_1_99' title='bbox 1035 1619 1109 1688; x_wconf 90' lang='lat' dir='ltr'>Imo</span> <span class='ocrx_word' id='word_1_100' title='bbox 1125 1620 1243 1691; x_wconf 87' lang='lat' dir='ltr'>Conci·</span> 
     </span>
     <span class='ocr_line' id='line_1_14' title="bbox 68 1721 1245 1816; baseline 0.005 -27"><span class='ocrx_word' id='word_1_101' title='bbox 68 1721 154 1790; x_wconf 90' lang='lat' dir='ltr'>lium</span> <span class='ocrx_word' id='word_1_102' title='bbox 177 1723 293 1814; x_wconf 89' lang='lat' dir='ltr'>ipsum</span> <span class='ocrx_word' id='word_1_103' title='bbox 307 1748 377 1794; x_wconf 92' lang='lat' dir='ltr'>non</span> <span class='ocrx_word' id='word_1_104' title='bbox 392 1725 545 1809; x_wconf 88' lang='lat' dir='ltr'>aliunde,</span> <span class='ocrx_word' id='word_1_105' title='bbox 571 1747 674 1816; x_wconf 87' lang='lat' dir='ltr'>quam</span> <span class='ocrx_word' id='word_1_106' title='bbox 697 1748 739 1793; x_wconf 88' lang='lat' dir='ltr'>ex</span> <span class='ocrx_word' id='word_1_107' title='bbox 762 1724 829 1793; x_wconf 88' lang='lat' dir='ltr'>bec</span> <span class='ocrx_word' id='word_1_108' title='bbox 852 1725 930 1815; x_wconf 89' lang='lat' dir='ltr'>ipsa</span> <span class='ocrx_word' id='word_1_109' title='bbox 953 1725 1104 1796; x_wconf 88' lang='lat' dir='ltr'>editione</span> <span class='ocrx_word' id='word_1_110' title='bbox 1130 1727 1245 1796; x_wconf 88' lang='lat' dir='ltr'>latina</span> 
     </span>
     <span class='ocr_line' id='line_1_15' title="bbox 68 1832 1244 1923; baseline 0.005 -25"><span class='ocrx_word' id='word_1_111' title='bbox 68 1836 188 1899; x_wconf 84' lang='lat' dir='ltr'>textus</span> <span class='ocrx_word' id='word_1_112' title='bbox 209 1840 247 1901; x_wconf 90' lang='lat' dir='ltr'>et</span> <span class='ocrx_word' id='word_1_113' title='bbox 268 1833 468 1903; x_wconf 87' lang='lat' dir='ltr'>testimonia</span> <span class='ocrx_word' id='word_1_114' title='bbox 492 1833 695 1923; x_wconf 85' lang='lat' dir='ltr'>Scripturas</span> <span class='ocrx_word' id='word_1_115' title='bbox 718 1832 936 1922; x_wconf 89' lang='lat' dir='ltr'>prolaturum</span> <span class='ocrx_word' id='word_1_116' title='bbox 959 1840 1055 1921; x_wconf 73' lang='lat' dir='ltr'>erat,</span> <span class='ocrx_word' id='word_1_117' title='bbox 1074 1835 1165 1903; x_wconf 92' lang='lat' dir='ltr'>uude</span> <span class='ocrx_word' id='word_1_118' title='bbox 1181 1834 1244 1904; x_wconf 88' lang='lat' dir='ltr'>hoc</span> 
     </span>
     <span class='ocr_line' id='line_1_16' title="bbox 71 1938 1244 2031; baseline 0.005 -26"><span class='ocrx_word' id='word_1_119' title='bbox 71 1938 245 2008; x_wconf 88' lang='lat' dir='ltr'>decretum</span> <span class='ocrx_word' id='word_1_120' title='bbox 268 1940 363 2011; x_wconf 90' lang='lat' dir='ltr'>sicut</span> <span class='ocrx_word' id='word_1_121' title='bbox 384 1941 588 2010; x_wconf 87' lang='lat' dir='ltr'>antecedens</span> <span class='ocrx_word' id='word_1_122' title='bbox 611 1941 809 2031; x_wconf 88' lang='lat' dir='ltr'>pertinebat</span> <span class='ocrx_word' id='word_1_123' title='bbox 830 1941 876 2009; x_wconf 92' lang='lat' dir='ltr'>ad</span> <span class='ocrx_word' id='word_1_124' title='bbox 898 1941 1142 2010; x_wconf 89' lang='lat' dir='ltr'>declarandam</span> <span class='ocrx_word' id='word_1_125' title='bbox 1164 1964 1244 2012; x_wconf 89' lang='lat' dir='ltr'>auc·</span> 
     </span>
     <span class='ocr_line' id='line_1_17' title="bbox 73 2046 1246 2141; baseline 0.005 -28"><span class='ocrx_word' id='word_1_126' title='bbox 73 2046 248 2116; x_wconf 86' lang='lat' dir='ltr'>toritatem</span> <span class='ocrx_word' id='word_1_127' title='bbox 271 2049 428 2118; x_wconf 89' lang='lat' dir='ltr'>divinam</span> <span class='ocrx_word' id='word_1_128' title='bbox 450 2049 751 2134; x_wconf 87' lang='lat' dir='ltr'>testimoniorum,</span> <span class='ocrx_word' id='word_1_129' title='bbox 777 2049 902 2141; x_wconf 89' lang='lat' dir='ltr'>quibus</span> <span class='ocrx_word' id='word_1_130' title='bbox 938 2048 1102 2138; x_wconf 85' lang='lat' dir='ltr'>Synodus</span> <span class='ocrx_word' id='word_1_131' title='bbox 1135 2072 1246 2119; x_wconf 89' lang='lat' dir='ltr'>usura</span> 
     </span>
     <span class='ocr_line' id='line_1_18' title="bbox 76 2156 1243 2246; baseline 0.005 -25"><span class='ocrx_word' id='word_1_132' title='bbox 76 2156 195 2223; x_wconf 91' lang='lat' dir='ltr'>eratin</span> <span class='ocrx_word' id='word_1_133' title='bbox 211 2157 457 2225; x_wconf 87' lang='lat' dir='ltr'>confirmandis</span> <span class='ocrx_word' id='word_1_134' title='bbox 474 2156 696 2246; x_wconf 84' lang='lat' dir='ltr'>ddgmatibus</span> <span class='ocrx_word' id='word_1_135' title='bbox 707 2163 744 2226; x_wconf 89' lang='lat' dir='ltr'>et</span> <span class='ocrx_word' id='word_1_136' title='bbox 755 2157 997 2226; x_wconf 88' lang='lat' dir='ltr'>instaurandis</span> <span class='ocrx_word' id='word_1_137' title='bbox 1013 2158 1166 2226; x_wconf 89' lang='lat' dir='ltr'>moribus</span> <span class='ocrx_word' id='word_1_138' title='bbox 1179 2159 1243 2246; x_wconf 91' lang='lat' dir='ltr'>(l).</span> 
     </span>
    </p>

    <p class='ocr_par' dir='ltr' id='par_1_2' title="bbox 81 2262 1251 4074">
     <span class='ocr_line' id='line_1_19' title="bbox 138 2262 1244 2355; baseline 0.003 -26"><span class='ocrx_word' id='word_1_139' title='bbox 138 2262 210 2330; x_wconf 89' lang='lat' dir='ltr'>Iam</span> <span class='ocrx_word' id='word_1_140' title='bbox 228 2264 341 2355; x_wconf 88' lang='lat' dir='ltr'>quoad</span> <span class='ocrx_word' id='word_1_141' title='bbox 357 2286 495 2333; x_wconf 88' lang='lat' dir='ltr'>sensum</span> <span class='ocrx_word' id='word_1_142' title='bbox 511 2269 548 2333; x_wconf 90' lang='lat' dir='ltr'>et</span> <span class='ocrx_word' id='word_1_143' title='bbox 564 2264 799 2333; x_wconf 82' lang='lat' dir='ltr'>extensionem</span> <span class='ocrx_word' id='word_1_144' title='bbox 815 2264 922 2332; x_wconf 91' lang='lat' dir='ltr'>huius</span> <span class='ocrx_word' id='word_1_145' title='bbox 938 2264 1152 2333; x_wconf 89' lang='lat' dir='ltr'>definitionis</span> <span class='ocrx_word' id='word_1_146' title='bbox 1168 2287 1244 2334; x_wconf 90' lang='lat' dir='ltr'>con-</span> 
     </span>
     <span class='ocr_line' id='line_1_20' title="bbox 81 2358 1247 2461; baseline 0.003 -24"><span class='ocrx_word' id='word_1_147' title='bbox 81 2368 147 2437; x_wconf 78' lang='lat' dir='ltr'>oedi</span> <span class='ocrx_word' id='word_1_148' title='bbox 162 2370 283 2461; x_wconf 87' lang='lat' dir='ltr'>utique</span> <span class='ocrx_word' id='word_1_149' title='bbox 300 2370 401 2440; x_wconf 88' lang='lat' dir='ltr'>debet</span> <span class='ocrx_word' id='word_1_150' title='bbox 415 2377 452 2441; x_wconf 89' lang='lat' dir='ltr'>et</span> <span class='ocrx_word' id='word_1_151' title='bbox 466 2371 698 2439; x_wconf 89' lang='lat' dir='ltr'>demonstrari</span> <span class='ocrx_word' id='word_1_152' title='bbox 713 2376 829 2460; x_wconf 88' lang='lat' dir='ltr'>potest</span> <span class='ocrx_word' id='word_1_153' title='bbox 845 2358 891 2438; x_wconf 87' lang='lat' dir='ltr'>ex</span> <span class='ocrx_word' id='word_1_154' title='bbox 903 2370 978 2459; x_wconf 88' lang='lat' dir='ltr'>ipso</span> <span class='ocrx_word' id='word_1_155' title='bbox 994 2392 1094 2460; x_wconf 88' lang='lat' dir='ltr'>scopo</span> <span class='ocrx_word' id='word_1_156' title='bbox 1115 2372 1247 2439; x_wconf 91' lang='lat' dir='ltr'>utrius-</span> 
     </span>
     <span class='ocr_line' id='line_1_21' title="bbox 82 2477 1246 2571; baseline 0.002 -26"><span class='ocrx_word' id='word_1_157' title='bbox 82 2498 140 2566; x_wconf 84' lang='lat' dir='ltr'>que</span> <span class='ocrx_word' id='word_1_158' title='bbox 160 2479 294 2547; x_wconf 88' lang='lat' dir='ltr'>decreti</span> <span class='ocrx_word' id='word_1_159' title='bbox 320 2485 425 2571; x_wconf 89' lang='lat' dir='ltr'>atque</span> <span class='ocrx_word' id='word_1_160' title='bbox 457 2502 500 2549; x_wconf 88' lang='lat' dir='ltr'>ex</span> <span class='ocrx_word' id='word_1_161' title='bbox 534 2479 617 2546; x_wconf 89' lang='lat' dir='ltr'>aliis</span> <span class='ocrx_word' id='word_1_162' title='bbox 640 2477 937 2547; x_wconf 87' lang='lat' dir='ltr'>manifestissimis</span> <span class='ocrx_word' id='word_1_163' title='bbox 960 2479 1179 2559; x_wconf 89' lang='lat' dir='ltr'>rationibus,</span> <span class='ocrx_word' id='word_1_164' title='bbox 1204 2480 1246 2548; x_wconf 90' lang='lat' dir='ltr'>de</span> 
     </span>
     <span class='ocr_line' id='line_1_22' title="bbox 83 2584 1246 2675; baseline 0.002 -22"><span class='ocrx_word' id='word_1_165' title='bbox 83 2584 196 2675; x_wconf 89' lang='lat' dir='ltr'>quibus</span> <span class='ocrx_word' id='word_1_166' title='bbox 218 2609 282 2655; x_wconf 90' lang='lat' dir='ltr'>suo</span> <span class='ocrx_word' id='word_1_167' title='bbox 304 2586 380 2656; x_wconf 90' lang='lat' dir='ltr'>loco</span> <span class='ocrx_word' id='word_1_168' title='bbox 403 2586 567 2670; x_wconf 83' lang='lat' dir='ltr'>diximus,</span> <span class='ocrx_word' id='word_1_169' title='bbox 585 2585 864 2655; x_wconf 86' lang='lat' dir='ltr'>conformitatem</span> <span class='ocrx_word' id='word_1_170' title='bbox 891 2585 1056 2654; x_wconf 88' lang='lat' dir='ltr'>editionis</span> <span class='ocrx_word' id='word_1_171' title='bbox 1079 2586 1246 2674; x_wconf 85' lang='lat' dir='ltr'>vulgatae</span> 
     </span>
     <span class='ocr_line' id='line_1_23' title="bbox 84 2693 1246 2783; baseline 0.002 -25"><span class='ocrx_word' id='word_1_172' title='bbox 84 2713 143 2760; x_wconf 90' lang='lat' dir='ltr'>non</span> <span class='ocrx_word' id='word_1_173' title='bbox 162 2716 236 2763; x_wconf 87' lang='lat' dir='ltr'>esse</span> <span class='ocrx_word' id='word_1_174' title='bbox 259 2693 474 2763; x_wconf 86' lang='lat' dir='ltr'>declaratam</span> <span class='ocrx_word' id='word_1_175' title='bbox 490 2693 590 2762; x_wconf 89' lang='lat' dir='ltr'>velut</span> <span class='ocrx_word' id='word_1_176' title='bbox 616 2693 840 2782; x_wconf 88' lang='lat' dir='ltr'>perfectionis</span> <span class='ocrx_word' id='word_1_177' title='bbox 866 2714 1045 2783; x_wconf 90' lang='lat' dir='ltr'>supremae</span> <span class='ocrx_word' id='word_1_178' title='bbox 1072 2694 1246 2783; x_wconf 88' lang='lat' dir='ltr'>pertiuen-</span> 
     </span>
     <span class='ocr_line' id='line_1_24' title="bbox 85 2800 1246 2893; baseline 0.003 -26"><span class='ocrx_word' id='word_1_179' title='bbox 85 2805 142 2868; x_wconf 83' lang='lat' dir='ltr'>tem</span> <span class='ocrx_word' id='word_1_180' title='bbox 163 2803 207 2871; x_wconf 89' lang='lat' dir='ltr'>ad</span> <span class='ocrx_word' id='word_1_181' title='bbox 229 2825 346 2871; x_wconf 89' lang='lat' dir='ltr'>omnes</span> <span class='ocrx_word' id='word_1_182' title='bbox 370 2807 406 2871; x_wconf 89' lang='lat' dir='ltr'>et</span> <span class='ocrx_word' id='word_1_183' title='bbox 427 2801 588 2889; x_wconf 89' lang='lat' dir='ltr'>singulas</span> <span class='ocrx_word' id='word_1_184' title='bbox 611 2800 828 2892; x_wconf 90' lang='lat' dir='ltr'>particulas,</span> <span class='ocrx_word' id='word_1_185' title='bbox 854 2800 999 2893; x_wconf 88' lang='lat' dir='ltr'>parique</span> <span class='ocrx_word' id='word_1_186' title='bbox 1030 2801 1166 2869; x_wconf 89' lang='lat' dir='ltr'>ratione</span> <span class='ocrx_word' id='word_1_187' title='bbox 1188 2824 1246 2870; x_wconf 92' lang='lat' dir='ltr'>no·</span> 
     </span>
     <span class='ocr_line' id='line_1_25' title="bbox 86 2908 1247 3001; baseline 0.001 -25"><span class='ocrx_word' id='word_1_188' title='bbox 86 2908 163 2978; x_wconf 87' lang='lat' dir='ltr'>uine</span> <span class='ocrx_word' id='word_1_189' title='bbox 181 2940 198 2974; x_wconf 75' lang='lat' dir='ltr'>a</span> <span class='ocrx_word' id='word_1_190' title='bbox 211 2911 366 3001; x_wconf 85' lang='lat' dir='ltr'>partium</span> <span class='ocrx_word' id='word_1_191' title='bbox 377 2910 559 2993; x_wconf 90' lang='lat' dir='ltr'>librorum,</span> <span class='ocrx_word' id='word_1_192' title='bbox 577 2916 683 2999; x_wconf 91' lang='lat' dir='ltr'>prout</span> <span class='ocrx_word' id='word_1_193' title='bbox 698 2909 736 2976; x_wconf 92' lang='lat' dir='ltr'>in</span> <span class='ocrx_word' id='word_1_194' title='bbox 751 2909 865 2978; x_wconf 88' lang='lat' dir='ltr'>veteri</span> <span class='ocrx_word' id='word_1_195' title='bbox 884 2908 1033 2998; x_wconf 86' lang='lat' dir='ltr'>vulgata</span> <span class='ocrx_word' id='word_1_196' title='bbox 1048 2908 1162 2978; x_wconf 90' lang='lat' dir='ltr'>latina</span> <span class='ocrx_word' id='word_1_197' title='bbox 1176 2910 1247 2979; x_wconf 90' lang='lat' dir='ltr'>edi·</span> 
     </span>
     <span class='ocr_line' id='line_1_26' title="bbox 85 3013 1250 3104; baseline 0 -20"><span class='ocrx_word' id='word_1_198' title='bbox 85 3013 167 3086; x_wconf 87' lang='lat' dir='ltr'>tions</span> <span class='ocrx_word' id='word_1_199' title='bbox 188 3018 363 3088; x_wconf 87' lang='lat' dir='ltr'>habentur</span> <span class='ocrx_word' id='word_1_200' title='bbox 376 3046 408 3101; x_wconf 78' lang='lat' dir='ltr'>n,</span> <span class='ocrx_word' id='word_1_201' title='bbox 425 3040 493 3085; x_wconf 90' lang='lat' dir='ltr'>non</span> <span class='ocrx_word' id='word_1_202' title='bbox 510 3039 584 3085; x_wconf 89' lang='lat' dir='ltr'>esse</span> <span class='ocrx_word' id='word_1_203' title='bbox 600 3015 833 3104; x_wconf 85' lang='lat' dir='ltr'>intelligenda</span> <span class='ocrx_word' id='word_1_204' title='bbox 856 3016 971 3083; x_wconf 90' lang='lat' dir='ltr'>omnia</span> <span class='ocrx_word' id='word_1_205' title='bbox 985 3021 1049 3083; x_wconf 91' lang='lat' dir='ltr'>aut</span> <span class='ocrx_word' id='word_1_206' title='bbox 1064 3017 1171 3087; x_wconf 83' lang='lat' dir='ltr'>verba</span> <span class='ocrx_word' id='word_1_207' title='bbox 1187 3022 1250 3084; x_wconf 91' lang='lat' dir='ltr'>aut</span> 
     </span>
     <span class='ocr_line' id='line_1_27' title="bbox 87 3121 1246 3214; baseline -0.002 -21"><span class='ocrx_word' id='word_1_208' title='bbox 87 3125 194 3210; x_wconf 89' lang='lat' dir='ltr'>incisa,</span> <span class='ocrx_word' id='word_1_209' title='bbox 219 3125 409 3195; x_wconf 92' lang='lat' dir='ltr'>cuiuslibet</span> <span class='ocrx_word' id='word_1_210' title='bbox 423 3124 516 3193; x_wconf 91' lang='lat' dir='ltr'>modi</span> <span class='ocrx_word' id='word_1_211' title='bbox 531 3145 572 3192; x_wconf 87' lang='lat' dir='ltr'>aa</span> <span class='ocrx_word' id='word_1_212' title='bbox 587 3124 672 3192; x_wconf 89' lang='lat' dir='ltr'>sint.</span> <span class='ocrx_word' id='word_1_213' title='bbox 691 3122 744 3189; x_wconf 90' lang='lat' dir='ltr'>At</span> <span class='ocrx_word' id='word_1_214' title='bbox 765 3123 843 3212; x_wconf 91' lang='lat' dir='ltr'>pari</span> <span class='ocrx_word' id='word_1_215' title='bbox 857 3122 993 3191; x_wconf 90' lang='lat' dir='ltr'>ratione</span> <span class='ocrx_word' id='word_1_216' title='bbox 1017 3121 1048 3190; x_wconf 94' lang='lat'>1·</span> <span class='ocrx_word' id='word_1_217' title='bbox 1066 3144 1109 3191; x_wconf 89' lang='lat' dir='ltr'>ex</span> <span class='ocrx_word' id='word_1_218' title='bbox 1133 3145 1246 3214; x_wconf 90' lang='lat' dir='ltr'>scopo,</span> 
     </span>
     <span class='ocr_line' id='line_1_28' title="bbox 89 3231 1249 3324; baseline -0.003 -21"><span class='ocrx_word' id='word_1_219' title='bbox 89 3257 173 3323; x_wconf 87' lang='lat' dir='ltr'>quem</span> <span class='ocrx_word' id='word_1_220' title='bbox 194 3234 388 3303; x_wconf 84' lang='lat' dir='ltr'>Concilium</span> <span class='ocrx_word' id='word_1_221' title='bbox 411 3233 526 3324; x_wconf 92' lang='lat' dir='ltr'>ipsum</span> <span class='ocrx_word' id='word_1_222' title='bbox 550 3232 633 3300; x_wconf 92' lang='lat' dir='ltr'>huic</span> <span class='ocrx_word' id='word_1_223' title='bbox 657 3231 798 3323; x_wconf 89' lang='lat' dir='ltr'>utrique</span> <span class='ocrx_word' id='word_1_224' title='bbox 814 3231 952 3300; x_wconf 88' lang='lat' dir='ltr'>decreto</span> <span class='ocrx_word' id='word_1_225' title='bbox 968 3231 1160 3320; x_wconf 85' lang='lat' dir='ltr'>praefixum</span> <span class='ocrx_word' id='word_1_226' title='bbox 1175 3253 1249 3299; x_wconf 87' lang='lat' dir='ltr'>esse</span> 
     </span>
     <span class='ocr_line' id='line_1_29' title="bbox 89 3337 1250 3427; baseline -0.002 -21"><span class='ocrx_word' id='word_1_227' title='bbox 89 3339 183 3426; x_wconf 86' lang='lat' dir='ltr'>docet,</span> <span class='ocrx_word' id='word_1_228' title='bbox 207 3340 530 3410; x_wconf 82' lang='lat' dir='ltr'>manifestissimum</span> <span class='ocrx_word' id='word_1_229' title='bbox 554 3338 708 3423; x_wconf 87' lang='lat' dir='ltr'>videtur,</span> <span class='ocrx_word' id='word_1_230' title='bbox 734 3337 907 3406; x_wconf 87' lang='lat' dir='ltr'>declarari</span> <span class='ocrx_word' id='word_1_231' title='bbox 922 3337 1106 3407; x_wconf 89' lang='lat' dir='ltr'>canonicas</span> <span class='ocrx_word' id='word_1_232' title='bbox 1132 3343 1250 3427; x_wconf 87' lang='lat' dir='ltr'>partes</span> 
     </span>
     <span class='ocr_line' id='line_1_30' title="bbox 90 3443 1249 3539; baseline -0.001 -27"><span class='ocrx_word' id='word_1_233' title='bbox 90 3467 201 3533; x_wconf 88' lang='lat' dir='ltr'>omnes,</span> <span class='ocrx_word' id='word_1_234' title='bbox 226 3454 332 3539; x_wconf 90' lang='lat' dir='ltr'>prout</span> <span class='ocrx_word' id='word_1_235' title='bbox 362 3447 399 3515; x_wconf 89' lang='lat' dir='ltr'>in</span> <span class='ocrx_word' id='word_1_236' title='bbox 430 3446 543 3516; x_wconf 89' lang='lat' dir='ltr'>veteri</span> <span class='ocrx_word' id='word_1_237' title='bbox 574 3445 724 3536; x_wconf 88' lang='lat' dir='ltr'>vulgata</span> <span class='ocrx_word' id='word_1_238' title='bbox 753 3444 906 3514; x_wconf 92' lang='lat' dir='ltr'>editione</span> <span class='ocrx_word' id='word_1_239' title='bbox 938 3443 1136 3529; x_wconf 89' lang='lat' dir='ltr'>habentur,</span> <span class='ocrx_word' id='word_1_240' title='bbox 1162 3465 1249 3536; x_wconf 91' lang='lat' dir='ltr'>quae</span> 
     </span>
     <span class='ocr_line' id='line_1_31' title="bbox 90 3551 1249 3648; baseline 0 -28"><span class='ocrx_word' id='word_1_241' title='bbox 90 3552 199 3644; x_wconf 89' lang='lat' dir='ltr'>dogma</span> <span class='ocrx_word' id='word_1_242' title='bbox 220 3555 363 3648; x_wconf 88' lang='lat' dir='ltr'>aliquod</span> <span class='ocrx_word' id='word_1_243' title='bbox 379 3553 436 3624; x_wconf 87' lang='lat' dir='ltr'>vel</span> <span class='ocrx_word' id='word_1_244' title='bbox 452 3576 584 3622; x_wconf 91' lang='lat' dir='ltr'>morum</span> <span class='ocrx_word' id='word_1_245' title='bbox 607 3553 766 3643; x_wconf 88' lang='lat' dir='ltr'>regulam</span> <span class='ocrx_word' id='word_1_246' title='bbox 781 3575 843 3643; x_wconf 90' lang='lat' dir='ltr'>per</span> <span class='ocrx_word' id='word_1_247' title='bbox 867 3573 903 3620; x_wconf 90' lang='lat' dir='ltr'>se</span> <span class='ocrx_word' id='word_1_248' title='bbox 926 3556 963 3620; x_wconf 89' lang='lat' dir='ltr'>et</span> <span class='ocrx_word' id='word_1_249' title='bbox 985 3551 1116 3620; x_wconf 88' lang='lat' dir='ltr'>directe</span> <span class='ocrx_word' id='word_1_250' title='bbox 1143 3573 1249 3620; x_wconf 88' lang='lat' dir='ltr'>enun-</span> 
     </span>
     <span class='ocr_line' id='line_1_32' title="bbox 90 3657 1250 3753; baseline -0.003 -25"><span class='ocrx_word' id='word_1_251' title='bbox 90 3658 178 3748; x_wconf 85' lang='lat' dir='ltr'>tiant,</span> <span class='ocrx_word' id='word_1_252' title='bbox 196 3663 379 3753; x_wconf 87' lang='lat' dir='ltr'>eodemque</span> <span class='ocrx_word' id='word_1_253' title='bbox 395 3660 539 3751; x_wconf 90' lang='lat' dir='ltr'>proinde</span> <span class='ocrx_word' id='word_1_254' title='bbox 558 3681 662 3728; x_wconf 89' lang='lat' dir='ltr'>sensu</span> <span class='ocrx_word' id='word_1_255' title='bbox 677 3658 862 3728; x_wconf 91' lang='lat' dir='ltr'>editionem</span> <span class='ocrx_word' id='word_1_256' title='bbox 877 3657 1059 3746; x_wconf 88' lang='lat' dir='ltr'>vulgatam</span> <span class='ocrx_word' id='word_1_257' title='bbox 1076 3657 1250 3726; x_wconf 86' lang='lat' dir='ltr'>declarari</span> 
     </span>
     <span class='ocr_line' id='line_1_33' title="bbox 91 3763 1250 3855; baseline -0.003 -21"><span class='ocrx_word' id='word_1_258' title='bbox 91 3769 324 3841; x_wconf 77' lang='lat' dir='ltr'>authenticam.</span> <span class='ocrx_word' id='word_1_259' title='bbox 349 3767 430 3838; x_wconf 90' lang='lat' dir='ltr'>Nisi</span> <span class='ocrx_word' id='word_1_260' title='bbox 453 3767 517 3836; x_wconf 92' lang='lat' dir='ltr'>hoc</span> <span class='ocrx_word' id='word_1_261' title='bbox 540 3765 594 3834; x_wconf 85' lang='lat' dir='ltr'>ita</span> <span class='ocrx_word' id='word_1_262' title='bbox 614 3772 718 3851; x_wconf 86' lang='lat' dir='ltr'>esset,</span> <span class='ocrx_word' id='word_1_263' title='bbox 744 3767 920 3835; x_wconf 88' lang='lat' dir='ltr'>decretum</span> <span class='ocrx_word' id='word_1_264' title='bbox 952 3787 1016 3835; x_wconf 91' lang='lat' dir='ltr'>suo</span> <span class='ocrx_word' id='word_1_265' title='bbox 1050 3786 1150 3855; x_wconf 90' lang='lat' dir='ltr'>scopo</span> <span class='ocrx_word' id='word_1_266' title='bbox 1173 3763 1250 3831; x_wconf 90' lang='lat' dir='ltr'>nul-</span> 
     </span>
     <span class='ocr_line' id='line_1_34' title="bbox 93 3873 1251 3971; baseline -0.006 -24"><span class='ocrx_word' id='word_1_267' title='bbox 93 3873 215 3949; x_wconf 79' lang='lat' dir='ltr'>banus</span> <span class='ocrx_word' id='word_1_268' title='bbox 237 3878 473 3971; x_wconf 86' lang='lat' dir='ltr'>responderet.</span> <span class='ocrx_word' id='word_1_269' title='bbox 500 3877 540 3947; x_wconf 86' lang='lat' dir='ltr'>Si</span> <span class='ocrx_word' id='word_1_270' title='bbox 562 3875 656 3946; x_wconf 87' lang='lat' dir='ltr'>enim</span> <span class='ocrx_word' id='word_1_271' title='bbox 677 3875 814 3944; x_wconf 88' lang='lat' dir='ltr'>nomine</span> <span class='ocrx_word' id='word_1_272' title='bbox 832 3876 1016 3965; x_wconf 80' lang='lat' dir='ltr'>partiam,</span> <span class='ocrx_word' id='word_1_273' title='bbox 1040 3895 1129 3964; x_wconf 91' lang='lat' dir='ltr'>quae</span> <span class='ocrx_word' id='word_1_274' title='bbox 1151 3893 1251 3941; x_wconf 91' lang='lat' dir='ltr'>cauo·</span> 
     </span>
     <span class='ocr_line' id='line_1_35' title="bbox 94 3981 1249 4074; baseline -0.003 -23"><span class='ocrx_word' id='word_1_275' title='bbox 94 3983 175 4055; x_wconf 79' lang='lat' dir='ltr'>mese</span> <span class='ocrx_word' id='word_1_276' title='bbox 203 3986 452 4071; x_wconf 88' lang='lat' dir='ltr'>declarantur,</span> <span class='ocrx_word' id='word_1_277' title='bbox 477 3984 786 4074; x_wconf 84' lang='lat' dir='ltr'>intelligerentur,</span> <span class='ocrx_word' id='word_1_278' title='bbox 813 3989 854 4052; x_wconf 85' lang='lat' dir='ltr'>ut</span> <span class='ocrx_word' id='word_1_279' title='bbox 884 3981 1083 4052; x_wconf 89' lang='lat' dir='ltr'>adversarii</span> <span class='ocrx_word' id='word_1_280' title='bbox 1113 3981 1249 4065; x_wconf 86' lang='lat' dir='ltr'>volunt,</span> 
     </span>
    </p>
   </div>
   <div class='ocr_carea' id='block_1_2' title="bbox 96 4160 1255 4498">
    <p class='ocr_par' dir='ltr' id='par_1_3' title="bbox 96 4160 1255 4498">
     <span class='ocr_line' id='line_1_36' title="bbox 151 4160 1252 4244; baseline -0.01 -18"><span class='ocrx_word' id='word_1_281' title='bbox 151 4167 190 4244; x_wconf 85' lang='lat'>(1)</span> <span class='ocrx_word' id='word_1_282' title='bbox 210 4171 379 4226; x_wconf 77' lang='lat' dir='ltr'>«Conventa</span> <span class='ocrx_word' id='word_1_283' title='bbox 396 4171 494 4225; x_wconf 80' lang='lat' dir='ltr'>levare</span> <span class='ocrx_word' id='word_1_284' title='bbox 514 4168 580 4233; x_wconf 77' lang='lat' dir='ltr'>ogni</span> <span class='ocrx_word' id='word_1_285' title='bbox 604 4166 709 4220; x_wconf 87' lang='lat' dir='ltr'>dubbio</span> <span class='ocrx_word' id='word_1_286' title='bbox 733 4181 818 4233; x_wconf 83' lang='lat' dir='ltr'>sopra</span> <span class='ocrx_word' id='word_1_287' title='bbox 836 4165 847 4217; x_wconf 93' lang='lat' dir='ltr'>i</span> <span class='ocrx_word' id='word_1_288' title='bbox 864 4163 1043 4219; x_wconf 72' lang='lat' dir='ltr'>fondamenti</span> <span class='ocrx_word' id='word_1_289' title='bbox 1066 4160 1141 4216; x_wconf 90' lang='lat' dir='ltr'>delle</span> <span class='ocrx_word' id='word_1_290' title='bbox 1156 4160 1252 4231; x_wconf 77' lang='lat' dir='ltr'>lutore</span> 
     </span>
     <span class='ocr_line' id='line_1_37' title="bbox 97 4252 1255 4330; baseline -0.007 -19"><span class='ocrx_word' id='word_1_291' title='bbox 97 4253 249 4315; x_wconf 72' lang='lat' dir='ltr'>dationi...</span> <span class='ocrx_word' id='word_1_292' title='bbox 272 4264 340 4330; x_wconf 82' lang='lat' dir='ltr'>perd</span> <span class='ocrx_word' id='word_1_293' title='bbox 359 4261 385 4313; x_wconf 87' lang='lat' dir='ltr'>sl</span> <span class='ocrx_word' id='word_1_294' title='bbox 404 4258 542 4314; x_wconf 87' lang='lat' dir='ltr'>condusse</span> <span class='ocrx_word' id='word_1_295' title='bbox 562 4257 607 4330; x_wconf 91' lang='lat' dir='ltr'>(il</span> <span class='ocrx_word' id='word_1_296' title='bbox 627 4252 777 4327; x_wconf 71' lang='lat' dir='ltr'>Concilio)</span> <span class='ocrx_word' id='word_1_297' title='bbox 798 4272 815 4307; x_wconf 82' lang='lat' dir='ltr'>a</span> <span class='ocrx_word' id='word_1_298' title='bbox 838 4257 920 4309; x_wconf 84' lang='lat' dir='ltr'>roler</span> <span class='ocrx_word' id='word_1_299' title='bbox 940 4254 1101 4307; x_wconf 86' lang='lat' dir='ltr'>dichiarare</span> <span class='ocrx_word' id='word_1_300' title='bbox 1121 4254 1151 4304; x_wconf 91' lang='lat' dir='ltr'>in</span> <span class='ocrx_word' id='word_1_301' title='bbox 1174 4253 1255 4304; x_wconf 81' lang='lat' dir='ltr'>virtu</span> 
     </span>
     <span class='ocr_line' id='line_1_38' title="bbox 96 4343 1254 4420; baseline -0.005 -22"><span class='ocrx_word' id='word_1_302' title='bbox 96 4344 151 4403; x_wconf 75' lang='lat' dir='ltr'>drll’</span> <span class='ocrx_word' id='word_1_303' title='bbox 160 4353 315 4405; x_wconf 68' lang='lat' dir='ltr'>assistens·</span> <span class='ocrx_word' id='word_1_304' title='bbox 328 4365 473 4420; x_wconf 82' lang='lat' dir='ltr'>promessa</span> <span class='ocrx_word' id='word_1_305' title='bbox 483 4349 562 4403; x_wconf 86' lang='lat' dir='ltr'>dallo</span> <span class='ocrx_word' id='word_1_306' title='bbox 573 4348 681 4416; x_wconf 85' lang='lat' dir='ltr'>Spiritu</span> <span class='ocrx_word' id='word_1_307' title='bbox 701 4348 800 4412; x_wconf 78' lang='lat' dir='ltr'>Sento,</span> <span class='ocrx_word' id='word_1_308' title='bbox 812 4361 864 4414; x_wconf 90' lang='lat' dir='ltr'>per</span> <span class='ocrx_word' id='word_1_309' title='bbox 884 4346 1055 4400; x_wconf 86' lang='lat' dir='ltr'>autenticae</span> <span class='ocrx_word' id='word_1_310' title='bbox 1068 4344 1164 4396; x_wconf 82' lang='lat' dir='ltr'>sicura</span> <span class='ocrx_word' id='word_1_311' title='bbox 1175 4343 1254 4409; x_wconf 86' lang='lat' dir='ltr'>qual-</span> 
     </span>
     <span class='ocr_line' id='line_1_39' title="bbox 96 4430 1254 4498; baseline -0.014 -1"><span class='ocrx_word' id='word_1_312' title='bbox 96 4437 136 4490; x_wconf 67' lang='lat' dir='ltr'>tlr</span> <span class='ocrx_word' id='word_1_313' title='bbox 151 4444 321 4498; x_wconf 73' lang='lat' dir='ltr'>truluione</span> <span class='ocrx_word' id='word_1_314' title='bbox 333 4443 428 4497; x_wconf 80' lang='lat' dir='ltr'>latina</span> <span class='ocrx_word' id='word_1_315' title='bbox 448 4441 524 4496; x_wconf 86' lang='lat' dir='ltr'>delle</span> <span class='ocrx_word' id='word_1_316' title='bbox 537 4456 617 4496; x_wconf 83' lang='lat' dir='ltr'>sacre</span> <span class='ocrx_word' id='word_1_317' title='bbox 631 4441 734 4494; x_wconf 85' lang='lat' dir='ltr'>lettere</span> <span class='ocrx_word' id='word_1_318' title='bbox 751 4461 763 4489; x_wconf 75' lang='lat' dir='ltr'>s</span> <span class='ocrx_word' id='word_1_319' title='bbox 778 4442 831 4492; x_wconf 80' lang='lat' dir='ltr'>etc.</span> <span class='ocrx_word' id='word_1_320' title='bbox 842 4437 983 4492; x_wconf 75' lang='lat' dir='ltr'>Pallanta.</span> <span class='ocrx_word' id='word_1_321' title='bbox 996 4438 1016 4487; x_wconf 93' lang='lat' dir='ltr'>l.</span> <span class='ocrx_word' id='word_1_322' title='bbox 1028 4436 1078 4489; x_wconf 85' lang='lat' dir='ltr'>Vl.</span> <span class='ocrx_word' id='word_1_323' title='bbox 1093 4450 1117 4486; x_wconf 91' lang='lat' dir='ltr'>c.</span> <span class='ocrx_word' id='word_1_324' title='bbox 1132 4433 1175 4484; x_wconf 78' lang='lat'>17.</span> <span class='ocrx_word' id='word_1_325' title='bbox 1186 4447 1216 4483; x_wconf 91' lang='lat' dir='ltr'>n.</span> <span class='ocrx_word' id='word_1_326' title='bbox 1227 4430 1254 4481; x_wconf 79' lang='lat'>5.</span> 
     </span>
    </p>
   </div>
   <div class='ocr_carea' id='block_1_3' title="bbox 0 0 1609 4950">
    <p class='ocr_par' dir='ltr' id='par_1_4' title="bbox 0 0 1609 4950">
     <span class='ocr_line' id='line_1_40' title="bbox 0 0 1609 4950; baseline 0 0"><span class='ocrx_word' id='word_1_327' title='bbox 0 0 1609 4950; x_wconf 95' lang='lat' dir='ltr'> </span> 
     </span>
    </p>
   </div>
  </div>
 </body>
</html>
