3172 4950
626 354 664 369 -
687 320 747 383 443
767 352 805 365 -

205 424 277 495 Una
299 430 455 515 remanet
470 426 670 512 difficultas,
690 448 759 519 quc
782 426 881 495 velut
903 448 966 494 suo
982 432 1187 516 argumento
1203 450 1301 518 prae·

180 554 235 621 puo
257 538 408 602 utuntur
432 532 654 602 Schismatici
678 535 723 602 ad
747 532 854 602 huius
870 539 905 601 et
921 533 1070 603 aliorum
1086 535 1300 603 testimonio·

180 662 212 707 m
232 640 303 710 vim
326 640 544 710 eludendam.
559 641 679 710 Potest
691 642 817 732 quippe
833 641 915 725 dici,
933 642 998 710 hoc
1015 641 1088 711 loco
1105 665 1214 734 neque
1231 665 1301 712 ser·

180 766 361 815 cremense
384 747 426 815 de
449 746 666 835 processione
689 746 897 816 imminente
920 753 957 816 et
979 754 1121 817 aeterna
1145 749 1302 840 Spiritus

180 855 276 943 moti,
303 856 363 924 sed
386 854 427 923 de
451 855 649 944 operatione
672 856 710 924 in
733 860 886 946 tempore
909 856 1012 924 etad
1045 863 1157 924 extra.
1181 858 1302 949 Neque

180 960 226 1029 rim
247 963 379 1033 dicitur
402 964 559 1055 Spiritus
583 964 733 1032 Sanctus
755 964 1042 1032 communicatam
1074 964 1229 1055 aooipere
1252 987 1303 1034 es·

180 1068 293 1155 utiam,
313 1071 373 1140 sed
389 1072 546 1162 accipere
569 1070 610 1140 de
634 1071 796 1140 doctrina
818 1069 965 1156 Christi,
980 1071 1084 1164 idque
1107 1072 1144 1140 in
1169 1074 1301 1158 futuro,

179 1198 201 1243 o
220 1184 373 1268 tempore
396 1179 532 1247 scilicet
553 1178 796 1267 inspirationis
819 1179 856 1246 in
879 1178 1059 1268 Apostolis
1082 1185 1118 1248 et
1140 1180 1304 1250 assisten-

180 1304 210 1355 te
230 1288 266 1355 in
289 1286 685 1378 Ecclesiaproindeque
708 1309 770 1377 pro
794 1287 993 1377 operatione
1017 1287 1061 1356 ad
1084 1296 1197 1357 extra.

204 1394 471 1485 Respondemus:
498 1396 540 1462 1·.
566 1394 746 1464 evidenter
770 1417 838 1462 non
862 1400 917 1463 est
939 1418 1050 1463 sermo
1075 1396 1184 1464 solum
1208 1396 1304 1467 inde·

179 1501 320 1570 nminate
343 1502 384 1569 de
408 1501 606 1591 operatione
636 1502 680 1569 ed
704 1508 826 1586 extra,
856 1502 915 1571 sed
943 1502 1067 1571 saltem
1097 1504 1305 1573 enuntiatur

179 1610 291 1697 peratio
315 1609 472 1699 Spiritus
496 1609 618 1678 Sancti
640 1610 717 1694 ita,
745 1616 786 1695 ut
808 1610 893 1679 haee
924 1611 974 1679 sit
1005 1613 1255 1682 communicata
1283 1636 1305 1681 a

179 1716 241 1785 ilio.
254 1718 297 1787 Id
313 1718 528 1787 demonstrat
550 1725 625 1785 tum
648 1717 779 1787 locutio
802 1722 985 1807 nepetino:
1009 1742 1078 1786 non
1106 1720 1305 1813 loquetura

179 1826 344 1915 enctips03
369 1832 444 1893 tum
468 1826 677 1916 affirmatio:
702 1847 936 1918 quaecumque
968 1826 1088 1896 audiet
1118 1827 1304 1919 loquetur,

179 1952 275 2001 oneo
297 1932 447 2023 accipiet
469 1940 506 2001 et
527 1933 755 2002 annuntiabit
776 1933 1014 2025 vobisAtqui
1038 1935 1131 2004 siout
1153 1936 1245 2005 actio
1269 1938 1306 2005 in

179 2041 295 2109 crsonis
318 2040 453 2110 divinis
475 2064 544 2109 non
568 2049 623 2110 est
645 2041 742 2109 aliud
768 2062 870 2133 quem
898 2042 975 2132 ipsa
1004 2042 1127 2112 divina
1157 2045 1308 2113 essentia

178 2166 232 2215 rum
253 2155 413 2239 respectu
435 2149 480 2217 ad
503 2152 632 2233 extro),
657 2149 710 2217 ite
733 2147 997 2217 communicatio
1029 2150 1241 2239 operationis
1264 2154 1308 2219 eb

178 2272 215 2321 ua
232 2276 378 2345 persona
400 2256 445 2323 ad
468 2254 575 2321 aliam
597 2277 665 2323 non
689 2263 742 2323 est
765 2254 835 2322 nisi
858 2256 1121 2325 communicatio
1136 2260 1308 2327 esseutiae

178 2378 208 2429 m
223 2367 369 2432 naturae
392 2362 545 2431 divinae.
564 2362 663 2431 Unde
685 2363 790 2431 etiam
814 2361 931 2431 Filius
948 2384 1044 2430 suam
1057 2365 1308 2453 processionem

192 2469 287 2541 Patre
310 2472 525 2541 demonstrat
547 2495 590 2540 ex
613 2471 750 2539 unitate
779 2462 950 2555 actionis,
977 2493 1064 2562 quae
1094 2493 1115 2538 a
1138 2472 1243 2542 Patre
1270 2474 1308 2541 in

178 2598 253 2664 psum
275 2578 408 2648 Filium
432 2580 729 2663 communicatur,
755 2585 796 2648 ut
819 2578 922 2668 paulo
946 2586 1027 2647 ante
1052 2578 1216 2649 diximus.

209 2686 248 2754 2¹.
265 2686 362 2770 Quid
385 2686 434 2755 sit
456 2686 547 2755 illud
570 2711 696 2769 meum,
715 2689 756 2756 de
780 2709 846 2778 quo
871 2686 1028 2777 Spiritus
1051 2686 1201 2757 Sanctus
1225 2687 1308 2758 dioi-

178 2812 205 2861 ιι
223 2794 401 2885 accipere,
428 2795 550 2887 quaeri
572 2802 687 2885 potest
710 2794 911 2885 dupliciter,
931 2793 1015 2886 quid
1039 2794 1089 2863 sit
1111 2794 1310 2864 formaliter

177 2904 243 2993 tque
266 2904 456 2972 secundum
479 2902 737 2971 distinctionem
761 2902 921 2986 rationis,
941 2902 1077 2994 etquid
1093 2902 1309 2972 sitidentice

177 3030 186 3077 r
203 3010 360 3080 realiter.
378 3011 421 3078 In
445 3010 703 3101 significatione
725 3009 866 3078 formali
882 3010 1010 3078 iterum
1024 3009 1197 3100 distingui
1210 3011 1311 3080 debet

177 3124 185 3187 t
204 3128 259 3189 est
281 3120 510 3189 intrinsecum
526 3141 566 3189 ac
582 3120 872 3188 communicatum
887 3115 957 3207 ipsi
972 3139 1137 3208 personae
1154 3118 1308 3205 divinae,

197 3234 305 3318 prout
328 3226 408 3296 inde
431 3234 484 3295 est
506 3225 641 3318 aliquid
665 3225 840 3294 transiens
863 3225 901 3292 in
924 3232 1097 3295 creatura.
1127 3226 1169 3295 In
1187 3226 1312 3296 ultima

177 3356 206 3403 ro
228 3334 487 3423 significatione
510 3334 601 3411 illud
624 3357 731 3399 meacm
752 3337 809 3401 est
830 3332 1009 3401 doctrinae
1033 3334 1258 3403 annuntiatio
1278 3342 1314 3404 et

177 3462 218 3511 aa
232 3440 408 3509 doctrina:
431 3470 448 3504 a
462 3462 549 3532 quae
565 3447 717 3509 ventura
732 3446 816 3508 sunt
826 3438 1054 3508 annuntiabit
1065 3441 1176 3527 vobis;
1194 3469 1210 3503 n
1239 3470 1256 3504 a
1270 3442 1312 3511 de

177 3570 214 3619 eo
238 3546 410 3638 accipiet,
436 3555 472 3615 et
501 3546 727 3616 annuntiabit
753 3547 865 3615 vobis.
885 3572 901 3605 n
926 3544 1069 3613 Actioni
1092 3546 1174 3615 huic
1197 3553 1311 3616 trans·

176 3655 241 3729 nti
263 3646 449 3747 respondet
470 3661 508 3724 et
529 3655 738 3746 supponitur
761 3655 799 3723 in
822 3676 969 3745 persono
984 3653 1107 3722 divina
1122 3654 1313 3724 immanens

178 3764 318 3857 pientia
339 3770 375 3833 et
397 3763 563 3848 scientia,
589 3769 626 3832 et
641 3762 730 3831 hauc
745 3763 953 3852 sapientiam
971 3762 1212 3830 immanentem
1227 3761 1313 3831 dici·

176 3896 203 3943 .r
219 3872 379 3963 Spiritus
394 3870 558 3941 veritatis
573 3872 730 3962 accipere
745 3892 766 3937 a
781 3870 885 3956 Filio;
899 3868 967 3938 tali
990 3869 1079 3938 enim
1103 3869 1315 3939 solummodo

176 3980 343 4072 ceptione
365 4001 436 4048 una
458 4001 606 4069 persona
628 3978 751 4048 divina
773 3984 889 4069 potest
912 3976 1031 4045 audire
1046 3979 1090 4046 ab
1106 3976 1219 4065 altera
1235 4002 1311 4069 per·

176 4111 241 4159 ma.
256 4088 375 4178 Igitur
398 4088 436 4155 in
452 4089 707 4177 significatione
717 4087 870 4174 formali
884 4086 977 4155 illud
993 4111 1112 4168 merem,
1129 4086 1220 4178 quod
1238 4086 1315 4175 Spi-

176 4204 236 4267 tus
260 4194 426 4266 veritatis
449 4194 581 4264 dicitur
603 4194 760 4285 accipere
784 4195 1074 4264 communicatum
1097 4216 1119 4262 a
1141 4194 1247 4276 Filio,
1262 4200 1317 4261 est

176 4304 307 4375 ›soluta
328 4302 501 4393 sapientia
524 4326 601 4372 cum
625 4310 783 4393 respectu
814 4303 859 4371 ad
874 4310 1013 4387 extra,
1047 4302 1091 4370 ad
1122 4301 1316 4371 doctrinam

176 4411 282 4481 ¹ilicet
304 4410 543 4501 inspirandam
566 4416 603 4479 et
625 4411 914 4481 annuntiandam.
928 4411 980 4479 At
1001 4410 1158 4499 profecto
1179 4408 1316 4498 sapien·
