3172 4950
704 302 741 316 ..
762 270 823 332 200
844 303 882 316 -

253 377 347 445 Huic
369 375 566 444 numericae
588 374 720 444 unitati
742 374 913 444 essentiae
934 379 972 443 et
993 370 1371 443 adtributorumintri·

210 485 274 552 bus
296 481 475 553 distinctis
498 481 589 550 nihil
613 483 731 567 obest,
756 480 847 573 quod
870 481 1024 551 essentia
1046 481 1085 550 in
1107 480 1216 549 Patre
1238 485 1293 548 est
1311 501 1365 550 non

209 590 461 661 communicata
483 595 519 658 et
541 587 859 673 communicabilis,
891 589 929 658 in
959 587 1054 657 Filio
1084 586 1365 657 communicatas

209 698 325 782 Patre,
340 698 377 765 in
391 696 529 787 Spiritu
545 695 672 766 Sancto
688 696 941 766 communicata
955 717 977 762 a
988 695 1093 764 Patre
1104 701 1142 765 st
1155 693 1265 779 Filio,
1282 692 1363 762 adae

208 828 274 897 que
299 805 462 874 videatur
485 804 590 873 aliter
614 828 650 873 se
672 804 799 873 habere
822 802 860 872 in
879 825 955 872 una
978 824 1127 895 peram
1141 823 1247 894 quam
1270 799 1307 868 in
1327 797 1363 866 al

208 917 297 980 tera.
320 913 389 981 Hic
411 912 502 980 enim
525 911 687 982 diversus
710 913 831 981 modus
853 934 921 980 non
944 910 1053 980 afficit
1074 911 1263 981 essentiam
1284 907 1364 975 abso

208 1017 281 1087 luta
306 1026 494 1110 spectatam
519 1042 580 1088 seu
604 1021 717 1110 ipsum
742 1017 939 1088 absolutum
968 1020 1077 1102 Em,
1102 1040 1213 1087 unum
1244 1015 1364 1085 omnino

207 1130 243 1192 et
266 1124 526 1212 indistinctum
553 1125 612 1195 sed
635 1125 696 1194 ille
719 1125 841 1195 modus
863 1125 980 1217 reipsa
1001 1131 1057 1196 est
1078 1124 1207 1194 relatio
1228 1119 1364 1215 paterni·

207 1232 307 1317 tatis,
333 1232 517 1302 filiationis
540 1241 576 1303 et
598 1233 840 1325 processionis.
861 1231 956 1316 Quid
979 1235 1071 1303 euim
1094 1233 1163 1301 sibi
1179 1231 1273 1315 vult,
1290 1226 1364 1320 quod

207 1343 353 1407 arentia
376 1344 413 1409 ιἰι
439 1344 545 1411 Patre
568 1357 616 1409 est
640 1344 924 1409 incommunicato
942 1357 975 1410 ct
998 1334 1363 1430 communicabilislld·
1405 1360 1411 1425 ς

207 1446 260 1514 hil
284 1447 406 1534 aliud,
433 1472 535 1541 quam
559 1449 649 1541 quod
665 1450 818 1518 essentia
840 1449 1002 1518 absoluta
1024 1454 1079 1518 eat
1101 1447 1210 1518 simm
1229 1445 1361 1538 quidre
1403 1512 1411 1543 ·.

206 1555 370 1642 lativum,
385 1564 423 1626 et
435 1560 498 1627 sub
510 1558 576 1626 hac
592 1558 728 1626 ratione
744 1557 890 1627 relativi
906 1564 961 1626 est
974 1580 1043 1626 non
1056 1556 1245 1648 procedens
1256 1555 1298 1623 ab
1308 1552 1360 1622 alio
1398 1614 1408 1643 ·.

212 1659 395 1752 (ἀγιννηιιν)
423 1664 482 1733 sed
505 1663 718 1755 principium
740 1664 933 1754 producens
956 1663 1109 1733 Verbum
1132 1685 1195 1732 seu
1210 1680 1359 1752 genusne
1396 1654 1411 1741 ξ

206 1770 340 1840 Filium
354 1796 362 1858 3
388 1793 490 1862 porro
513 1772 578 1839 sub
600 1770 666 1839 hac
682 1770 818 1840 ratione
834 1770 981 1840 relativi
996 1793 1033 1840 se
1050 1767 1214 1839 habentis
1228 1776 1271 1838 nt
1284 1766 1356 1858 prin·
1396 1766 1411 1837 ’ἶ

208 1879 337 1970 cipium
361 1878 406 1946 ad
428 1877 585 1963 Filium,
611 1878 767 1947 essentia
789 1878 858 1946 iam
880 1901 949 1946 non
973 1883 1028 1948 est
1050 1876 1247 1947 formaliter
1268 1895 1355 1944 esaan
1399 1922 1411 1983 ἶ

208 1986 262 2054 tia
283 1984 444 2054 absoluta
460 1984 660 2071 communis,
680 1984 738 2054 sed
754 1991 810 2054 est
825 1985 930 2054 Pater
945 1984 1162 2076 hypostasis.
1183 1982 1315 2052 Pariter
1325 1978 1354 2048 il·

207 2091 289 2160 lud:
317 2094 462 2158 essentia
486 2095 524 2156 in
547 2090 643 2158 Filio
667 2105 716 2158 est
740 2093 1007 2177 communicata,
1030 2114 1099 2160 non
1122 2090 1222 2160 aliud
1245 2084 1355 2178 signil-
1397 2094 1411 2177 ξ

208 2207 277 2284 ιιι,
297 2222 399 2292 quam
415 2199 505 2291 quod
528 2199 680 2268 essentia
703 2198 864 2268 absoluta
886 2205 941 2268 est
962 2198 1068 2268 simul
1090 2197 1281 2269 relativum
1300 2213 1356 2286 pro
1401 2192 1411 2281 Ξ,

208 2308 331 2377 cedens
354 2329 416 2398 per
439 2305 698 2396 generationem
716 2311 758 2373 ut
773 2305 926 2375 Verbum
942 2328 1003 2374 seu
1019 2310 1060 2374 ut
1074 2303 1194 2374 Filius
1210 2305 1253 2373 ab
1268 2301 1356 2371 alea
1403 2286 1411 2377 i

207 2414 370 2500 relativo,
390 2414 480 2505 quod
504 2420 558 2483 est
580 2413 686 2481 Pater
709 2434 903 2502 generans;
928 2419 1003 2483 tum
1027 2419 1143 2483 autem
1166 2411 1293 2481 iterum
1311 2401 1357 2475 sub

207 2522 274 2590 hac
297 2522 432 2590 ratione
455 2519 602 2590 relativi
625 2521 844 2610 procedentis
867 2527 909 2589 ut
931 2521 1108 2607 Verbum,
1134 2519 1287 2590 essentia
1308 2532 1358 2583 nou

208 2636 262 2698 est
286 2629 482 2699 formaliter
505 2628 657 2698 essentia
687 2626 847 2697 absoluta
874 2629 1081 2715 communis,
1107 2629 1167 2698 sed
1190 2633 1245 2700 est
1264 2620 1359 2694 Filia

207 2736 422 2828 hypostasis:
445 2736 650 2829 equaelibet
665 2736 773 2806 trium
789 2759 1016 2827 personarum
1038 2743 1093 2807 est
1114 2736 1181 2805 illa
1203 2759 1272 2819 res,
1286 2731 1360 2805 vide·

207 2844 292 2914 licet
316 2843 515 2914 substantia
534 2896 542 2931 ,
568 2844 721 2913 essentia
744 2866 806 2913 seu
833 2850 964 2914 natura
986 2844 1153 2914 divina...
1179 2851 1217 2914 et
1239 2842 1304 2912 illa
1321 2859 1364 2909 ιιι

207 2975 277 3021 non
300 2960 355 3021 est
377 2973 548 3043 generans
584 2975 694 3044 neque
730 2951 851 3041 genita
875 2976 984 3044 neque
1007 2952 1221 3044 propedem,
1247 2950 1307 3022 sed
1325 2952 1367 3019 ιιι

209 3060 315 3128 Pater
338 3060 400 3151 qui
423 3052 587 3149 generat,
613 3068 650 3130 et
681 3059 800 3128 Filius
831 3061 892 3152 qui
923 3068 1136 3150 generatur,
1162 3068 1199 3130 et
1228 3058 1370 3152 spirita

209 3165 360 3236 Sanctus
384 3167 446 3258 qui
468 3167 652 3258 procedit;
678 3172 720 3235 ut
743 3166 988 3237 distinctiones
1011 3167 1145 3237 sintin
1167 3166 1373 3259 personiset
1401 3156 1411 3191 ³

210 3272 331 3341 unitas
354 3274 391 3341 in
414 3281 544 3342 natura
558 3302 575 3337 n
600 3273 703 3343 Couc.
733 3274 854 3343 Later.
880 3274 945 3344 IV.
968 3298 1044 3365 cap.
1066 3276 1291 3343 Dcmncmas.
1316 3267 1375 3343 Sed

209 3377 295 3449 haec
318 3379 444 3449 melius
467 3379 713 3471 intelligentur
730 3380 817 3473 ‚ubi
844 3404 987 3472 agemus
1012 3383 1054 3452 ds
1075 3384 1220 3475 propria
1249 3379 1378 3452 ratione

207 3486 411 3577 hypostasis
434 3487 587 3557 divinae.

276 3593 447 3664 Probatio
462 3619 525 3685 pro
549 3595 615 3665 hac
637 3597 746 3666 trium
769 3619 995 3688 personarum
1010 3598 1149 3668 unitate
1171 3598 1211 3667 in
1226 3598 1381 3667 omnibus

210 3701 483 3791 perfectionibus
501 3702 674 3772 absolutis
690 3727 757 3771 non
773 3703 845 3773 alia
861 3705 1058 3774 necessaria
1073 3711 1127 3775 est
1142 3710 1380 3796 praeteream,

210 3830 279 3899 qua
302 3809 475 3877 divinitas
497 3809 585 3878 Filii
608 3818 644 3879 et
667 3810 824 3900 Spiritus
848 3811 973 3881 Sancti
989 3819 1024 3882 et
1039 3820 1292 3905 consequenter
1308 3811 1382 3882 uni·

209 3920 266 3983 tas
289 3917 460 3984 essentiae
483 3917 521 3985 in
544 3917 660 3986 tribus
684 3917 865 3986 distinctis
887 3920 1135 4011 multipliciter
1151 3920 1383 4012 superiusde·

210 4028 405 4091 monstrata
427 4030 492 4093 est.
510 4024 722 4094 Formaliter
753 4027 1020 4097 communicatio
1042 4029 1307 4098 adtributcrum
1329 4050 1385 4098 ex·

210 4128 377 4219 primitur
398 4132 436 4200 iu
464 4132 551 4203 locis
576 4132 804 4224 Scripturas,
830 4135 892 4203 ubi
922 4134 1040 4205 Filius
1069 4135 1107 4204 in
1137 4136 1312 4206 relatione
1340 4131 1385 4203 ad

210 4235 350 4307 Patrem
375 4241 571 4330 profitetur:
600 4271 617 4305 c
630 4242 736 4312 Pater
759 4265 856 4311 meus
880 4244 971 4335 quod
1007 4243 1105 4314 dedit
1127 4243 1237 4330 mihi,
1271 4243 1386 4314 maius

211 4345 371 4415 omnibus
393 4355 478 4416 ests
503 4347 554 4417 Io.
570 4348 616 4418 X.
632 4349 703 4438 29.;
730 4350 858 4420 «sicut
881 4350 987 4421 Pater
1009 4352 1116 4421 habet
1137 4351 1251 4422 vitam
1275 4350 1316 4423 iu
1337 4374 1388 4423 se·
