3172 4950
702 382 742 399 -
766 349 819 413 181
845 381 883 401 -

202 455 335 529 diditur
356 455 555 528 invisibilia
581 461 618 527 et
640 455 768 526 iterum
790 456 886 526 Deus
901 455 1000 524 visne
1016 453 1230 545 patriarchia
1246 476 1287 525 ao
1302 476 1379 544 pro·

203 563 329 655 photio,
354 570 399 634 ut
421 564 503 634 inde
526 563 690 634 ostendet
718 562 978 633 distinctionem
1008 584 1235 654 personarum
1262 561 1379 631 Patrio

207 670 408 758 invisibilia,
433 671 582 741 ‹rt-Filii
604 671 665 763 qui
688 671 805 740 lautus
839 677 894 740 est
916 669 1081 740 visibilis.
1108 670 1177 740 Sed
1207 668 1380 760 imprimis

211 775 381 861 declarat,
411 804 429 841 n
445 775 558 844 Deum
581 774 696 845 visum
719 797 794 844 eoae
816 774 1006 844 coeundum
1041 774 1219 844 hominum
1243 773 1380 863 capaci-

213 890 322 969 tatem,
346 906 417 955 non
439 884 630 954 aeoundnrn
652 882 907 973 plenitudinem
928 881 1137 970 maiestatis,
1159 910 1175 945 n
1200 888 1277 951 tum
1301 905 1377 951 oon·

218 991 308 1075 cedit,
331 990 466 1060 «etim
488 989 620 1060 Filium
644 1013 708 1059 ono
730 989 867 1059 nomine
890 996 1034 1060 eatenus
1057 989 1283 1074 invisibilem,
1311 1009 1380 1080 qua

220 1097 325 1169 Sermo
337 1104 376 1168 et
390 1097 542 1189 spiritua
562 1098 631 1169 Dei
645 1121 688 1168 ex
706 1097 923 1167 substantiae
948 1097 1144 1168 conditione
1159 1122 1197 1186 »ς
1223 1103 1381 1166 attamen

221 1206 333 1297 purgit,
360 1205 529 1277 «Filium
550 1205 726 1276 visibilem
750 1205 861 1275 inisse
875 1212 958 1275 ante
974 1227 1112 1275 carnem
1128 1229 1166 1276 eo
1183 1206 1294 1290 modo,
1312 1227 1379 1297 quo

223 1312 294 1384 dicit
306 1314 351 1385 nd
365 1313 486 1385 Aaron
502 1320 539 1384 et
552 1313 713 1384 Mariam.
728 1340 745 1379 a
760 1314 829 1383 Hic
844 1314 966 1383 modus
982 1313 1013 1382 is
1027 1321 1093 1399 eat,
1108 1319 1150 1383 ut
1166 1312 1381 1404 patriarchis

224 1427 251 1491 ct
267 1422 440 1514 prophetia
460 1422 596 1516 ipsique
618 1421 747 1514 Moysi,
773 1428 961 1516 antequam
977 1422 1009 1492 ei
1025 1422 1228 1515 loqueretur
1249 1443 1319 1489 «oe
1333 1419 1378 1488 ad

225 1530 296 1599 oein
311 1531 436 1622 specie,
452 1529 491 1600 id
506 1537 561 1601 oet
581 1531 620 1600 in
642 1531 795 1600 veritate
812 1558 844 1616 n,
870 1553 1004 1620 campen
1028 1530 1128 1599 vinus
1152 1528 1202 1599 nit
1221 1528 1289 1597 eiu
1303 1550 1380 1618 spe-

226 1636 288 1708 culo
305 1644 342 1709 et
361 1639 560 1728 aenigmate
583 1643 620 1708 ot
641 1638 776 1708 visione
798 1645 836 1709 et
858 1640 989 1709 somnio
1012 1640 1119 1724 Deus,
1137 1638 1174 1707 id
1191 1644 1247 1709 est
1262 1635 1379 1706 Filius

226 1742 317 1816 noi.»
347 1745 425 1816 Imo
454 1745 568 1838 ipsam
600 1744 769 1816 visionem
801 1746 937 1838 Moysis
972 1748 1062 1817 fecie
1085 1748 1129 1817 ud
1154 1747 1280 1815 faciem
1302 1766 1381 1813 cen·

228 1857 269 1922 ut
287 1852 500 1946 probabilius
528 1853 646 1924 eodem
673 1854 746 1924 fere
775 1856 873 1924 modo
896 1855 1138 1946 explicandam
1160 1876 1246 1937 eece,
1269 1849 1381 1943 aquia

229 1957 323 2032 temo
336 1969 373 2033 et
387 1961 537 2054 spiritua
552 1961 625 2032 nini
637 1961 852 2053 imaginaria
875 1966 989 2034 forma
1012 1963 1127 2034 videri
1139 1985 1207 2031 non
1220 1965 1378 2051 puteat.»

230 2066 266 2137 tt
280 2068 393 2141 Filius
415 2090 499 2140 earo
520 2070 636 2140 factus
659 2070 729 2140 iam
752 2071 827 2162 ipsc
849 2073 989 2162 propria
1012 2078 1091 2141 erat
1113 2069 1267 2140 visibilis
1294 2068 1381 2138 licet

182 2198 185 2291 ᾗ
231 2195 281 2247 rou
299 2176 336 2249 iu
356 2177 481 2249 divina
504 2177 564 2247 aad
586 2177 624 2249 in
647 2176 801 2247 humana
822 2187 974 2248 natura:
1000 2201 1069 2247 non
1096 2184 1152 2247 eet
1174 2177 1291 2260 Pater,
1318 2175 1379 2245 aed

182 2314 186 2341 ι
235 2283 333 2357 cmm
355 2308 458 2378 quem
475 2292 513 2359 ot
526 2293 621 2356 retro
638 2284 754 2356 visum
770 2286 807 2355 in
823 2288 1031 2376 aenigmate,
1049 2286 1188 2378 plenius
1204 2284 1381 2354 visibilem

233 2412 294 2463 otro
310 2394 452 2483 effecit3
478 2393 597 2464 Sermo
621 2393 772 2480 scilicet,
801 2395 860 2488 qui
883 2401 921 2465 'ot
943 2418 1023 2466 onro
1047 2397 1166 2465 faetus
1188 2400 1243 2462 eet
1265 2391 1378 2478 alius,

233 2520 505 2596 quorumquam
520 2501 704 2595 quisquam
715 2502 809 2573 vidit
820 2503 873 2590 (in
884 2509 1015 2579 natura
1027 2502 1163 2587 divina)
1176 2500 1246 2570 nisi
1258 2501 1380 2584 Pater,

232 2606 338 2680 tnlioot
360 2609 463 2681 onina
484 2616 540 2680 eat
560 2608 724 2680 Sermo.»
750 2610 902 2681 Tertull.
918 2618 1031 2681 contr.
1041 2611 1147 2679 Prex.
1160 2633 1190 2679 ο.
1203 2608 1258 2677 14.
1275 2609 1330 2677 15.

276 2715 361 2789 Hine
383 2718 415 2788 8·
439 2719 578 2811 quando
599 2717 657 2789 illi
678 2717 847 2789 Doctores
877 2719 1011 2789 vetusti
1035 2717 1201 2787 videntur
1225 2739 1248 2786 a
1269 2716 1378 2802 Filio,

233 2820 274 2910 qu·
291 2824 443 2896 visibilia
465 2831 623 2916 apponet,
649 2824 833 2896 excludere
863 2824 1131 2897 immensitatem
1154 2831 1190 2895 et
1213 2825 1247 2894 ei
1269 2823 1380 2894 adtri-

234 2924 309 3002 llore
330 2932 708 3024 circumscriptionem,
734 2939 775 3003 ut
799 2932 1013 3024 Theophilus
1034 2933 1061 3002 1.
1080 2958 1110 3019 o,
1131 2933 1380 3003 Tertullianus

234 3038 311 3126 cto,
334 3047 374 3111 at
394 3041 616 3113 novatianus
637 3043 664 3112 1.
683 3065 713 3131 ος
738 3042 825 3112 haec
849 3043 1127 3134 oironmscriptio
1149 3044 1193 3111 ab
1209 3043 1260 3112 eis
1277 3040 1380 3110 intel·

234 3138 362 3235 liginum
385 3149 505 3240 potuit
526 3150 716 3227 oconndum
738 3156 901 3222 naturam
925 3151 1083 3221 divinem
1104 3150 1218 3236 Filii,
1245 3149 1304 3220 sed
1328 3148 1381 3216 ibi

234 3253 315 3338 prino
325 3279 410 3349 prae
420 3257 532 3329 oculis
544 3258 674 3330 habent
684 3267 848 3330 naturam
862 3259 1062 3344 humanam,
1079 3259 1267 3329 secundum
1277 3279 1381 3350 quam

234 3360 326 3457 lh'quo
336 3365 455 3436 Filius
467 3389 537 3436 non
547 3372 603 3438 eat
614 3367 753 3462 ubique,
765 3373 801 3437 et
813 3367 895 3438 dum
910 3374 989 3438 erat
1001 3369 1038 3437 in
1050 3366 1169 3451 torris,
1189 3366 1380 3437 secundnm

235 3470 348 3544 tudem
367 3479 534 3545 naturam
556 3474 741 3546 humanam
757 3499 826 3545 non
841 3482 920 3545 erat
933 3476 971 3544 in
988 3474 1105 3560 coelio,
1126 3473 1219 3544 unde
1233 3471 1381 3542 otChri·

200 3606 204 3613 ·
236 3579 527 3673 metapontum
549 3581 744 3676 loquuntur
766 3583 809 3653 do
836 3583 1005 3654 descensu
1028 3605 1050 3653 a
1073 3581 1189 3666 coelo,
1216 3589 1253 3651 et
1276 3603 1382 3650 senon

236 3687 351 3761 maine
383 3689 527 3782 proprio
550 3690 594 3762 de
615 3713 761 3762 euoenon
783 3691 821 3761 in
844 3691 990 3762 coelum.
1015 3692 1123 3760 Porro
1158 3688 1298 3781 antiqui
1320 3686 1379 3758 illi

236 3784 330 3867 ΡΜ
346 3796 580 3892 thcophunias
595 3799 689 3871 vm.
707 3801 912 3892 spectabant
926 3801 1027 3871 velut
1040 3798 1259 3890 prolusiones
1276 3818 1381 3889 quae·
1526 3824 1533 3833 ·

237 3892 290 3970 ltu
308 3906 352 3976 ad
373 3905 654 3977 Incarnetionem
677 3913 713 3977 ct
735 3907 780 3978 ad
810 3908 1065 3999 apparitionem
1100 3907 1165 3976 Dei
1190 3907 1228 3976 in
1251 3927 1378 3992 oarnc;

237 4009 313 4101 liquo
331 4011 410 4085 ideo
431 4020 507 4089 tum
529 4015 766 4107 phoenomena
788 4015 853 4085 illa
875 4016 982 4106 iguis,
1008 4016 1131 4101 nubis,
1156 4015 1295 4104 figurae
1317 4013 1380 4082 hu-

238 4129 327 4191 otnue
347 4127 430 4209 otc,
448 4128 524 4195 tum
539 4122 694 4193 actiones
717 4123 1017 4209 manducationis,
1044 4129 1157 4192 motus
1180 4123 1223 4192 de
1245 4121 1320 4190 loco
1343 4119 1382 4187 in

237 4210 320 4294 lotum
340 4234 422 4314 etc,
441 4227 479 4299 in
494 4228 718 4322 theophaniis
741 4229 916 4300 hebebant
939 4229 1039 4299 velut
1061 4230 1202 4297 umbras
1234 4235 1381 4297 naturae

237 4316 377 4407 htonnae
400 4335 639 4426 assumendae3
664 4336 734 4422 imo
761 4336 857 4429 ipsas
891 4336 1085 4407 locutiones
1119 4336 1380 4427 anthropomor-

185 4490 187 4503 =
236 4429 339 4531 ΡΜ,
364 4466 453 4539 quae
475 4445 514 4515 in
536 4445 582 4517 V.
602 4446 645 4516 Τ.
671 4446 713 4517 de
735 4447 807 4517 Deo
831 4452 1045 4532 occurrunt,
1069 4469 1139 4516 non
1169 4466 1251 4515 raro
1274 4444 1381 4511 intor-
