3172 4950
92 4542 183 4648 ἰ

870 360 909 374 ..
933 326 992 391 102
1012 360 1051 375 -

372 458 393 504 e
416 460 499 506 men
526 437 583 505 Pe.
602 437 644 504 L.
661 435 727 522 133
756 434 869 526 equis
893 435 963 519 det,
983 442 1024 504 ut
1047 435 1157 503 omnis
1179 434 1330 526 populus
1346 434 1540 527 prophetet,

370 551 406 615 et
429 545 487 614 det
510 545 561 614 eis
582 543 752 613 Dominus
775 542 947 634 Spiritum
971 566 1072 611 suum
1090 571 1106 605 n
1125 542 1229 612 Num.
1246 543 1312 612 XI.
1331 543 1387 631 293
1410 545 1544 614 everha

369 676 457 746 quae
480 653 578 722 misit
599 652 768 720 Dominus
791 651 1006 720 exercituum
1028 650 1066 718 ιιι
1090 651 1227 741 Spiritu
1250 674 1312 721 suo
1327 675 1390 743 per
1406 675 1543 722 manum

367 762 644 853 prophetarum»
670 760 777 829 Zech.
795 759 879 829 VH.
895 759 950 846 123
979 789 995 823 ι
1012 765 1048 829 et
1070 759 1141 830 erit
1155 759 1347 851 posthaec,
1366 761 1542 830 effundam

368 869 541 961 Spiritum
565 892 676 938 meum
700 892 804 960 super
828 890 960 936 omnem
978 890 1127 954 carnem,
1146 874 1182 937 et
1196 869 1459 960 prophetabunt
1473 877 1538 940 etc.

368 978 442 1048 Ioel
464 978 515 1046 H.
529 978 585 1046 28.
601 977 670 1065 29;
700 976 929 1070 «requiescet
952 1000 1057 1068 super
1084 999 1161 1045 eum
1192 976 1348 1067 Spiritus
1375 979 1539 1064 Domini,

369 1087 525 1178 Spiritus
548 1086 740 1178 sapientiae
755 1094 791 1155 et
806 1085 1008 1154 intellectus
1027 1112 1043 1148 n
1061 1091 1127 1154 eto.
1142 1085 1190 1154 Is.
1210 1086 1276 1153 XI.
1294 1086 1328 1155 2.
1344 1087 1377 1175 3;
1394 1088 1493 1156 LXI.
1507 1088 1538 1156 1.

367 1196 446 1265 Non
468 1195 505 1264 id
528 1194 671 1285 agitur,
698 1200 738 1264 ut
760 1217 802 1263 ex
826 1191 1027 1263 huiuamodi
1049 1191 1136 1262 locis
1158 1215 1221 1283 per
1244 1216 1280 1262 se
1296 1194 1449 1285 sumptis
1467 1194 1540 1286 Spi·

365 1303 459 1373 ritus
483 1303 591 1372 Senot
576 1309 634 1372 tus
657 1309 832 1395 tamquam
856 1323 1003 1393 persone
1026 1301 1197 1370 distincte
1213 1301 1471 1372 hermeneutice
1486 1303 1540 1374 de-

366 1418 603 1505 monstretur;
630 1418 669 1479 at
692 1409 863 1503 quando
852 1434 890 1477 ιιι
913 1432 1004 1478 novo
1028 1408 1252 1478 Testamenta
1276 1430 1353 1479 oum
1376 1410 1485 1480 Patre
1507 1415 1541 1479 et

365 1499 459 1588 Filio
483 1519 663 1590 revelatur
687 1517 843 1608 Spiritus
868 1518 1020 1588 Sanctus
1043 1523 1084 1585 ut
1106 1517 1214 1587 tertia
1237 1540 1410 1608 persona,
1435 1520 1539 1613 idque

364 1628 571 1720 appellando
595 1628 673 1697 adt
658 1626 936 1697 testimoniet
878 1633 936 1697 vet
938 1627 1008 1697 eris
1024 1627 1258 1713 Testamenti,
1284 1628 1354 1696 iam
1369 1627 1539 1697 etiamil·

364 1738 412 1807 lio
436 1736 629 1806 doctrinam
652 1736 694 1805 de
718 1735 831 1827 Spirit
834 1760 857 1804 u
816 1737 1017 1806 tSencto
1047 1736 1110 1806 SS.
1142 1736 1334 1806 Trinitatis
1356 1736 1540 1828 hypostasi

365 1845 538 1914 contineri
561 1844 842 1929 demonstratur,
869 1844 921 1912 ita
943 1851 984 1912 ut
1015 1844 1176 1914 doctrina
1207 1843 1291 1913 novi
1322 1844 1538 1914 Testamenti

365 1953 477 2045 quoad
501 1951 565 2020 hoc
590 1959 697 2043 caput
719 1975 787 2020 nou
812 1951 1021 2042 simpliciter
1048 1960 1226 2045 tamquam
1255 1974 1347 2021 nova
1368 1953 1538 2023 revelatio

365 2060 530 2130 veritatis
553 2082 739 2151 numquam
763 2059 877 2129 diotae
902 2060 961 2129 sed
983 2067 1160 2152 tamquam
1192 2059 1422 2129 reveletionis
1444 2068 1536 2131 enta·

364 2168 518 2237 cedentis
541 2166 728 2258 explicatio
752 2173 788 2235 et
810 2165 1013 2236 distinctior
1036 2166 1277 2237 determinatio
1300 2166 1462 2236 habenda
1477 2168 1534 2237 ait.

429 2276 615 2345 Praeterea
644 2274 825 2366 supposita
854 2274 922 2342 iam
957 2274 1046 2343 satis
1077 2274 1174 2344 clara
1203 2275 1241 2344 in
1272 2275 1385 2345 veteri
1418 2275 1535 2346 Testa·

363 2390 477 2453 mento
501 2382 726 2453 distinctione
750 2381 870 2474 aliqua
900 2404 1121 2472 personarum
1154 2382 1213 2452 vel
1246 2382 1284 2451 ιιι
1306 2384 1452 2452 confuso
1482 2385 1536 2454 vel

361 2490 480 2560 Petris
502 2513 543 2560 ac
566 2490 687 2575 Verbi,
712 2489 819 2558 etiem
841 2489 1036 2580 personalis
1060 2490 1241 2559 distinctio
1259 2490 1416 2582 Spiritus
1432 2491 1535 2563 Seno·

360 2599 392 2668 ti
414 2599 500 2668 licet
522 2597 704 2668 obscurius
727 2596 884 2666 indicata
910 2596 1066 2688 intelligi
1089 2604 1228 2688 poterat
1249 2597 1287 2667 ιιι
1311 2598 1357 2667 iis
1381 2620 1534 2690 praeser-

361 2706 425 2774 tim
449 2705 547 2788 locis,
575 2703 635 2773 ubi
657 2703 778 2796 alique
800 2710 855 2772 est
876 2703 985 2772 trium
1016 2703 1288 2773 connumeratio.
1311 2704 1391 2773 Huc
1421 2711 1535 2795 potest

360 2811 488 2882 referri
504 2812 594 2881 visio
608 2811 723 2879 Isaiae
735 2811 800 2879 VI.
818 2811 850 2878 1.
866 2834 956 2903 sqq.;
974 2811 1035 2879 nbi
1047 2835 1139 2880 unns
1150 2812 1318 2880 Dominus
1332 2811 1430 2881 Deus
1440 2835 1534 2882 exer·

361 2920 495 2989 cituum
508 2942 528 2986 e
542 2918 724 3009 Seraphim
737 2917 933 2987 celebretur
952 2949 968 2982 a
980 2919 1142 3003 Sanctus,
1159 2920 1322 3006 Sanctus,
1341 2919 1532 2990 Sanctus».

361 3026 569 3117 Triplicatio
592 3026 677 3095 haec
700 3025 849 3093 nominis
865 3048 934 3094 non
949 3032 1064 3117 potest
1080 3026 1281 3116 significare
1296 3027 1534 3096 tantummodo

358 3133 598 3216 intensionem,
625 3133 669 3202 ed
693 3154 795 3223 quam
819 3132 907 3202 solet
930 3133 1069 3225 quidem
1085 3134 1149 3219 bis,
1173 3155 1360 3227 numquam
1379 3155 1464 3204 vero
1481 3139 1533 3203 ter

359 3242 470 3332 repeti
493 3241 583 3310 idem
606 3263 740 3309 nomen.
759 3240 930 3324 Quamvis
956 3242 1075 3334 itaque
1099 3265 1168 3310 non
1196 3243 1354 3311 dicemus
1369 3250 1391 3328 ,'
1404 3265 1447 3311 ex
1471 3242 1534 3312 hco

357 3350 432 3419 loco
463 3349 606 3419 seorsim
637 3353 792 3439 spectato
822 3371 922 3439 posse
959 3349 1192 3419 demonstrari
1224 3349 1436 3420 Trinitatem
1459 3373 1534 3442 per-

358 3480 543 3542 sonarum,
570 3455 749 3546 supposita
772 3462 888 3525 tamen
917 3479 959 3525 ex
990 3457 1077 3527 locis
1105 3457 1188 3526 aliis
1211 3457 1436 3528 distinctione
1466 3459 1534 3527 iam

356 3588 419 3656 per
434 3588 471 3634 se
494 3561 672 3654 probabile
695 3563 868 3649 redditur,
886 3563 923 3631 in
948 3566 1060 3634 forma
1082 3564 1269 3635 locutionis
1292 3571 1365 3634 tam
1389 3565 1534 3635 insolita

357 3673 498 3744 eandem
521 3671 813 3762 praedicationem
837 3673 873 3740 iu
898 3673 1107 3762 repetitione
1134 3672 1262 3743 referri
1292 3673 1337 3742 ed
1367 3672 1476 3742 eliam
1498 3679 1534 3743 et

357 3780 463 3848 aliem
485 3800 678 3870 personam.
705 3779 842 3848 Revera
858 3778 922 3847 hoc
944 3779 997 3847 ita
1019 3802 1105 3865 esse,
1125 3780 1384 3849 demonstratur
1407 3804 1451 3850 ex
1473 3802 1531 3871 ep-

356 3887 604 3979 pelletionibus
626 3885 739 3976 Apost
724 3887 872 3955 tolornm
896 3887 941 3955 ad
964 3887 1105 3957 hanc
1070 3887 1250 3957 vrsicnem.
1264 3887 1379 3956 Isaiae
1405 3888 1532 3958 «vide

356 3996 541 4065 Dominum
572 3999 692 4101 (er
695 4000 765 4088 nrt)
797 4019 902 4085 super
932 3995 1115 4080 solium»,
1141 4001 1219 4065 eta
1238 3995 1379 4066 audivit
1409 4018 1529 4066 vocem

355 4105 495 4174 Domini
526 4077 695 4175 diceritis·
729 4104 817 4176 vade
840 4111 876 4174 et
908 4104 1000 4174 dices
1031 4047 1158 4195 popdlo
1189 4103 1292 4174 huic:
1325 4103 1447 4174 andita
1470 4126 1531 4173 au·

356 4213 491 4283 dientes
519 4220 556 4283 et
587 4214 696 4282 nolite
662 4213 959 4303 tintelligeren
943 4218 1052 4281 >meto
1077 4212 1151 4280 Iam
1176 4233 1259 4282 vero
1287 4218 1377 4280 teste
1400 4211 1531 4281 Ioanne

356 4322 423 4407 (Io.
438 4322 522 4389 XII.
537 4321 611 4407 41.)
621 4319 738 4388 Iseias
753 4326 828 4388 tum
847 4319 939 4389 vidit
955 4319 1104 4408 gloriam
1119 4319 1206 4388 Filii
1221 4318 1301 4407 Dei3
1320 4326 1410 4389 teste
1421 4317 1532 4386 Paulo

361 4431 458 4518 (Act.
476 4428 648 4500 XXVIII.
663 4428 719 4499 25.
735 4433 804 4521 eq.)
827 4430 935 4499 verba
950 4427 1015 4498 illa
1031 4427 1170 4499 locutus
1182 4434 1237 4499 est
1252 4427 1410 4521 Spiritus
1425 4427 1532 4499 Sanc·
