3172 4950
552 402 590 415 ..
612 368 649 429 51
673 400 711 414 ..
737 412 740 417 .

40 471 174 542 diroote
195 494 239 541 ax
262 473 494 543 monumentis
517 474 632 543 adhuc
655 474 803 566 reliquis
829 477 993 555 constat,
1018 478 1153 541 textum
1178 477 1219 539 ut

44 580 233 669 genuinum
256 581 419 671 agnitum
442 583 552 650 fuisse
576 582 613 650 in
636 581 795 651 Ecclesia
818 582 923 649 etiam
948 581 1062 670 prisca
1086 586 1215 664 aetate,

47 708 222 779 quousque
244 686 400 776 vestigia
422 688 594 757 versionis
610 688 742 758 latinae
760 688 921 779 prosequi
936 710 1130 776 possumus.
1149 687 1218 754 Ex·

51 793 164 861 stabat
184 794 328 884 inquam
351 798 481 878 textae,
501 801 537 862 et
552 816 574 860 a
596 795 762 862 Patribus
780 795 816 861 in
839 794 976 876 Africa,
995 793 1115 877 Italia,
1136 792 1218 861 Gal·

52 898 111 983 lia,
132 900 303 991 Hispania
326 906 503 993 tamquam
527 924 609 993 pars
625 900 806 970 notissima
822 908 857 970 et
872 902 1083 990 gravissima
1100 923 1218 969 sacrae

57 1006 250 1099 Scripturas
274 1016 466 1100 usurpatus
489 1010 748 1081 demonstratur
763 1011 806 1076 ab
823 1016 945 1077 octavo
969 1011 1144 1099 usquead
1168 1032 1217 1078 se-

60 1118 195 1186 cundum
217 1125 281 1185 aut
303 1120 451 1187 tertium
473 1118 651 1187 saeculum
674 1117 913 1206 regrediendo.

119 1224 157 1291 In
170 1224 356 1293 collatione
380 1224 479 1293 iussu
495 1224 687 1292 Hunnerioi
702 1223 797 1311 regis
813 1222 983 1291 instituta
1004 1221 1218 1312 Carthagine

65 1352 162 1399 nense
182 1330 381 1400 Februario.
404 1352 494 1398 anno
524 1330 592 1399 484
619 1329 821 1398 obtulerunt
851 1329 1018 1419 Episcopi
1033 1346 1037 1353 ·
1054 1329 1219 1398 catholici

69 1438 284 1507 «nouaclum
306 1438 491 1507 universae
513 1438 658 1506 Africae
689 1438 749 1505 sed
773 1438 878 1505 etiam
901 1423 1106 1505 'insularum
1127 1438 1217 1505 mul·

68 1548 196 1613 tarum»
222 1545 363 1632 (Victor
386 1546 461 1615 vit.
478 1546 519 1614 dc
532 1569 661 1636 perseo.
675 1545 826 1614 Vandal.
845 1545 871 1611 l.
889 1545 939 1613 H.
958 1569 989 1613 a.
1003 1545 1060 1631 18)
1084 1547 1216 1634 profes

68 1653 175 1723 aionem
196 1655 289 1739 fidei,
317 1676 419 1746 quam
443 1655 565 1724 deinde
588 1655 661 1721 XII
677 1655 847 1723 Calendas
863 1654 974 1722 Maias
991 1676 1052 1743 per
1069 1660 1218 1745 quatuor

68 1758 232 1852 Episcopus
254 1761 514 1852 provinciarum
535 1763 720 1832 Numidiae
735 1769 771 1830 et
787 1762 990 1852 Byzacenae
1013 1760 1219 1830 direxerunt

69 1868 106 1937 ad
118 1892 220 1959 regem
234 1870 487 1939 Hunnericum.
505 1871 669 1958 (Nomina
684 1871 944 1960 Episcoporum,
957 1868 1017 1960 qni
1033 1858 1217 1937 numeran-

69 1978 207 2065 tursol,
225 1979 308 2048 vide
332 1979 369 2048 in
385 1977 516 2048 Concil.
539 1979 627 2047 Call.
651 1978 826 2047 Harduini
853 1979 893 2045 Τ.
918 1978 968 2045 ΙΙ.
988 2002 1021 2067 p.
1041 1977 1133 2062 869).
1160 1976 1217 2045 Ex

70 2086 256 2157 testimoniis
280 2086 485 2178 Scripturas
501 2095 624 2156 contra
639 2087 830 2177 Episcopus
847 2086 999 2153 Arianos
1016 2087 1164 2175 probant
1180 2086 1217 2152 in

70 2193 161 2282 priua
181 2201 281 2287 parte
298 2219 333 2262 n.
353 2195 421 2263 1-8
445 2194 846 2284 consubstantialitatem
869 2193 989 2260 Patris
1012 2199 1047 2261 et
1065 2192 1164 2276 Filii,
1179 2193 1217 2261 in

70 2306 150 2389 parte
170 2302 282 2371 altera
304 2324 340 2370 n.
357 2300 448 2369 9-23
476 2302 878 2370 consubstantialitatem
907 2298 1065 2388 Spiritus
1096 2299 1217 2367 Sancti

71 2428 133 2475 oum
151 2407 251 2476 Patre
275 2413 312 2477 et
333 2406 438 2494 Filio,
458 2414 570 2499 'atque
594 2408 645 2476 ita
668 2430 773 2475 unam
796 2411 960 2475 naturam
975 2404 1085 2473 trium
1101 2429 1215 2495 perso·

70 2532 173 2583 aarum
193 2514 451 2583 distinctarum.
475 2514 517 2582 In
535 2521 634 2604 parte
650 2515 715 2583 hac
731 2515 845 2583 altera
868 2511 1095 2603 professionis
1108 2512 1215 2602 scrip·

69 2626 114 2689 ue
126 2623 251 2692 nomine
269 2622 420 2691 omnium
443 2623 692 2713 Episcoporum
709 2621 959 2690 catholicorum
976 2626 1097 2687 contra
1114 2620 1216 2687 Aria-

70 2748 119 2797 nos
138 2730 325 2821 Episcopos
341 2730 600 2820 potentissimos
618 2736 654 2799 ct
679 2727 916 2819 implacabiles
940 2727 1057 2794 hostes
1082 2728 1213 2816 profer·

53 2826 116 2903 'tur
140 2836 234 2906 velut
257 2835 495 2931 testimonium
517 2860 586 2905 non
613 2837 727 2905 minus
751 2842 872 2903 notum
896 2840 931 2903 et
955 2840 1089 2903 certum
1113 2856 1214 2925 quam

68 2940 177 3013 alarum
192 2950 227 3014 et
238 2943 487 3032 irrefragabile
498 2944 561 3013 hoc
579 2946 693 3035 ipsum
707 2944 748 3012 de
761 2944 876 3011 tribus
893 2943 1044 3010 testibus
1057 2942 1094 3009 in
1108 2942 1212 3011 coelo.

71 3049 182 3122 clltut
202 3049 318 3121 adhuc
340 3050 418 3120 luce
442 3051 573 3121 clarius
597 3053 702 3120 unius
727 3050 928 3120 divinitatis
953 3073 1026 3119 esse
1050 3074 1127 3120 cum
1150 3051 1214 3117 Pa-

68 3156 161 3229 tre‘ct
180 3158 273 3227 Filio
298 3157 470 3248 Spiritum
500 3160 666 3229 Sanctum
699 3160 902 3243 doceamus,
930 3159 1071 3226 Ioannis
1100 3158 1215 3227 Evan·

69 3264 191 3353 galiatae
213 3267 411 3339 testimonio
428 3266 681 3356 comprobator.
701 3267 766 3336 Ait
781 3290 938 3360 namque:
954 3274 1027 3337 tres
1044 3278 1139 3353 sunt,
1156 3268 1216 3360 qui

59 3377 282 3447 testimonium
304 3375 549 3467 perhibentia
573 3376 690 3460 coelo,
715 3376 844 3460 Pater,
869 3377 1021 3445 Verbum
1045 3382 1081 3444 et
1104 3375 1214 3464 Spiri-
1322 3402 1326 3409 ·

68 3486 115 3549 tus
133 3484 288 3568 Sanctus,
313 3489 350 3552 et
372 3482 410 3551 bi
433 3489 505 3552 tres
529 3506 636 3553 unum
661 3490 769 3551 sunta
796 3485 847 3569 (in
872 3483 989 3550 libello
1007 3484 1141 3573 fida'n.
1157 3482 1227 3569 11,

30 3570 33 3579 ¹
69 3588 116 3677 qui
134 3598 183 3660 est
202 3592 292 3661 liber
314 3590 384 3659 ΠΙ.
409 3590 589 3660 Historiae
612 3592 653 3659 dc
677 3614 806 3680 perseo.
833 3590 947 3659 Vand.
973 3590 1129 3660 Victoris
1152 3590 1213 3659 Vi·

70 3696 181 3783 tensis).
362 3694 372 3709 ⁸

119 3804 177 3874 Hic
198 3805 320 3897 aliqua
336 3809 420 3873 sunt
435 3804 736 3875 animadversione
753 3803 971 3895 dignissima.
992 3805 1035 3871 1⁰.
1056 3803 1213 3871 Cuicum-

70 3928 120 3995 que
137 3912 242 3981 fuerit
263 3910 445 3980 commissa
468 3912 674 4002 conscriptio
693 3911 799 3980 huius
815 3910 929 3977 libelli
938 3910 1038 3999 fidet,
1052 3910 1127 3978 sive
1143 3910 1215 3979 Eu·

70 4017 149 4099 genio
168 4018 436 4109 Carthaginensi
459 4020 534 4089 sive
557 4019 621 4087 alii
645 4027 708 4087 aut
724 4018 886 4108 pluribus
902 4018 995 4086 inter
1010 4017 1210 4107 Episcopos,

71 4130 247 4197 mesano
264 4122 372 4196 ausus
395 4134 487 4197 asset
508 4127 546 4195 in
569 4126 636 4194 tali
651 4126 874 4216 professione,
893 4126 937 4192 ab
961 4125 1213 4214 omnibusEpi-

70 4231 157 4321 sapis
177 4235 397 4326 approbanda·
410 4240 446 4303 et
462 4234 631 4304 communi
654 4234 789 4303 nomine
806 4233 1026 4323 proponenda
1048 4232 1209 4316 Arianis,

70 4329 194 4411 inserere
215 4348 349 4412 textum
373 4342 473 4413 velut
488 4343 630 4412 Ioannis
652 4341 915 4430 Evangelistue,
938 4364 999 4409 nec
1016 4340 1079 4408 alii
1097 4360 1212 4406 omnes

72 4438 146 4513 ”lira
164 4450 229 4521 460
250 4448 416 4542 Episcopi
438 4450 573 4520 nemine
596 4449 854 4521 contradicente
886 4454 1021 4518 textum
1053 4446 1212 4516 admisis-
