3180 4944
697 315 733 331 -
757 282 817 345 514
838 315 876 331 -

206 384 311 463 simul
333 392 509 482 negabant
530 390 606 460 eius
629 388 864 476 divinitatem3
885 387 950 457 hoc
965 409 1048 477 ergo
1064 392 1175 478 caput
1190 391 1350 479 utrumque

205 501 299 570 sicut
322 498 385 568 SS.
399 499 522 567 Patres
537 496 819 580 vindicaverant,
846 495 899 563 ita
921 500 957 564 et
984 494 1189 564 Theodorus
1204 493 1350 584 imprimis

206 606 369 699 proponit
382 610 419 674 et
435 605 581 674 maxima
598 609 712 693 urget.
732 604 840 671 Immo
856 626 900 671 ne
915 602 957 673 da
974 624 1076 692 scopo
1091 600 1245 692 symboli
1256 601 1292 669 in
1304 601 1354 672 has

207 720 307 806 parte
322 714 465 784 dubium
478 713 589 782 ullum
601 711 767 801 supersit,
782 711 962 782 evidenter
978 710 1016 779 in
1030 732 1071 780 eo
1094 713 1277 800 spectatur
1295 709 1351 799 ipss

207 820 370 913 proprius
382 842 422 889 ac
433 817 623 910 peculiaris
635 818 756 888 modus
768 817 1037 907 argumentandi
1045 815 1348 886 Pneumatomachc

206 950 297 997 rum.
311 926 473 996 Vidimus
496 925 590 996 hunc
612 926 750 995 modum
764 924 955 1016 peculiaris
977 923 1205 1014 sophismatis
1221 944 1243 990 a
1258 920 1291 990 S.
1301 921 1348 989 Bo

208 1033 287 1102 silio
310 1032 533 1121 descriptum.
560 1032 715 1124 Spiritus
739 1030 906 1116 Sanctus,
932 1031 1092 1111 aiebant,
1107 1029 1141 1098 si
1163 1034 1219 1098 est
1241 1029 1348 1097 exsut

195 1127 343 1209 'stantia
365 1141 452 1220 Dei,
479 1162 517 1208 ao
540 1138 616 1228 ipso
639 1144 694 1209 est
714 1138 844 1226 Filius5
870 1138 902 1207 ai
925 1160 1019 1223 vero,
1045 1143 1088 1206 ut
1110 1137 1183 1228 ipsi
1207 1135 1348 1204 Catholici

210 1241 389 1331 fatentur,
415 1269 483 1315 uon
506 1251 561 1315 est
580 1245 720 1332 Filius,
754 1252 909 1316 remanet
938 1250 979 1313 ut
1008 1245 1058 1313 sit
1086 1249 1261 1314 creatura.
1281 1242 1348 1311 Huic

208 1353 278 1445 ipsi
301 1354 494 1423 dilemmati
518 1354 735 1443 symbolum,
761 1353 803 1422 de
827 1375 894 1445 quo
916 1353 1066 1442 agimus,
1092 1351 1238 1441 opponit
1251 1350 1347 1420 doctri·

207 1483 287 1529 nam
311 1461 519 1531 catholicam
541 1461 651 1531 modis
675 1467 711 1530 et
733 1482 841 1551 paene
864 1460 980 1530 verbis
1002 1460 1139 1545 iisdem,
1164 1460 1285 1552 quibus
1301 1459 1346 1525 Ba

208 1569 312 1639 silius
324 1576 436 1638 contr.
451 1568 599 1637 Eunom.
609 1568 636 1637 l.
647 1569 692 1638 V.
706 1568 732 1636 l.
744 1591 774 1637 c.
790 1568 981 1658 Gregorius
996 1567 1083 1637 Nau.
1098 1589 1151 1636 or.
1162 1566 1219 1635 31.
1231 1565 1286 1655 (ul.
1296 1565 1346 1651 37.)

208 1698 244 1743 n.
263 1674 353 1743 7-11.
368 1675 499 1766 aliique
523 1674 580 1743 usi
603 1679 697 1743 sunt.
711 1673 875 1743 Alterum
890 1672 1026 1742 modum
1040 1673 1250 1765 peculiarem
1269 1695 1346 1763 argu·

210 1781 400 1867 mentundi,
427 1782 484 1850 cui
506 1781 673 1871 Origenes
689 1781 918 1851 occassionem
932 1781 1096 1871 praebuit
1111 1785 1233 1872 (supra
1243 1781 1344 1872 parit),

210 1887 428 1958 deducebant
450 1888 506 1958 illi
531 1889 699 1958 haeretici
721 1912 764 1958 ex
787 1889 905 1959 verbis
919 1889 971 1957 Io.
989 1889 1020 1957 Ι.
1035 1888 1070 1956 8:
1092 1890 1237 1958 comnia
1250 1912 1300 1980 per
1311 1888 1345 1978 ip

213 2016 290 2062 aum
313 1994 408 2063 facta
432 2000 525 2079 sunt,
546 2022 562 2058 n
587 1995 680 2064 inter
696 2017 784 2087 quae
798 1996 911 2064 omnia
933 1995 1216 2085 comprehensum
1238 1996 1345 2064 aiebant

211 2101 319 2169 etiam
343 2100 514 2190 Spiritum
539 2101 717 2171 Sanctuni.
732 2102 790 2170 Ita
812 2103 972 2171 referunt
986 2102 1144 2170 Basilius
1168 2108 1281 2172 contra
1297 2101 1345 2168 Eu·

213 2228 304 2275 uom.
322 2207 366 2276 V.
381 2232 416 2297 p.
434 2208 526 2293 308,
551 2207 778 2294 Ambrosius,
803 2208 1031 2294 Philastrius,
1049 2209 1222 2278 Damasus
1232 2209 1306 2278 locis
1314 2206 1345 2276 ci·

212 2311 300 2382 tatia
327 2313 428 2381 initio
452 2315 557 2383 huius
580 2316 728 2384 theseos.
745 2314 951 2407 Exemplum
973 2316 1080 2386 huius
1103 2314 1344 2406 argumentatio

210 2420 268 2489 nis
292 2419 397 2488 habes
413 2444 516 2510 penes
538 2422 727 2492 Eusebium
760 2423 858 2510 loco,
892 2445 990 2515 quem
1020 2423 1147 2493 ibidem
1178 2424 1345 2494 citavimus.

214 2524 388 2614 Spiritum
421 2527 587 2597 Sanctum
608 2528 750 2620 itaque,
775 2529 959 2615 dicebant,
991 2530 1084 2598 sicut
1114 2536 1229 2599 cetera
1256 2527 1347 2597 omnis

210 2640 331 2702 creata
352 2656 374 2701 a
395 2635 489 2704 Filio
511 2643 547 2707 et
568 2659 629 2725 per
651 2636 784 2706 Filium
807 2637 1029 2707 existentiam
1044 2638 1229 2728 accepisse.
1246 2633 1345 2727 Atqui

213 2740 298 2808 huic
320 2742 547 2832 propositioni
571 2744 776 2833 simpliciter
807 2744 1112 2814 contradictoriam
1135 2745 1271 2814 statuit:
1293 2742 1347 2831 Spi-

215 2847 309 2915 ritus
333 2847 483 2917 Sanctus
506 2873 573 2917 non
597 2852 731 2941 accepit
753 2852 974 2921 existentiam
997 2875 1058 2941 per
1079 2851 1237 2937 Filium
1255 2852 1282 2919 is
1301 2870 1347 2916 non

209 2953 281 3021 iam
306 2955 497 3023 universim
520 2962 628 3046 negat
649 2958 900 3047 processionem
931 2958 1085 3048 Spiritus
1112 2981 1154 3027 ex
1178 2957 1287 3039 Filio,
1308 2951 1347 3022 ssd

211 3060 322 3129 solum
344 3068 452 3151 negat
475 3064 706 3153 acceptionem
729 3065 935 3134 existentiae
958 3068 995 3132 in
1025 3087 1129 3133 sensu
1160 3061 1347 3134 adversario·

211 3188 300 3250 rum,
327 3166 363 3233 h.
381 3189 412 3236 e.
429 3168 688 3257 productionem
710 3193 772 3261 per
795 3172 1015 3240 creationem.
1042 3171 1128 3239 Cum
1158 3171 1269 3260 igitur
1289 3168 1349 3234 hacc

181 3346 186 3354 ,
210 3273 323 3362 prima
335 3295 418 3362 pars
431 3276 592 3363 symboli,
608 3278 754 3348 maxime
766 3301 847 3348 vero
860 3278 1029 3368 professio
1042 3277 1084 3346 de
1098 3278 1237 3369 Spiritu
1251 3276 1350 3344 Sancto

211 3400 262 3469 ex*
278 3385 354 3446 tota
377 3403 441 3449 sua
464 3385 733 3455 conformatione
757 3393 793 3455 et
821 3407 863 3453 ex
893 3386 1063 3476 peculiari
1093 3386 1192 3455 modo
1220 3381 1350 3454 enuntia·

119 3582 129 3589 .
211 3485 349 3554 tionum
372 3487 552 3557 evidenter
576 3498 708 3580 spectet
730 3493 900 3561 haeresim
922 3492 1177 3561 Eunomianam
1206 3500 1242 3562 et
1269 3485 1350 3560 Seni·

211 3593 397 3680 arianam,
423 3596 523 3688 eique
547 3598 679 3666 directa
702 3605 906 3689 opponatur;
923 3599 1022 3668 nulla
1044 3605 1099 3669 est
1121 3601 1225 3686 ratio,
1250 3621 1305 3669 cur
1315 3597 1351 3663 iu·

145 3707 147 3710 ’
211 3700 321 3769 cisum
345 3702 409 3771 hoc
434 3702 596 3771 ultimum
619 3703 726 3773 aliter
749 3704 973 3795 intelligatur
996 3728 1098 3797 quarn
1121 3712 1163 3775 ut
1186 3703 1349 3776 contradic·

210 3808 341 3876 terium
364 3809 521 3894 haeresi,
548 3814 669 3877 contra
692 3827 794 3900 quam
817 3811 998 3901 dirigitur;
1017 3813 1169 3904 adeoque
1185 3818 1225 3883 ut
1246 3825 1349 3900 negant

211 3914 417 3983 existentiae
440 3916 671 4005 acceptionem
694 3912 804 4003 modo,
826 3941 893 4010 quo
916 3920 1222 3990 Pneumatomachi
1237 3912 1348 3989 camus·

211 4019 423 4106 firmabant,
448 4045 517 4089 non
540 4029 656 4091 autem
679 4023 741 4092 illo
766 4047 868 4094 sensu
892 4049 957 4117 quo
980 4026 1104 4095 Patres
1130 4050 1245 4096 omues
1265 4023 1346 4092 nnus

211 4120 339 4196 aetatis
369 4129 406 4196 in
437 4130 554 4198 eadem
583 4131 910 4201 haccontrouersia
939 4140 1060 4203 contra
1084 4134 1272 4204 haereticos
1291 4149 1345 4220 prr

211 4236 396 4306 cessionem
420 4237 574 4327 Spiritus
596 4240 717 4308 Sancti
740 4261 762 4307 a
783 4240 876 4308 Filio
900 4244 1138 4331 supponebant
1160 4248 1195 4311 et
1217 4236 1344 4310 diserta

211 4342 296 4411 sime
319 4344 496 4416 docebant.
515 4347 593 4418 Non
616 4347 691 4417 sine
713 4347 848 4417 ratione
872 4348 986 4438 igitur
1008 4350 1211 4421 Emmanuel
1231 4347 1344 4419 Calceus
