<?xml version="1.0" encoding="UTF-8"?>
<!DOCTYPE html PUBLIC "-//W3C//DTD XHTML 1.0 Transitional//EN"
    "http://www.w3.org/TR/xhtml1/DTD/xhtml1-transitional.dtd">
<html xmlns="http://www.w3.org/1999/xhtml" xml:lang="en" lang="en">
 <head>
  <title>
</title>
<meta http-equiv="Content-Type" content="text/html;charset=utf-8" />
  <meta name='ocr-system' content='tesseract 3.04.00' />
  <meta name='ocr-capabilities' content='ocr_page ocr_carea ocr_par ocr_line ocrx_word'/>
</head>
<body>
  <div class='ocr_page' id='page_1' title='image "./tractatusdedeot00frangoog/tractatusdedeot00frangoog_0284.png"; bbox 0 0 3172 4950; ppageno 0'>
   <div class='ocr_carea' id='block_1_1' title="bbox 36 100 1226 628">
    <p class='ocr_par' dir='ltr' id='par_1_1' title="bbox 36 100 1226 628">
     <span class='ocr_line' id='line_1_1' title="bbox 550 100 728 159; baseline -0.006 0"><span class='ocrx_word' id='word_1_1' title='bbox 550 132 586 145; x_wconf 95' lang='lat'>-</span> <span class='ocrx_word' id='word_1_2' title='bbox 609 100 669 159; x_wconf 82' lang='lat'><strong>273</strong></span> <span class='ocrx_word' id='word_1_3' title='bbox 690 132 728 146; x_wconf 92' lang='lat'>-</span> 
     </span>
     <span class='ocr_line' id='line_1_2' title="bbox 36 203 1224 300; baseline -0.008 -17"><span class='ocrx_word' id='word_1_4' title='bbox 36 211 87 283; x_wconf 79' lang='lat' dir='ltr'><strong>b’o</strong></span> <span class='ocrx_word' id='word_1_5' title='bbox 111 232 190 280; x_wconf 91' lang='lat' dir='ltr'><strong>non</strong></span> <span class='ocrx_word' id='word_1_6' title='bbox 214 209 365 300; x_wconf 78' lang='lat' dir='ltr'><strong>benigne</strong></span> <span class='ocrx_word' id='word_1_7' title='bbox 387 205 606 278; x_wconf 73' lang='lat' dir='ltr'><strong>modificetur</strong></span> <span class='ocrx_word' id='word_1_8' title='bbox 628 212 664 276; x_wconf 85' lang='lat' dir='ltr'><strong>et</strong></span> <span class='ocrx_word' id='word_1_9' title='bbox 686 206 875 276; x_wconf 81' lang='lat' dir='ltr'>reducatur</span> <span class='ocrx_word' id='word_1_10' title='bbox 898 206 943 275; x_wconf 83' lang='lat' dir='ltr'><strong>ed</strong></span> <span class='ocrx_word' id='word_1_11' title='bbox 966 203 1030 274; x_wconf 91' lang='lat' dir='ltr'><strong>hos</strong></span> <span class='ocrx_word' id='word_1_12' title='bbox 1044 204 1224 291; x_wconf 88' lang='lat' dir='ltr'><strong>terminos,</strong></span> 
     </span>
     <span class='ocr_line' id='line_1_3' title="bbox 36 310 1226 411; baseline -0.01 -20"><span class='ocrx_word' id='word_1_13' title='bbox 36 320 73 391; x_wconf 84' lang='lat' dir='ltr'><strong>id</strong></span> <span class='ocrx_word' id='word_1_14' title='bbox 97 317 201 411; x_wconf 88' lang='lat' dir='ltr'><strong>quod</strong></span> <span class='ocrx_word' id='word_1_15' title='bbox 224 317 301 408; x_wconf 85' lang='lat' dir='ltr'><strong>ipse</strong></span> <span class='ocrx_word' id='word_1_16' title='bbox 323 315 481 407; x_wconf 81' lang='lat' dir='ltr'><strong>appellet</strong></span> <span class='ocrx_word' id='word_1_17' title='bbox 512 313 835 397; x_wconf 76' lang='lat' dir='ltr'><strong>abonifioativum,</strong></span> <span class='ocrx_word' id='word_1_18' title='bbox 861 311 1080 381; x_wconf 83' lang='lat' dir='ltr'><strong>bonifioebile</strong></span> <span class='ocrx_word' id='word_1_19' title='bbox 1103 317 1139 382; x_wconf 90' lang='lat' dir='ltr'><strong>et</strong></span> <span class='ocrx_word' id='word_1_20' title='bbox 1169 310 1226 380; x_wconf 93' lang='lat' dir='ltr'><strong>bo·</strong></span> 
     </span>
     <span class='ocr_line' id='line_1_4' title="bbox 36 418 1226 514; baseline -0.009 -13"><span class='ocrx_word' id='word_1_21' title='bbox 36 428 193 501; x_wconf 81' lang='lat' dir='ltr'><strong>nifioure</strong></span> <span class='ocrx_word' id='word_1_22' title='bbox 208 453 242 512; x_wconf 75' lang='lat' dir='ltr'><strong>n,</strong></span> <span class='ocrx_word' id='word_1_23' title='bbox 267 447 312 494; x_wconf 87' lang='lat' dir='ltr'><strong>ne</strong></span> <span class='ocrx_word' id='word_1_24' title='bbox 334 423 494 494; x_wconf 74' lang='lat' dir='ltr'><strong>Trinitas</strong></span> <span class='ocrx_word' id='word_1_25' title='bbox 517 422 656 514; x_wconf 90' lang='lat' dir='ltr'><strong>quidem</strong></span> <span class='ocrx_word' id='word_1_26' title='bbox 680 421 772 506; x_wconf 89' lang='lat' dir='ltr'><strong>erit,</strong></span> <span class='ocrx_word' id='word_1_27' title='bbox 807 425 910 511; x_wconf 89' lang='lat' dir='ltr'><strong>prout</strong></span> <span class='ocrx_word' id='word_1_28' title='bbox 940 420 1039 490; x_wconf 90' lang='lat' dir='ltr'><strong>nobis</strong></span> <span class='ocrx_word' id='word_1_29' title='bbox 1068 418 1226 490; x_wconf 82' lang='lat' dir='ltr'><strong>revelata</strong></span> 
     </span>
     <span class='ocr_line' id='line_1_5' title="bbox 36 529 941 628; baseline -0.012 -19"><span class='ocrx_word' id='word_1_30' title='bbox 36 543 123 624; x_wconf 84' lang='lat' dir='ltr'><strong>sst;</strong></span> <span class='ocrx_word' id='word_1_31' title='bbox 152 536 312 628; x_wconf 78' lang='lat' dir='ltr'><strong>adeoque</strong></span> <span class='ocrx_word' id='word_1_32' title='bbox 328 532 503 604; x_wconf 84' lang='lat' dir='ltr'><strong>inridetur</strong></span> <span class='ocrx_word' id='word_1_33' title='bbox 525 532 564 600; x_wconf 91' lang='lat' dir='ltr'><strong>in</strong></span> <span class='ocrx_word' id='word_1_34' title='bbox 586 554 722 601; x_wconf 89' lang='lat' dir='ltr'><strong>errores</strong></span> <span class='ocrx_word' id='word_1_35' title='bbox 746 529 941 620; x_wconf 82' lang='lat' dir='ltr'><strong>graviores.</strong></span> 
     </span>
    </p>
   </div>
   <div class='ocr_carea' id='block_1_2' title="bbox 10 638 1272 4305">
    <p class='ocr_par' dir='ltr' id='par_1_2' title="bbox 36 638 1225 954">
     <span class='ocr_line' id='line_1_6' title="bbox 103 638 1224 732; baseline -0.008 -17"><span class='ocrx_word' id='word_1_36' title='bbox 103 642 319 715; x_wconf 81' lang='lat' dir='ltr'><strong>Reosntiori</strong></span> <span class='ocrx_word' id='word_1_37' title='bbox 342 647 494 732; x_wconf 81' lang='lat' dir='ltr'><strong>tempore</strong></span> <span class='ocrx_word' id='word_1_38' title='bbox 518 640 578 729; x_wconf 85' lang='lat' dir='ltr'><strong>(ad</strong></span> <span class='ocrx_word' id='word_1_39' title='bbox 599 639 703 716; x_wconf 87' lang='lat' dir='ltr'><strong>finem</strong></span> <span class='ocrx_word' id='word_1_40' title='bbox 719 639 831 728; x_wconf 90' lang='lat' dir='ltr'><strong>elapsi</strong></span> <span class='ocrx_word' id='word_1_41' title='bbox 852 643 888 707; x_wconf 90' lang='lat' dir='ltr'><strong>et</strong></span> <span class='ocrx_word' id='word_1_42' title='bbox 909 638 1013 708; x_wconf 90' lang='lat' dir='ltr'><strong>initio</strong></span> <span class='ocrx_word' id='word_1_43' title='bbox 1029 639 1136 708; x_wconf 87' lang='lat' dir='ltr'><strong>huius</strong></span> <span class='ocrx_word' id='word_1_44' title='bbox 1152 661 1224 707; x_wconf 87' lang='lat' dir='ltr'><strong>sae-</strong></span> 
     </span>
     <span class='ocr_line' id='line_1_7' title="bbox 36 746 1225 842; baseline -0.009 -15"><span class='ocrx_word' id='word_1_45' title='bbox 36 753 130 842; x_wconf 80' lang='lat' dir='ltr'><strong>suli)</strong></span> <span class='ocrx_word' id='word_1_46' title='bbox 155 752 303 822; x_wconf 77' lang='lat' dir='ltr'><strong>hierone</strong></span> <span class='ocrx_word' id='word_1_47' title='bbox 323 749 564 820; x_wconf 80' lang='lat' dir='ltr'><strong>Mestrofinius</strong></span> <span class='ocrx_word' id='word_1_48' title='bbox 588 749 625 818; x_wconf 91' lang='lat' dir='ltr'><strong>in</strong></span> <span class='ocrx_word' id='word_1_49' title='bbox 648 771 710 816; x_wconf 88' lang='lat' dir='ltr'><strong>suo</strong></span> <span class='ocrx_word' id='word_1_50' title='bbox 734 747 843 839; x_wconf 89' lang='lat' dir='ltr'><strong>Opere</strong></span> <span class='ocrx_word' id='word_1_51' title='bbox 859 749 900 816; x_wconf 93' lang='lat' dir='ltr'><strong>de</strong></span> <span class='ocrx_word' id='word_1_52' title='bbox 921 746 1110 832; x_wconf 78' lang='lat' dir='ltr'><strong>Trinitate,</strong></span> <span class='ocrx_word' id='word_1_53' title='bbox 1135 746 1225 840; x_wconf 91' lang='lat' dir='ltr'><strong>quod</strong></span> 
     </span>
     <span class='ocr_line' id='line_1_8' title="bbox 38 855 1225 954; baseline -0.007 -20"><span class='ocrx_word' id='word_1_54' title='bbox 38 861 233 954; x_wconf 71' lang='lat' dir='ltr'><strong>inscripsit</strong></span> <span class='ocrx_word' id='word_1_55' title='bbox 252 856 529 950; x_wconf 79' lang='lat' dir='ltr'><strong>hietsphysiosm</strong></span> <span class='ocrx_word' id='word_1_56' title='bbox 549 856 796 943; x_wconf 80' lang='lat' dir='ltr'><strong>sublimiorem,</strong></span> <span class='ocrx_word' id='word_1_57' title='bbox 810 880 879 925; x_wconf 91' lang='lat' dir='ltr'><strong>non</strong></span> <span class='ocrx_word' id='word_1_58' title='bbox 903 878 1006 924; x_wconf 88' lang='lat' dir='ltr'><strong>unam</strong></span> <span class='ocrx_word' id='word_1_59' title='bbox 1031 856 1141 924; x_wconf 88' lang='lat' dir='ltr'><strong>solum</strong></span> <span class='ocrx_word' id='word_1_60' title='bbox 1166 855 1225 926; x_wconf 90' lang='lat' dir='ltr'><strong>sed</strong></span> 
     </span>
    </p>

    <p class='ocr_par' dir='ltr' id='par_1_3' title="bbox 10 964 1226 2361">
     <span class='ocr_line' id='line_1_9' title="bbox 10 964 1225 1058; baseline -0.008 -16"><span class='ocrx_word' id='word_1_61' title='bbox 10 1050 12 1057; x_wconf 53' lang='grc'>,</span> <span class='ocrx_word' id='word_1_62' title='bbox 39 970 185 1043; x_wconf 81' lang='lat' dir='ltr'><strong>omniuo</strong></span> <span class='ocrx_word' id='word_1_63' title='bbox 209 975 285 1038; x_wconf 90' lang='lat' dir='ltr'><strong>tres</strong></span> <span class='ocrx_word' id='word_1_64' title='bbox 307 966 491 1054; x_wconf 88' lang='lat' dir='ltr'><strong>exhibuit,</strong></span> <span class='ocrx_word' id='word_1_65' title='bbox 509 988 597 1058; x_wconf 86' lang='lat' dir='ltr'><strong>ques</strong></span> <span class='ocrx_word' id='word_1_66' title='bbox 611 965 685 1056; x_wconf 92' lang='lat' dir='ltr'><strong>ipse</strong></span> <span class='ocrx_word' id='word_1_67' title='bbox 704 964 898 1056; x_wconf 89' lang='lat' dir='ltr'><strong>appellavit</strong></span> <span class='ocrx_word' id='word_1_68' title='bbox 914 964 1225 1034; x_wconf 75' lang='lat' dir='ltr'><strong>demonstrationes</strong></span> 
     </span>
     <span class='ocr_line' id='line_1_10' title="bbox 10 1064 1224 1153; baseline -0.002 -10"><span class='ocrx_word' id='word_1_69' title='bbox 10 1064 107 1153; x_wconf 72' lang='lat' dir='ltr'><strong>iBS.</strong></span> <span class='ocrx_word' id='word_1_70' title='bbox 126 1076 327 1147; x_wconf 71' lang='lat' dir='ltr'><strong>Trinitatis</strong></span> <span class='ocrx_word' id='word_1_71' title='bbox 350 1074 437 1145; x_wconf 90' lang='lat' dir='ltr'><strong>totis</strong></span> <span class='ocrx_word' id='word_1_72' title='bbox 458 1074 563 1145; x_wconf 90' lang='lat' dir='ltr'><strong>libris</strong></span> <span class='ocrx_word' id='word_1_73' title='bbox 585 1075 654 1144; x_wconf 91' lang='grc' dir='ltr'><strong>ΙΠ.</strong></span> <span class='ocrx_word' id='word_1_74' title='bbox 676 1073 740 1142; x_wconf 90' lang='lat' dir='ltr'><strong>IV.</strong></span> <span class='ocrx_word' id='word_1_75' title='bbox 759 1073 803 1143; x_wconf 87' lang='lat' dir='ltr'><strong>V.</strong></span> <span class='ocrx_word' id='word_1_76' title='bbox 826 1073 946 1142; x_wconf 85' lang='lat' dir='ltr'><strong>Prima</strong></span> <span class='ocrx_word' id='word_1_77' title='bbox 969 1073 1111 1143; x_wconf 80' lang='lat' dir='ltr'><strong>ducitur</strong></span> <span class='ocrx_word' id='word_1_78' title='bbox 1134 1094 1224 1141; x_wconf 87' lang='lat' dir='ltr'><strong>ane·</strong></span> 
     </span>
     <span class='ocr_line' id='line_1_11' title="bbox 11 1176 1224 1276; baseline -0.007 -17"><span class='ocrx_word' id='word_1_79' title='bbox 11 1176 14 1185; x_wconf 50' lang='lat'>¹</span> <span class='ocrx_word' id='word_1_80' title='bbox 43 1186 203 1259; x_wconf 67' lang='lat' dir='ltr'><strong>temris</strong></span> <span class='ocrx_word' id='word_1_81' title='bbox 224 1184 418 1254; x_wconf 86' lang='lat' dir='ltr'><strong>existentia</strong></span> <span class='ocrx_word' id='word_1_82' title='bbox 433 1183 498 1252; x_wconf 89' lang='lat' dir='ltr'><strong>Dei</strong></span> <span class='ocrx_word' id='word_1_83' title='bbox 514 1185 551 1252; x_wconf 89' lang='lat' dir='ltr'><strong>in</strong></span> <span class='ocrx_word' id='word_1_84' title='bbox 570 1184 707 1253; x_wconf 90' lang='lat' dir='ltr'><strong>modum</strong></span> <span class='ocrx_word' id='word_1_85' title='bbox 725 1189 935 1276; x_wconf 87' lang='lat' dir='ltr'><strong>sequentem.</strong></span> <span class='ocrx_word' id='word_1_86' title='bbox 957 1182 1138 1274; x_wconf 81' lang='lat' dir='ltr'><strong>Quidquid</strong></span> <span class='ocrx_word' id='word_1_87' title='bbox 1154 1181 1224 1251; x_wconf 88' lang='lat' dir='ltr'><strong>exi-</strong></span> 
     </span>
     <span class='ocr_line' id='line_1_12' title="bbox 10 1289 1226 1384; baseline -0.009 -15"><span class='ocrx_word' id='word_1_88' title='bbox 10 1344 12 1349; x_wconf 68' lang='lat'>‹</span> <span class='ocrx_word' id='word_1_89' title='bbox 44 1297 135 1383; x_wconf 84' lang='lat' dir='ltr'><strong>stit,</strong></span> <span class='ocrx_word' id='word_1_90' title='bbox 162 1295 295 1364; x_wconf 84' lang='lat' dir='ltr'><strong>habeat</strong></span> <span class='ocrx_word' id='word_1_91' title='bbox 317 1297 454 1384; x_wconf 88' lang='lat' dir='ltr'><strong>oportet</strong></span> <span class='ocrx_word' id='word_1_92' title='bbox 475 1291 645 1362; x_wconf 90' lang='lat' dir='ltr'><strong>rationem</strong></span> <span class='ocrx_word' id='word_1_93' title='bbox 671 1291 899 1361; x_wconf 78' lang='lat' dir='ltr'><strong>sufficientem</strong></span> <span class='ocrx_word' id='word_1_94' title='bbox 931 1313 991 1360; x_wconf 88' lang='lat' dir='ltr'><strong>seu</strong></span> <span class='ocrx_word' id='word_1_95' title='bbox 1014 1289 1226 1381; x_wconf 79' lang='lat' dir='ltr'><strong>principium</strong></span> 
     </span>
     <span class='ocr_line' id='line_1_13' title="bbox 10 1396 1226 1488; baseline -0.009 -10"><span class='ocrx_word' id='word_1_96' title='bbox 10 1404 14 1425; x_wconf 71' lang='lat'>²</span> <span class='ocrx_word' id='word_1_97' title='bbox 46 1405 286 1477; x_wconf 80' lang='lat' dir='ltr'><strong>extrinsecum</strong></span> <span class='ocrx_word' id='word_1_98' title='bbox 309 1400 368 1473; x_wconf 80' lang='lat' dir='ltr'><strong>vel</strong></span> <span class='ocrx_word' id='word_1_99' title='bbox 389 1399 620 1472; x_wconf 88' lang='lat' dir='ltr'><strong>intrinseoum</strong></span> <span class='ocrx_word' id='word_1_100' title='bbox 644 1423 726 1469; x_wconf 86' lang='lat' dir='ltr'><strong>suae</strong></span> <span class='ocrx_word' id='word_1_101' title='bbox 750 1399 969 1470; x_wconf 87' lang='lat' dir='ltr'><strong>existentiae.</strong></span> <span class='ocrx_word' id='word_1_102' title='bbox 988 1396 1084 1488; x_wconf 81' lang='lat' dir='ltr'><strong>Ergo</strong></span> <span class='ocrx_word' id='word_1_103' title='bbox 1100 1397 1137 1466; x_wconf 92' lang='lat' dir='ltr'><strong>in</strong></span> <span class='ocrx_word' id='word_1_104' title='bbox 1154 1399 1226 1468; x_wconf 87' lang='lat' dir='ltr'><strong>Deo</strong></span> 
     </span>
     <span class='ocr_line' id='line_1_14' title="bbox 48 1506 1225 1599; baseline -0.008 -14"><span class='ocrx_word' id='word_1_105' title='bbox 48 1519 126 1585; x_wconf 80' lang='lat' dir='ltr'><strong>ente</strong></span> <span class='ocrx_word' id='word_1_106' title='bbox 148 1510 348 1582; x_wconf 85' lang='lat' dir='ltr'><strong>neeessario</strong></span> <span class='ocrx_word' id='word_1_107' title='bbox 371 1509 473 1580; x_wconf 88' lang='lat' dir='ltr'><strong>debet</strong></span> <span class='ocrx_word' id='word_1_108' title='bbox 494 1531 569 1580; x_wconf 87' lang='lat' dir='ltr'><strong>esse</strong></span> <span class='ocrx_word' id='word_1_109' title='bbox 592 1508 806 1599; x_wconf 83' lang='lat' dir='ltr'><strong>principium</strong></span> <span class='ocrx_word' id='word_1_110' title='bbox 821 1532 890 1577; x_wconf 92' lang='lat' dir='ltr'><strong>non</strong></span> <span class='ocrx_word' id='word_1_111' title='bbox 906 1508 1142 1578; x_wconf 81' lang='lat' dir='ltr'><strong>extrinsecum</strong></span> <span class='ocrx_word' id='word_1_112' title='bbox 1166 1506 1225 1576; x_wconf 89' lang='lat' dir='ltr'><strong>ssd</strong></span> 
     </span>
     <span class='ocr_line' id='line_1_15' title="bbox 50 1606 1225 1707; baseline -0.007 -15"><span class='ocrx_word' id='word_1_113' title='bbox 50 1621 306 1704; x_wconf 82' lang='lat' dir='ltr'><strong>intrinsecum,</strong></span> <span class='ocrx_word' id='word_1_114' title='bbox 331 1606 423 1688; x_wconf 85' lang='lat' dir='ltr'><strong>unde</strong></span> <span class='ocrx_word' id='word_1_115' title='bbox 445 1619 495 1687; x_wconf 87' lang='lat' dir='ltr'><strong>sit</strong></span> <span class='ocrx_word' id='word_1_116' title='bbox 516 1616 707 1687; x_wconf 83' lang='lat' dir='ltr'><strong>existentis</strong></span> <span class='ocrx_word' id='word_1_117' title='bbox 729 1618 807 1686; x_wconf 92' lang='lat' dir='ltr'><strong>Dei.</strong></span> <span class='ocrx_word' id='word_1_118' title='bbox 821 1617 897 1685; x_wconf 89' lang='lat' dir='ltr'><strong>Hoo</strong></span> <span class='ocrx_word' id='word_1_119' title='bbox 919 1615 1131 1707; x_wconf 79' lang='lat' dir='ltr'><strong>principium</strong></span> <span class='ocrx_word' id='word_1_120' title='bbox 1154 1614 1225 1684; x_wconf 89' lang='lat' dir='ltr'><strong>exi·</strong></span> 
     </span>
     <span class='ocr_line' id='line_1_16' title="bbox 53 1725 1223 1819; baseline -0.007 -18"><span class='ocrx_word' id='word_1_121' title='bbox 53 1731 203 1801; x_wconf 78' lang='lat' dir='ltr'><strong>stantiae</strong></span> <span class='ocrx_word' id='word_1_122' title='bbox 226 1729 329 1799; x_wconf 87' lang='lat' dir='ltr'><strong>debet</strong></span> <span class='ocrx_word' id='word_1_123' title='bbox 351 1733 388 1797; x_wconf 86' lang='lat' dir='ltr'><strong>et</strong></span> <span class='ocrx_word' id='word_1_124' title='bbox 409 1725 523 1818; x_wconf 91' lang='lat' dir='ltr'><strong>ipsum</strong></span> <span class='ocrx_word' id='word_1_125' title='bbox 546 1725 720 1815; x_wconf 81' lang='lat' dir='ltr'><strong>existere;</strong></span> <span class='ocrx_word' id='word_1_126' title='bbox 753 1725 924 1819; x_wconf 92' lang='lat' dir='ltr'><strong>quidquid</strong></span> <span class='ocrx_word' id='word_1_127' title='bbox 955 1747 1038 1794; x_wconf 89' lang='lat' dir='ltr'><strong>vero</strong></span> <span class='ocrx_word' id='word_1_128' title='bbox 1072 1725 1223 1811; x_wconf 82' lang='lat' dir='ltr'><strong>existit,</strong></span> 
     </span>
     <span class='ocr_line' id='line_1_17' title="bbox 55 1832 1225 1925; baseline -0.006 -17"><span class='ocrx_word' id='word_1_129' title='bbox 55 1837 174 1908; x_wconf 78' lang='lat' dir='ltr'><strong>existit</strong></span> <span class='ocrx_word' id='word_1_130' title='bbox 188 1835 288 1906; x_wconf 89' lang='lat' dir='ltr'><strong>modo</strong></span> <span class='ocrx_word' id='word_1_131' title='bbox 311 1834 565 1922; x_wconf 80' lang='lat' dir='ltr'><strong>determinat03</strong></span> <span class='ocrx_word' id='word_1_132' title='bbox 591 1857 675 1925; x_wconf 82' lang='lat' dir='ltr'><strong>ergo</strong></span> <span class='ocrx_word' id='word_1_133' title='bbox 706 1833 918 1925; x_wconf 91' lang='lat' dir='ltr'><strong>prinoipium</strong></span> <span class='ocrx_word' id='word_1_134' title='bbox 949 1834 1157 1902; x_wconf 81' lang='lat' dir='ltr'><strong>existentiae</strong></span> <span class='ocrx_word' id='word_1_135' title='bbox 1188 1832 1225 1901; x_wconf 90' lang='lat' dir='ltr'><strong>in</strong></span> 
     </span>
     <span class='ocr_line' id='line_1_18' title="bbox 56 1941 1226 2036; baseline -0.005 -20"><span class='ocrx_word' id='word_1_136' title='bbox 56 1945 122 2016; x_wconf 81' lang='lat' dir='ltr'><strong>Deo</strong></span> <span class='ocrx_word' id='word_1_137' title='bbox 144 1945 251 2015; x_wconf 81' lang='lat' dir='ltr'><strong>hebet</strong></span> <span class='ocrx_word' id='word_1_138' title='bbox 272 1945 453 2036; x_wconf 90' lang='lat' dir='ltr'><strong>proprium</strong></span> <span class='ocrx_word' id='word_1_139' title='bbox 475 1944 613 2012; x_wconf 89' lang='lat' dir='ltr'><strong>modum</strong></span> <span class='ocrx_word' id='word_1_140' title='bbox 636 1943 810 2013; x_wconf 87' lang='lat' dir='ltr'><strong>existendi</strong></span> <span class='ocrx_word' id='word_1_141' title='bbox 834 1941 1041 2013; x_wconf 83' lang='lat' dir='ltr'><strong>distinctum</strong></span> <span class='ocrx_word' id='word_1_142' title='bbox 1065 1942 1109 2010; x_wconf 90' lang='lat' dir='ltr'><strong>ab</strong></span> <span class='ocrx_word' id='word_1_143' title='bbox 1134 1941 1226 2010; x_wconf 90' lang='lat' dir='ltr'><strong>omni</strong></span> 
     </span>
     <span class='ocr_line' id='line_1_19' title="bbox 58 2050 1226 2143; baseline -0.005 -20"><span class='ocrx_word' id='word_1_144' title='bbox 58 2053 144 2139; x_wconf 74' lang='lat' dir='ltr'><strong>elio,</strong></span> <span class='ocrx_word' id='word_1_145' title='bbox 168 2075 232 2123; x_wconf 89' lang='lat' dir='ltr'><strong>seu</strong></span> <span class='ocrx_word' id='word_1_146' title='bbox 253 2051 467 2143; x_wconf 83' lang='lat' dir='ltr'><strong>principium</strong></span> <span class='ocrx_word' id='word_1_147' title='bbox 489 2050 697 2121; x_wconf 86' lang='lat' dir='ltr'><strong>existentiae</strong></span> <span class='ocrx_word' id='word_1_148' title='bbox 719 2050 786 2123; x_wconf 92' lang='lat' dir='ltr'><strong>Dei</strong></span> <span class='ocrx_word' id='word_1_149' title='bbox 808 2057 863 2120; x_wconf 91' lang='lat' dir='ltr'><strong>est</strong></span> <span class='ocrx_word' id='word_1_150' title='bbox 885 2050 1078 2120; x_wconf 81' lang='lat' dir='ltr'><strong>subsistens</strong></span> <span class='ocrx_word' id='word_1_151' title='bbox 1101 2055 1137 2119; x_wconf 89' lang='lat' dir='ltr'><strong>et</strong></span> <span class='ocrx_word' id='word_1_152' title='bbox 1160 2050 1226 2138; x_wconf 93' lang='lat' dir='ltr'><strong>hy·</strong></span> 
     </span>
     <span class='ocr_line' id='line_1_20' title="bbox 60 2155 1226 2253; baseline -0.006 -23"><span class='ocrx_word' id='word_1_153' title='bbox 60 2160 211 2253; x_wconf 84' lang='lat' dir='ltr'><strong>postssis.</strong></span> <span class='ocrx_word' id='word_1_154' title='bbox 226 2159 429 2230; x_wconf 86' lang='lat' dir='ltr'><strong>Existentia</strong></span> <span class='ocrx_word' id='word_1_155' title='bbox 439 2180 647 2251; x_wconf 82' lang='lat' dir='ltr'><strong>promanans</strong></span> <span class='ocrx_word' id='word_1_156' title='bbox 663 2158 870 2251; x_wconf 88' lang='lat' dir='ltr'><strong>aprinoipio</strong></span> <span class='ocrx_word' id='word_1_157' title='bbox 885 2164 939 2228; x_wconf 87' lang='lat' dir='ltr'><strong>est</strong></span> <span class='ocrx_word' id='word_1_158' title='bbox 951 2157 1086 2250; x_wconf 88' lang='lat' dir='ltr'><strong>aliquid</strong></span> <span class='ocrx_word' id='word_1_159' title='bbox 1101 2155 1226 2225; x_wconf 87' lang='lat' dir='ltr'><strong>distin·</strong></span> 
     </span>
     <span class='ocr_line' id='line_1_21' title="bbox 61 2263 1226 2361; baseline -0.006 -22"><span class='ocrx_word' id='word_1_160' title='bbox 61 2274 145 2339; x_wconf 81' lang='lat' dir='ltr'><strong>etum</strong></span> <span class='ocrx_word' id='word_1_161' title='bbox 167 2288 190 2336; x_wconf 81' lang='lat' dir='ltr'><strong>e</strong></span> <span class='ocrx_word' id='word_1_162' title='bbox 212 2291 276 2337; x_wconf 88' lang='lat' dir='ltr'><strong>suo</strong></span> <span class='ocrx_word' id='word_1_163' title='bbox 298 2267 484 2361; x_wconf 79' lang='lat' dir='ltr'><strong>principio,</strong></span> <span class='ocrx_word' id='word_1_164' title='bbox 510 2276 549 2337; x_wconf 91' lang='lat' dir='ltr'><strong>et</strong></span> <span class='ocrx_word' id='word_1_165' title='bbox 568 2273 753 2358; x_wconf 83' lang='lat' dir='ltr'><strong>propterea</strong></span> <span class='ocrx_word' id='word_1_166' title='bbox 775 2267 880 2337; x_wconf 89' lang='lat' dir='ltr'><strong>etiam</strong></span> <span class='ocrx_word' id='word_1_167' title='bbox 904 2266 980 2336; x_wconf 88' lang='lat' dir='ltr'><strong>eius</strong></span> <span class='ocrx_word' id='word_1_168' title='bbox 995 2270 1049 2333; x_wconf 89' lang='lat' dir='ltr'><strong>est</strong></span> <span class='ocrx_word' id='word_1_169' title='bbox 1064 2263 1226 2356; x_wconf 90' lang='lat' dir='ltr'><strong>proprius</strong></span> 
     </span>
    </p>

    <p class='ocr_par' dir='ltr' id='par_1_4' title="bbox 21 2374 1272 4305">
     <span class='ocr_line' id='line_1_22' title="bbox 21 2374 1272 2467; baseline -0.005 -20"><span class='ocrx_word' id='word_1_170' title='bbox 21 2380 24 2385; x_wconf 82' lang='grc'><strong>’</strong></span> <span class='ocrx_word' id='word_1_171' title='bbox 61 2377 304 2448; x_wconf 86' lang='lat' dir='ltr'><strong>determinatus</strong></span> <span class='ocrx_word' id='word_1_172' title='bbox 327 2375 449 2446; x_wconf 91' lang='lat' dir='ltr'><strong>modus</strong></span> <span class='ocrx_word' id='word_1_173' title='bbox 470 2375 656 2461; x_wconf 88' lang='lat' dir='ltr'><strong>existendi,</strong></span> <span class='ocrx_word' id='word_1_174' title='bbox 673 2397 734 2444; x_wconf 89' lang='lat' dir='ltr'><strong>seu</strong></span> <span class='ocrx_word' id='word_1_175' title='bbox 749 2374 828 2467; x_wconf 87' lang='lat' dir='ltr'><strong>ipse</strong></span> <span class='ocrx_word' id='word_1_176' title='bbox 846 2374 1010 2446; x_wconf 87' lang='lat' dir='ltr'><strong>subsistit</strong></span> <span class='ocrx_word' id='word_1_177' title='bbox 1033 2383 1069 2445; x_wconf 91' lang='lat' dir='ltr'><strong>et</strong></span> <span class='ocrx_word' id='word_1_178' title='bbox 1082 2381 1145 2445; x_wconf 86' lang='lat' dir='ltr'><strong>est</strong></span> <span class='ocrx_word' id='word_1_179' title='bbox 1159 2374 1225 2464; x_wconf 93' lang='lat' dir='ltr'><strong>hy·</strong></span> <span class='ocrx_word' id='word_1_180' title='bbox 1270 2427 1272 2431; x_wconf 52' lang='grc'>,</span> 
     </span>
     <span class='ocr_line' id='line_1_23' title="bbox 63 2480 1225 2576; baseline -0.008 -19"><span class='ocrx_word' id='word_1_181' title='bbox 63 2486 212 2576; x_wconf 77' lang='lat' dir='ltr'><strong>pustssis.</strong></span> <span class='ocrx_word' id='word_1_182' title='bbox 231 2485 324 2556; x_wconf 83' lang='lat' dir='ltr'><strong>Sunt</strong></span> <span class='ocrx_word' id='word_1_183' title='bbox 346 2507 430 2575; x_wconf 82' lang='lat' dir='ltr'><strong>ergo</strong></span> <span class='ocrx_word' id='word_1_184' title='bbox 452 2482 649 2554; x_wconf 79' lang='lat' dir='ltr'><strong>neeessario</strong></span> <span class='ocrx_word' id='word_1_185' title='bbox 672 2483 761 2553; x_wconf 87' lang='lat' dir='ltr'><strong>duae</strong></span> <span class='ocrx_word' id='word_1_186' title='bbox 776 2483 1009 2572; x_wconf 86' lang='lat' dir='ltr'><strong>hypostases,</strong></span> <span class='ocrx_word' id='word_1_187' title='bbox 1034 2502 1106 2551; x_wconf 88' lang='lat' dir='ltr'><strong>una</strong></span> <span class='ocrx_word' id='word_1_188' title='bbox 1129 2480 1225 2572; x_wconf 90' lang='lat' dir='ltr'><strong>prin·</strong></span> 
     </span>
     <span class='ocr_line' id='line_1_24' title="bbox 63 2590 1224 2684; baseline -0.003 -23"><span class='ocrx_word' id='word_1_189' title='bbox 63 2591 180 2684; x_wconf 84' lang='lat' dir='ltr'><strong>eipium</strong></span> <span class='ocrx_word' id='word_1_190' title='bbox 202 2594 367 2680; x_wconf 82' lang='lat' dir='ltr'><strong>(Peter),</strong></span> <span class='ocrx_word' id='word_1_191' title='bbox 393 2592 465 2659; x_wconf 87' lang='lat' dir='ltr'><strong>alia</strong></span> <span class='ocrx_word' id='word_1_192' title='bbox 486 2591 735 2684; x_wconf 81' lang='lat' dir='ltr'><strong>principiatum</strong></span> <span class='ocrx_word' id='word_1_193' title='bbox 759 2591 935 2677; x_wconf 83' lang='lat' dir='ltr'><strong>(Filius).</strong></span> <span class='ocrx_word' id='word_1_194' title='bbox 953 2590 1062 2659; x_wconf 90' lang='lat' dir='ltr'><strong>Porro</strong></span> <span class='ocrx_word' id='word_1_195' title='bbox 1079 2591 1116 2659; x_wconf 91' lang='lat' dir='ltr'><strong>in</strong></span> <span class='ocrx_word' id='word_1_196' title='bbox 1133 2590 1224 2658; x_wconf 91' lang='lat' dir='ltr'><strong>omni</strong></span> 
     </span>
     <span class='ocr_line' id='line_1_25' title="bbox 64 2697 1225 2789; baseline -0.001 -20"><span class='ocrx_word' id='word_1_197' title='bbox 64 2700 250 2772; x_wconf 64' lang='lat' dir='ltr'><strong>abstentis</strong></span> <span class='ocrx_word' id='word_1_198' title='bbox 272 2707 309 2771; x_wconf 87' lang='lat' dir='ltr'><strong>et</strong></span> <span class='ocrx_word' id='word_1_199' title='bbox 324 2699 529 2769; x_wconf 78' lang='lat' dir='ltr'><strong>nominatim</strong></span> <span class='ocrx_word' id='word_1_200' title='bbox 559 2698 597 2767; x_wconf 91' lang='lat' dir='ltr'><strong>in</strong></span> <span class='ocrx_word' id='word_1_201' title='bbox 628 2698 827 2769; x_wconf 73' lang='lat' dir='ltr'><strong>substantia</strong></span> <span class='ocrx_word' id='word_1_202' title='bbox 858 2697 1014 2789; x_wconf 81' lang='lat' dir='ltr'><strong>spiritali</strong></span> <span class='ocrx_word' id='word_1_203' title='bbox 1045 2704 1082 2768; x_wconf 88' lang='lat' dir='ltr'><strong>et</strong></span> <span class='ocrx_word' id='word_1_204' title='bbox 1114 2698 1225 2768; x_wconf 88' lang='lat' dir='ltr'><strong>multo</strong></span> 
     </span>
     <span class='ocr_line' id='line_1_26' title="bbox 63 2803 1225 2897; baseline 0.001 -24"><span class='ocrx_word' id='word_1_205' title='bbox 63 2805 163 2896; x_wconf 72' lang='lat' dir='ltr'><strong>napis</strong></span> <span class='ocrx_word' id='word_1_206' title='bbox 186 2805 224 2874; x_wconf 90' lang='lat' dir='ltr'><strong>in</strong></span> <span class='ocrx_word' id='word_1_207' title='bbox 249 2803 449 2875; x_wconf 70' lang='lat' dir='ltr'><strong>substantie</strong></span> <span class='ocrx_word' id='word_1_208' title='bbox 470 2803 609 2873; x_wconf 88' lang='lat' dir='ltr'><strong>infinite</strong></span> <span class='ocrx_word' id='word_1_209' title='bbox 632 2805 789 2895; x_wconf 81' lang='lat' dir='ltr'><strong>perfectu</strong></span> <span class='ocrx_word' id='word_1_210' title='bbox 805 2804 906 2875; x_wconf 87' lang='lat' dir='ltr'><strong>debet</strong></span> <span class='ocrx_word' id='word_1_211' title='bbox 922 2827 996 2874; x_wconf 90' lang='lat' dir='ltr'><strong>esse</strong></span> <span class='ocrx_word' id='word_1_212' title='bbox 1012 2804 1225 2897; x_wconf 82' lang='lat' dir='ltr'><strong>principium</strong></span> 
     </span>
     <span class='ocr_line' id='line_1_27' title="bbox 63 2911 1226 3005; baseline 0.001 -22"><span class='ocrx_word' id='word_1_213' title='bbox 63 2912 221 3002; x_wconf 49' lang='lat' dir='ltr'><strong>usioni„</strong></span> <span class='ocrx_word' id='word_1_214' title='bbox 250 2941 268 2977; x_wconf 79' lang='lat' dir='ltr'><em>u</em></span> <span class='ocrx_word' id='word_1_215' title='bbox 286 2911 377 2981; x_wconf 91' lang='lat' dir='ltr'><strong>unde</strong></span> <span class='ocrx_word' id='word_1_216' title='bbox 400 2933 612 3004; x_wconf 80' lang='lat' dir='ltr'><strong>consequens</strong></span> <span class='ocrx_word' id='word_1_217' title='bbox 636 2913 719 2997; x_wconf 84' lang='lat' dir='ltr'><strong>det,</strong></span> <span class='ocrx_word' id='word_1_218' title='bbox 750 2919 909 3002; x_wconf 84' lang='lat' dir='ltr'><strong>oportere</strong></span> <span class='ocrx_word' id='word_1_219' title='bbox 945 2912 1053 3005; x_wconf 84' lang='lat' dir='ltr'><strong>etiem</strong></span> <span class='ocrx_word' id='word_1_220' title='bbox 1083 2914 1226 2984; x_wconf 87' lang='lat' dir='ltr'><strong>admitti</strong></span> 
     </span>
     <span class='ocr_line' id='line_1_28' title="bbox 64 3021 1224 3115; baseline 0 -23"><span class='ocrx_word' id='word_1_221' title='bbox 64 3021 261 3115; x_wconf 82' lang='lat' dir='ltr'><strong>principium</strong></span> <span class='ocrx_word' id='word_1_222' title='bbox 285 3021 456 3114; x_wconf 89' lang='lat' dir='ltr'><strong>quoddam</strong></span> <span class='ocrx_word' id='word_1_223' title='bbox 480 3021 630 3091; x_wconf 81' lang='lat' dir='ltr'><strong>sotionis</strong></span> <span class='ocrx_word' id='word_1_224' title='bbox 653 3021 692 3091; x_wconf 92' lang='lat' dir='ltr'><strong>in</strong></span> <span class='ocrx_word' id='word_1_225' title='bbox 714 3021 789 3115; x_wconf 91' lang='lat' dir='ltr'><strong>ipso</strong></span> <span class='ocrx_word' id='word_1_226' title='bbox 811 3023 883 3091; x_wconf 91' lang='lat' dir='ltr'><strong>Deo</strong></span> <span class='ocrx_word' id='word_1_227' title='bbox 915 3021 1131 3092; x_wconf 76' lang='lat' dir='ltr'><strong>considerato</strong></span> <span class='ocrx_word' id='word_1_228' title='bbox 1154 3022 1224 3092; x_wconf 85' lang='lat' dir='ltr'><strong>ism</strong></span> 
     </span>
     <span class='ocr_line' id='line_1_29' title="bbox 64 3127 1225 3220; baseline 0.003 -24"><span class='ocrx_word' id='word_1_229' title='bbox 64 3136 156 3216; x_wconf 84' lang='lat' dir='ltr'><strong>prout</strong></span> <span class='ocrx_word' id='word_1_230' title='bbox 178 3149 279 3197; x_wconf 86' lang='lat' dir='ltr'><strong>suam</strong></span> <span class='ocrx_word' id='word_1_231' title='bbox 301 3127 408 3199; x_wconf 85' lang='lat' dir='ltr'><strong>habet</strong></span> <span class='ocrx_word' id='word_1_232' title='bbox 429 3129 680 3218; x_wconf 85' lang='lat' dir='ltr'><strong>existentiam,</strong></span> <span class='ocrx_word' id='word_1_233' title='bbox 705 3152 824 3220; x_wconf 84' lang='lat' dir='ltr'><strong>nempe</strong></span> <span class='ocrx_word' id='word_1_234' title='bbox 847 3129 886 3199; x_wconf 91' lang='lat' dir='ltr'><strong>in</strong></span> <span class='ocrx_word' id='word_1_235' title='bbox 908 3128 1020 3220; x_wconf 90' lang='lat' dir='ltr'><strong>primo</strong></span> <span class='ocrx_word' id='word_1_236' title='bbox 1051 3129 1114 3198; x_wconf 90' lang='lat' dir='ltr'><strong>illo</strong></span> <span class='ocrx_word' id='word_1_237' title='bbox 1137 3129 1225 3200; x_wconf 91' lang='lat' dir='ltr'><strong>inte·</strong></span> 
     </span>
     <span class='ocr_line' id='line_1_30' title="bbox 64 3234 1225 3337; baseline 0.003 -34"><span class='ocrx_word' id='word_1_238' title='bbox 64 3234 142 3308; x_wconf 88' lang='lat' dir='ltr'><strong>riore</strong></span> <span class='ocrx_word' id='word_1_239' title='bbox 165 3243 203 3306; x_wconf 88' lang='lat' dir='ltr'><strong>et</strong></span> <span class='ocrx_word' id='word_1_240' title='bbox 225 3235 397 3337; x_wconf 79' lang='lat' dir='ltr'><strong>existente</strong></span> <span class='ocrx_word' id='word_1_241' title='bbox 420 3237 618 3329; x_wconf 80' lang='lat' dir='ltr'><strong>principio,</strong></span> <span class='ocrx_word' id='word_1_242' title='bbox 645 3243 800 3328; x_wconf 77' lang='lat' dir='ltr'><strong>spectato</strong></span> <span class='ocrx_word' id='word_1_243' title='bbox 828 3237 933 3306; x_wconf 87' lang='lat' dir='ltr'><strong>simul</strong></span> <span class='ocrx_word' id='word_1_244' title='bbox 963 3261 1041 3307; x_wconf 89' lang='lat' dir='ltr'><strong>oum</strong></span> <span class='ocrx_word' id='word_1_245' title='bbox 1074 3237 1225 3307; x_wconf 87' lang='lat' dir='ltr'><strong>seeundo</strong></span> 
     </span>
     <span class='ocr_line' id='line_1_31' title="bbox 64 3344 1225 3438; baseline -0.002 -24"><span class='ocrx_word' id='word_1_246' title='bbox 64 3344 224 3415; x_wconf 82' lang='lat' dir='ltr'><strong>existendi</strong></span> <span class='ocrx_word' id='word_1_247' title='bbox 247 3345 370 3431; x_wconf 90' lang='lat' dir='ltr'><strong>modo,</strong></span> <span class='ocrx_word' id='word_1_248' title='bbox 396 3346 458 3438; x_wconf 90' lang='lat' dir='ltr'><strong>qui</strong></span> <span class='ocrx_word' id='word_1_249' title='bbox 480 3346 650 3416; x_wconf 86' lang='lat' dir='ltr'><strong>rationem</strong></span> <span class='ocrx_word' id='word_1_250' title='bbox 673 3346 780 3416; x_wconf 87' lang='lat' dir='ltr'><strong>habet</strong></span> <span class='ocrx_word' id='word_1_251' title='bbox 807 3345 1014 3416; x_wconf 87' lang='lat' dir='ltr'><strong>existentiae</strong></span> <span class='ocrx_word' id='word_1_252' title='bbox 1042 3344 1100 3415; x_wconf 85' lang='lat' dir='ltr'><strong>vel</strong></span> <span class='ocrx_word' id='word_1_253' title='bbox 1129 3345 1225 3435; x_wconf 91' lang='lat' dir='ltr'><strong>prin·</strong></span> 
     </span>
     <span class='ocr_line' id='line_1_32' title="bbox 65 3451 1224 3546; baseline 0 -27"><span class='ocrx_word' id='word_1_254' title='bbox 65 3451 175 3543; x_wconf 83' lang='lat' dir='ltr'><strong>oipiati</strong></span> <span class='ocrx_word' id='word_1_255' title='bbox 195 3452 309 3522; x_wconf 77' lang='lat' dir='ltr'><strong>relate</strong></span> <span class='ocrx_word' id='word_1_256' title='bbox 331 3454 376 3523; x_wconf 81' lang='lat' dir='ltr'><strong>ed</strong></span> <span class='ocrx_word' id='word_1_257' title='bbox 406 3454 555 3545; x_wconf 92' lang='lat' dir='ltr'><strong>primum</strong></span> <span class='ocrx_word' id='word_1_258' title='bbox 587 3454 678 3524; x_wconf 91' lang='lat' dir='ltr'><strong>illud</strong></span> <span class='ocrx_word' id='word_1_259' title='bbox 709 3454 933 3546; x_wconf 80' lang='lat' dir='ltr'><strong>principium.</strong></span> <span class='ocrx_word' id='word_1_260' title='bbox 955 3481 971 3516; x_wconf 83' lang='lat' dir='ltr'><strong>n</strong></span> <span class='ocrx_word' id='word_1_261' title='bbox 1004 3454 1128 3546; x_wconf 83' lang='lat' dir='ltr'><strong>Itaque</strong></span> <span class='ocrx_word' id='word_1_262' title='bbox 1159 3451 1224 3520; x_wconf 91' lang='lat' dir='ltr'><strong>hoo</strong></span> 
     </span>
     <span class='ocr_line' id='line_1_33' title="bbox 65 3557 1224 3653; baseline -0.001 -24"><span class='ocrx_word' id='word_1_263' title='bbox 65 3560 199 3630; x_wconf 74' lang='lat' dir='ltr'><strong>sadonis</strong></span> <span class='ocrx_word' id='word_1_264' title='bbox 214 3560 430 3653; x_wconf 77' lang='lat' dir='ltr'><strong>principium</strong></span> <span class='ocrx_word' id='word_1_265' title='bbox 445 3566 691 3633; x_wconf 81' lang='lat' dir='ltr'><strong>est&#39;oommune</strong></span> <span class='ocrx_word' id='word_1_266' title='bbox 706 3562 807 3632; x_wconf 85' lang='lat' dir='ltr'><strong>Patri</strong></span> <span class='ocrx_word' id='word_1_267' title='bbox 822 3569 857 3632; x_wconf 90' lang='lat' dir='ltr'><strong>et</strong></span> <span class='ocrx_word' id='word_1_268' title='bbox 871 3562 977 3632; x_wconf 87' lang='lat' dir='ltr'><strong>Filio.</strong></span> <span class='ocrx_word' id='word_1_269' title='bbox 992 3561 1100 3629; x_wconf 90' lang='lat' dir='ltr'><strong>Porro</strong></span> <span class='ocrx_word' id='word_1_270' title='bbox 1116 3557 1224 3628; x_wconf 81' lang='lat' dir='ltr'><strong>sotio·</strong></span> 
     </span>
     <span class='ocr_line' id='line_1_34' title="bbox 67 3666 1226 3762; baseline 0.002 -25"><span class='ocrx_word' id='word_1_271' title='bbox 67 3666 111 3737; x_wconf 84' lang='lat' dir='ltr'><strong>uis</strong></span> <span class='ocrx_word' id='word_1_272' title='bbox 130 3669 343 3762; x_wconf 75' lang='lat' dir='ltr'><strong>principium</strong></span> <span class='ocrx_word' id='word_1_273' title='bbox 355 3669 513 3761; x_wconf 83' lang='lat' dir='ltr'><strong>postulat</strong></span> <span class='ocrx_word' id='word_1_274' title='bbox 528 3669 598 3740; x_wconf 90' lang='lat' dir='ltr'><strong>sibi</strong></span> <span class='ocrx_word' id='word_1_275' title='bbox 612 3669 797 3741; x_wconf 89' lang='lat' dir='ltr'><strong>terminum</strong></span> <span class='ocrx_word' id='word_1_276' title='bbox 809 3670 1123 3761; x_wconf 85' lang='lat' dir='ltr'><strong>proportionatum,</strong></span> <span class='ocrx_word' id='word_1_277' title='bbox 1142 3693 1226 3760; x_wconf 79' lang='lat' dir='ltr'><strong>ergo</strong></span> 
     </span>
     <span class='ocr_line' id='line_1_35' title="bbox 69 3776 1222 3870; baseline 0.001 -23"><span class='ocrx_word' id='word_1_278' title='bbox 69 3776 262 3870; x_wconf 73' lang='lat' dir='ltr'><strong>principium</strong></span> <span class='ocrx_word' id='word_1_279' title='bbox 284 3777 437 3849; x_wconf 84' lang='lat' dir='ltr'><strong>aetionis</strong></span> <span class='ocrx_word' id='word_1_280' title='bbox 459 3778 638 3848; x_wconf 88' lang='lat' dir='ltr'><strong>infinitum</strong></span> <span class='ocrx_word' id='word_1_281' title='bbox 653 3778 811 3870; x_wconf 89' lang='lat' dir='ltr'><strong>postulat</strong></span> <span class='ocrx_word' id='word_1_282' title='bbox 825 3778 1013 3848; x_wconf 89' lang='lat' dir='ltr'><strong>terminum</strong></span> <span class='ocrx_word' id='word_1_283' title='bbox 1031 3778 1222 3849; x_wconf 89' lang='lat' dir='ltr'><strong>infinitum.</strong></span> 
     </span>
     <span class='ocr_line' id='line_1_36' title="bbox 70 3879 1220 3980; baseline 0.003 -28"><span class='ocrx_word' id='word_1_284' title='bbox 70 3879 123 3954; x_wconf 78' lang='lat' dir='ltr'><strong>bio</strong></span> <span class='ocrx_word' id='word_1_285' title='bbox 142 3887 314 3956; x_wconf 87' lang='lat' dir='ltr'><strong>terminus</strong></span> <span class='ocrx_word' id='word_1_286' title='bbox 335 3892 378 3958; x_wconf 90' lang='lat' dir='ltr'><strong>ut</strong></span> <span class='ocrx_word' id='word_1_287' title='bbox 398 3887 650 3980; x_wconf 82' lang='lat' dir='ltr'><strong>principietum</strong></span> <span class='ocrx_word' id='word_1_288' title='bbox 673 3887 910 3979; x_wconf 81' lang='lat' dir='ltr'><strong>distinguitur</strong></span> <span class='ocrx_word' id='word_1_289' title='bbox 932 3886 1082 3979; x_wconf 87' lang='lat' dir='ltr'><strong>aprima</strong></span> <span class='ocrx_word' id='word_1_290' title='bbox 1104 3893 1141 3957; x_wconf 95' lang='lat' dir='ltr'><strong>et</strong></span> <span class='ocrx_word' id='word_1_291' title='bbox 1169 3908 1220 3957; x_wconf 90' lang='lat' dir='ltr'><strong>se·</strong></span> 
     </span>
     <span class='ocr_line' id='line_1_37' title="bbox 73 3990 1225 4088; baseline 0.001 -26"><span class='ocrx_word' id='word_1_292' title='bbox 73 3990 166 4062; x_wconf 78' lang='lat' dir='ltr'><strong>tunde</strong></span> <span class='ocrx_word' id='word_1_293' title='bbox 186 3992 373 4086; x_wconf 85' lang='lat' dir='ltr'><strong>hypostasi</strong></span> <span class='ocrx_word' id='word_1_294' title='bbox 396 4000 573 4088; x_wconf 80' lang='lat' dir='ltr'><strong>tanquam</strong></span> <span class='ocrx_word' id='word_1_295' title='bbox 595 4017 617 4064; x_wconf 88' lang='lat' dir='ltr'><strong>a</strong></span> <span class='ocrx_word' id='word_1_296' title='bbox 639 4018 701 4065; x_wconf 89' lang='lat' dir='ltr'><strong>suo</strong></span> <span class='ocrx_word' id='word_1_297' title='bbox 724 3995 908 4087; x_wconf 79' lang='lat' dir='ltr'><strong>prineipi03</strong></span> <span class='ocrx_word' id='word_1_298' title='bbox 927 4017 1011 4085; x_wconf 84' lang='lat' dir='ltr'><strong>ergo</strong></span> <span class='ocrx_word' id='word_1_299' title='bbox 1034 3996 1225 4086; x_wconf 27' lang='lat' dir='ltr'><strong>estetfiipse</strong></span> 
     </span>
     <span class='ocr_line' id='line_1_38' title="bbox 75 4092 1224 4195; baseline -0.002 -25"><span class='ocrx_word' id='word_1_300' title='bbox 75 4092 176 4170; x_wconf 73' lang='lat' dir='ltr'><strong>hune</strong></span> <span class='ocrx_word' id='word_1_301' title='bbox 197 4102 401 4194; x_wconf 83' lang='lat' dir='ltr'><strong>hypostasis</strong></span> <span class='ocrx_word' id='word_1_302' title='bbox 422 4102 530 4173; x_wconf 84' lang='lat' dir='ltr'><strong>tertia</strong></span> <span class='ocrx_word' id='word_1_303' title='bbox 552 4104 738 4194; x_wconf 76' lang='lat' dir='ltr'><strong>procedens</strong></span> <span class='ocrx_word' id='word_1_304' title='bbox 754 4125 776 4172; x_wconf 90' lang='lat' dir='ltr'><strong>a</strong></span> <span class='ocrx_word' id='word_1_305' title='bbox 791 4105 903 4195; x_wconf 90' lang='lat' dir='ltr'><strong>prima</strong></span> <span class='ocrx_word' id='word_1_306' title='bbox 918 4108 954 4173; x_wconf 88' lang='lat' dir='ltr'><strong>et</strong></span> <span class='ocrx_word' id='word_1_307' title='bbox 969 4102 1121 4173; x_wconf 81' lang='lat' dir='ltr'><strong>secunde</strong></span> <span class='ocrx_word' id='word_1_308' title='bbox 1136 4108 1224 4172; x_wconf 89' lang='lat' dir='ltr'><strong>tam·</strong></span> 
     </span>
     <span class='ocr_line' id='line_1_39' title="bbox 78 4211 1225 4305; baseline 0.001 -27"><span class='ocrx_word' id='word_1_309' title='bbox 78 4226 158 4294; x_wconf 74' lang='lat' dir='ltr'><strong>qunn</strong></span> <span class='ocrx_word' id='word_1_310' title='bbox 176 4211 220 4281; x_wconf 86' lang='lat' dir='ltr'><strong>eb</strong></span> <span class='ocrx_word' id='word_1_311' title='bbox 236 4233 307 4282; x_wconf 91' lang='lat' dir='ltr'><strong>uno</strong></span> <span class='ocrx_word' id='word_1_312' title='bbox 322 4211 507 4303; x_wconf 79' lang='lat' dir='ltr'><strong>principio,</strong></span> <span class='ocrx_word' id='word_1_313' title='bbox 526 4211 693 4284; x_wconf 85' lang='lat' dir='ltr'><strong>videlieet</strong></span> <span class='ocrx_word' id='word_1_314' title='bbox 707 4217 762 4284; x_wconf 90' lang='lat' dir='ltr'><strong>est</strong></span> <span class='ocrx_word' id='word_1_315' title='bbox 777 4213 936 4305; x_wconf 81' lang='lat' dir='ltr'><strong>Spiritus</strong></span> <span class='ocrx_word' id='word_1_316' title='bbox 954 4214 1116 4284; x_wconf 85' lang='lat' dir='ltr'><strong>Sanetus.</strong></span> <span class='ocrx_word' id='word_1_317' title='bbox 1128 4211 1225 4301; x_wconf 81' lang='lat' dir='ltr'><strong>Ergo</strong></span> 
     </span>
    </p>
   </div>
   <div class='ocr_carea' id='block_1_3' title="bbox 0 0 1600 4950">
    <p class='ocr_par' dir='ltr' id='par_1_5' title="bbox 0 0 1600 4950">
     <span class='ocr_line' id='line_1_40' title="bbox 0 0 1600 4950; baseline 0 0"><span class='ocrx_word' id='word_1_318' title='bbox 0 0 1600 4950; x_wconf 95' lang='lat' dir='ltr'><strong> </strong></span> 
     </span>
    </p>
   </div>
  </div>
 </body>
</html>
