3172 4950
692 356 731 372 -
753 322 814 384 558
836 353 875 368 ..

194 431 233 493 in
259 432 378 513 nohis,
404 432 463 501 sed
486 454 547 522 per
573 429 882 521 participationem
912 426 1102 496 sanctitate
1125 448 1148 495 a
1176 427 1292 496 divina
1312 451 1349 496 es

192 538 311 604 sentia
334 537 488 628 repletus
511 537 665 627 gratiam
690 536 758 605 sibi
781 535 900 604 damm
923 534 962 604 in
983 557 1047 603 nos
1063 535 1210 620 emittit,
1227 535 1349 604 manife-

195 650 289 712 stum
304 651 368 730 est,
387 645 541 735 gratiam
565 645 723 736 Spiritus
747 643 869 713 Sancti
887 642 986 711 nobis
1003 666 1066 733 per
1082 648 1277 712 creaturam
1291 667 1351 713 con·

195 753 294 821 ferri.
310 753 361 822 At
372 751 437 821 hcc
452 754 581 822 falsum
597 759 709 823 est...
738 751 896 842 Spiritus
912 750 1033 843 itaque
1051 751 1208 821 Sanctus
1223 773 1285 821 sna
1297 752 1352 821 vir·

194 864 273 927 tute
296 859 334 927 in
357 862 457 929 nobis
479 866 647 952 operatur
685 858 873 951 (ἀυτουργον
905 855 966 951 ἄρα
999 882 1031 923 το
1064 882 1185 945 catapan
1214 861 1244 922 ἐν
1275 854 1351 945 ipo)

195 988 276 1035 rere
299 967 522 1038 sanctificans
544 975 649 1061 atque
673 968 954 1038 uniensncssibi
976 968 1047 1058 ipsi
1071 990 1134 1058 per
1159 967 1352 1037 coniunctic

194 1095 270 1141 uem
294 1075 478 1165 adipsum
503 1067 596 1166 (ἐνουν
617 1075 696 1161 ἡμας
716 1075 812 1163 &aare
837 1070 888 1139 δια
913 1099 967 1149 της
985 1099 1062 1169 repca
1082 1073 1159 1142 ἀυτο
1184 1070 1353 1168 accepera),

191 1186 297 1272 atque
327 1181 474 1252 mddens
507 1203 570 1250 nos
600 1181 743 1251 divinae
775 1188 925 1253 naturae
956 1188 1136 1253 consortes
1155 1211 1172 1246 n
1209 1183 1352 1253 thesaur.

192 1287 235 1356 Τ.
251 1288 344 1356 V.P.
359 1288 390 1356 I.
404 1313 438 1379 p.
458 1288 536 1356 352.
565 1288 692 1380 Itaque
715 1292 745 1373 c)
769 1289 901 1377 poterit
935 1313 1041 1360 sensu
1065 1290 1252 1360 verissimo
1274 1289 1351 1373 dici,

194 1395 390 1485 eSpiritum
404 1396 570 1466 Sanctum
586 1418 649 1486 per
665 1419 701 1465 se
716 1418 757 1465 ac
774 1419 834 1488 per
850 1398 1197 1467 communicationem
1211 1398 1353 1467 substan·

193 1501 265 1571 tiae
289 1523 372 1572 suae
388 1526 450 1570 nos
467 1508 607 1571 sanctos
621 1502 766 1588 efficere,
788 1531 804 1565 n
820 1509 861 1572 ut
875 1503 1033 1594 loquitur
1048 1504 1223 1573 Patavina
1235 1504 1352 1573 LVIII.

194 1632 225 1677 c.
240 1611 274 1678 4.
287 1634 323 1678 n.
335 1611 368 1677 8.
388 1610 452 1696 (1).
470 1609 512 1677 Id
536 1632 619 1678 vero
643 1609 800 1699 intelligi
823 1611 923 1679 debet
944 1611 1008 1696 ita,
1024 1617 1066 1680 ut
1082 1610 1246 1701 Spiritus
1261 1611 1352 1680 Sauc-

193 1724 254 1785 tus
276 1717 388 1807 prima
412 1719 603 1807 efficienter
625 1717 821 1786 sanctificet
843 1740 906 1807 per
929 1717 1154 1787 diffusionem
1179 1718 1354 1787 charitatis

189 1825 255 1893 Dei
271 1826 309 1893 in
326 1824 489 1895 cordibus
511 1825 655 1908 nostris,
673 1830 710 1893 et
724 1825 847 1894 deiude
864 1825 964 1894 velut
980 1828 1202 1892 terminante
1216 1827 1290 1916 ipse
1306 1826 1353 1908 sit,

191 1932 250 2000 cui
273 1931 521 2020 coniungimur
538 1931 680 2001 vinculo
696 1934 845 2021 gratiae,
860 1931 1047 2001 charitatis
1062 1937 1099 2001 at
1111 1933 1303 2019 amicitiae,
1315 1940 1354 2001 at·

193 2059 260 2128 quc
283 2036 367 2104 adeo
391 2036 594 2104 inhabitans
617 2037 778 2128 Spiritus
801 2039 952 2108 Sanctus
975 2038 1023 2106 sit
1046 2061 1251 2128 supremum
1266 2062 1306 2108 ac
1318 2039 1355 2107 di·

189 2141 310 2211 vinum
335 2142 521 2233 fastigium
544 2150 684 2214 uestrae
710 2145 1010 2228 sanctificationis,
1029 2151 1072 2213 ut
1094 2144 1133 2213 S.
1152 2147 1311 2215 Basilius
1328 2152 1357 2214 et

185 2250 345 2340 Cyrillus
368 2250 562 2343 loquuntur
585 2252 648 2338 (2).
687 2252 887 2322 Cavendum
916 2257 1031 2321 tamen
1063 2258 1119 2321 est
1150 2260 1275 2323 nostra
1302 2253 1355 2320 hac

185 2364 312 2444 aetate,
328 2382 371 2427 ne
394 2360 538 2429 obscuro
562 2360 661 2429 modo
685 2360 852 2452 loquendi
868 2381 959 2431 ausa
980 2360 1195 2450 praebeatur
1212 2361 1352 2430 conside·

185 2467 288 2536 randi
312 2466 426 2556 ipsum
451 2467 624 2558 Spiritum
649 2469 815 2537 Sanctum
840 2467 940 2538 velut
957 2467 1147 2555 formalem
1162 2469 1348 2538 sanctifica·

184 2573 314 2643 tionem
337 2580 505 2643 nostram.
520 2574 791 2645 laetificationis
815 2597 920 2645 causa
938 2604 955 2639 a
968 2575 1127 2643 efficiens
1150 2582 1207 2645 est
1230 2576 1351 2644 miseri·

238 2805 280 2879 (1)
298 2807 445 2870 Quatenus
466 2809 501 2862 ab
520 2809 761 2876 interpretatione
773 2809 888 2863 Patavii
908 2808 1123 2876 dissentiamus,
1139 2811 1229 2877 paulo
1241 2809 1352 2863 iuferius

185 2898 340 2966 propositis
360 2897 508 2953 dissensus
527 2900 689 2954 rationibus
708 2901 924 2968 explicabimus.
1011 2965 1015 2972 ⁵

236 2983 279 3059 (2)
297 2989 398 3040 Plures
420 2988 545 3053 theologi
560 2994 671 3056 putant,
686 2988 829 3055 distingui
847 2990 991 3043 iustitiam
1011 3005 1085 3056 quaa
1104 2994 1152 3042 eat
1169 2991 1351 3058 pergratiam

183 3080 406 3133 sanctificantem
426 3081 562 3147 iuiusam,
584 3086 614 3133 et
632 3081 800 3135 filiationem
813 3081 977 3149 adoptivam
989 3081 1042 3147 ita,
1063 3085 1096 3133 ut
1115 3081 1224 3135 filiatio
1238 3098 1255 3137 a
1267 3082 1353 3148 gratia

183 3170 314 3222 absoluta
333 3169 475 3237 loquenda
495 3171 536 3222 sit
555 3170 737 3236 separabilis.
758 3173 844 3225 Parra
864 3171 915 3224 hoc
934 3171 1083 3237 supposito
1102 3177 1226 3224 censent
1243 3171 1352 3227 hessius

181 3261 202 3311 i.
218 3276 241 3311 c.
257 3264 286 3311 ct
304 3260 442 3312 Patavina
467 3260 501 3331 (i.
517 3262 636 3313 V111.e.
651 3261 678 3311 5.
694 3275 722 3312 u.
738 3262 764 3313 9.
782 3261 830 3326 12;
846 3276 869 3315 c.
886 3261 912 3313 6.
929 3262 1005 3325 n.3;
1021 3276 1045 3313 c.
1061 3261 1087 3313 7.
1104 3258 1195 3330 n.8),
1217 3260 1350 3329 proprian

181 3346 327 3401 formalem
348 3349 487 3401 rationem
507 3349 659 3402 filiationis
679 3348 831 3417 adoptivae
845 3366 900 3402 non
919 3365 981 3402 essa
995 3350 1119 3414 gratiam
1133 3350 1350 3404 sanctificantem

180 3437 229 3491 aad
249 3440 339 3506 ipsam
360 3439 553 3492 substantiam
573 3439 701 3507 Spiritus
727 3440 823 3493 Sancti
849 3440 931 3493 nebia
950 3441 1136 3507 applicatam.
1157 3441 1219 3493 Boc
1248 3439 1350 3507 quiden

180 3545 237 3583 nea
257 3534 392 3596 putamus
410 3546 517 3595 verum,
540 3529 590 3584 aad
609 3529 730 3583 dicimus
749 3530 888 3596 Spiritum
907 3529 1041 3584 Sanctum
1053 3530 1270 3584 inhabitantem
1287 3529 1350 3581 uia-

178 3619 296 3685 atigium
317 3621 530 3689 perfectionis»
552 3625 611 3673 tum
639 3620 805 3674 sanctitatis
834 3621 945 3674 scilicet
971 3626 1029 3675 tum
1059 3621 1228 3690 adoptionis
1251 3636 1304 3673 non
1322 3624 1351 3670 ut

177 3724 290 3762 causam
310 3711 466 3776 formalem,
488 3711 537 3764 sad
557 3716 590 3764 ut
609 3727 721 3765 causam
735 3711 900 3764 efficientem
914 3715 944 3764 et
962 3715 995 3785 nt
1014 3712 1169 3765 terminum
1182 3713 1231 3765 cui
1244 3711 1349 3765 eonion

176 3800 271 3867 giratur
288 3800 367 3871 (vide
381 3801 493 3855 (lornei.
514 3819 531 3854 a
550 3802 658 3870 Lapide
680 3802 710 3853 in
732 3803 757 3856 1.
772 3803 836 3854 Pet.
851 3803 874 3854 1.
889 3799 941 3872 4.).
963 3800 1002 3853 At
1015 3816 1082 3854 vera
1102 3817 1161 3856 nan
1180 3801 1247 3855 idco
1264 3801 1350 3853 minus

176 3889 360 3958 aspiciemus
379 3906 527 3943 consuram
546 3891 731 3944 arbitrariam
751 3890 911 3957 Ripaldae,
934 3890 984 3957 qui
1008 3892 1039 3942 ia
1068 3891 1236 3958 opinionem
1263 3886 1349 3942 Lessii

177 3979 327 4034 invehitur
347 3981 428 4033 velut
449 4008 461 4028 ι
477 3986 646 4048 suspectam,
669 3998 741 4048 quae
761 3981 887 4048 proxime
910 3979 1024 4034 accedat
1048 3983 1215 4036 sententiae
1234 3982 1349 4037 haereti·

174 4084 270 4126 aarum
289 4072 478 4125 asserentium
498 4087 550 4126 nos
564 4073 716 4126 iustificari
736 4087 786 4139 per
804 4072 922 4125 formam
941 4071 1144 4138 extrinsecam,
1167 4089 1252 4140 qnam
1272 4073 1348 4126 conc.

174 4159 253 4215 Trici.
274 4160 455 4215 anathemate
474 4162 631 4228 percellit»
646 4160 786 4234 (Ripaida
799 4159 833 4212 de
846 4163 911 4213 ente
929 4163 1079 4228 superrat.
1097 4162 1120 4212 l.
1132 4162 1183 4215 VI.
1201 4162 1277 4231 disp.
1290 4161 1345 4214 132.

173 4254 243 4303 acct.
258 4253 285 4303 8.
298 4265 327 4303 a.
339 4250 384 4303 aa.
396 4265 452 4316 sq.;
468 4254 538 4302 sect.
552 4248 595 4301 10.
606 4265 634 4302 u.
645 4250 706 4302 127.
715 4247 875 4303 civia-ada
888 4248 968 4301 (irat.
978 4247 1053 4315 disp.
1063 4250 1114 4302 1v.
1128 4265 1157 4315 q.
1167 4250 1195 4303 3.
1207 4266 1238 4303 n.
1249 4251 1276 4303 3.
1285 4245 1347 4317 sp).

172 4340 268 4395 licium
290 4344 386 4408 piasset
407 4353 469 4390 casa
488 4337 604 4391 dubium
624 4338 657 4391 de
677 4354 720 4403 eo,
742 4337 815 4405 quad
836 4336 957 4390 dicimus
978 4338 1192 4390 inhabitantem
1214 4340 1348 4408 Spiritum

172 4430 307 4487 Sanctam
327 4428 485 4497 efficienter
503 4428 692 4496 sanctificare,
713 4443 775 4482 cum
799 4427 911 4480 ratione
940 4427 1019 4495 prior
1045 4426 1182 4482 videatur
1206 4429 1302 4496 gratia
1319 4430 1349 4479 ut
