3180 4944
694 336 733 354 -
754 305 813 367 lac
834 335 873 355 -

205 411 251 482 ad
270 434 344 482 rem
364 417 520 480 nostram
530 409 695 502 pertinet,
711 411 931 497 accusabant,
960 439 978 476 e
991 410 1157 504 qnoniam
1177 407 1282 495 dixit,
1297 408 1364 500 Spi-

205 519 314 591 ritum
330 519 498 590 Sanctum
508 520 689 610 procedere
703 521 807 587 etiam
823 543 865 586 aar
876 519 997 588 Filiae
1015 513 1239 610 ἐκπορευεσθαι
1251 517 1312 580 κάκ
1324 539 1365 582 too

205 626 271 690 uico
300 649 333 691 το
357 650 474 712 aucupa
490 649 523 691 το
536 625 632 715 ἅγιον.
655 626 698 694 In
720 625 918 695 hominibus
941 625 1003 718 qui
1025 625 1239 695 senientiam
1255 623 1364 694 clarit·

207 731 348 817 umam,
374 755 441 824 qno
464 733 609 802 docetur
627 731 806 802 Christum
821 733 1038 824 esseabsquc
1061 730 1364 823 corruptionepec·

208 840 292 924 eati,
309 844 471 929 poterant
495 840 697 932 detorquere
721 839 766 908 ad
789 863 928 909 sensum
942 838 1119 926 alienum,
1140 861 1214 906 uon
1237 843 1295 908 cst
1314 837 1362 907 mi·

207 968 309 1031 rum,
338 946 428 1038 quod
455 947 562 1016 etiam
593 947 675 1035 buia
697 948 869 1017 alteride
897 947 1115 1038 processione
1138 970 1182 1014 eac
1205 946 1304 1015 Filio
1323 968 1361 1015 rc·

207 1052 362 1143 pararint
384 1053 614 1140 calumniam,
637 1076 725 1147 qnae
747 1054 939 1125 cuiusmodi
955 1055 1077 1140 inerit,
1095 1076 1138 1122 ex
1154 1053 1360 1144 responsione

208 1159 438 1229 Romanorum
462 1161 704 1251 intelligitur,
731 1168 774 1232 ut
799 1184 821 1230 a
842 1162 992 1231 Maximo
1017 1162 1187 1232 refertur.
1199 1159 1360 1251 Imprimis

211 1269 324 1359 quoad
348 1269 484 1340 modum
510 1269 673 1363 loquendi
695 1270 968 1361 respondebant,
997 1275 1074 1339 tum
1095 1269 1223 1337 Patres
1245 1267 1357 1336 latinos

210 1381 286 1444 tum
314 1374 351 1445 S.
369 1375 544 1466 cyrillum
573 1376 704 1447 dixisse
731 1377 906 1468 Spiritum
934 1377 1101 1446 Sanctum
1126 1373 1309 1466 procedere
1325 1396 1355 1440 cc

210 1481 319 1551 Filio.
346 1481 468 1565 Quoad
490 1504 562 1551 rem
584 1484 696 1573 ipsam
719 1506 802 1553 vero
825 1484 976 1568 aiebant,
991 1504 1027 1552 se
1047 1504 1118 1550 nou
1134 1477 1355 1571 ignoraraPa

210 1594 300 1658 trem
322 1612 395 1659 esse
412 1585 521 1668 ἀιτιαν,
538 1587 703 1659 videlieet
717 1589 928 1680 principium
943 1588 1018 1657 siue
1033 1587 1211 1680 principio
1227 1592 1299 1655 tum
1310 1582 1355 1653 ii·

209 1695 253 1763 lii
273 1719 334 1786 per
346 1696 602 1786 generationem
617 1703 692 1766 tum
709 1695 864 1786 Spiritus
881 1695 1004 1764 Sancti
1015 1716 1077 1785 per
1091 1694 1303 1763 emissionem
1314 1695 1354 1779 (ut

211 1807 322 1876 vertit
344 1804 557 1873 Anastasius
580 1799 751 1895 ἑκπερευσιν
773 1803 964 1891 activam);
996 1802 1057 1872 sed
1080 1801 1219 1895 quando
1248 1799 1353 1870 dieitur

215 1914 371 2003 Spiritus
395 1913 544 1981 Sanctus
559 1912 741 2002 procedere
765 1913 868 1978 etiam
885 1935 926 1979 ee
948 1911 1058 1994 Filio,
1071 1909 1231 2000 intelligi
1245 1930 1350 1999 proces

212 2020 342 2088 sionem
369 2041 412 2087 ex
438 2019 543 2087 Patre
567 2043 633 2108 per
655 2018 810 2102 Filium,
834 2024 876 2087 ut
897 2018 1034 2088 scilicet
1050 2017 1200 2109 spiratio
1214 2016 1350 2086 activas

215 2130 320 2197 Patre
342 2127 392 2196 sit
416 2126 456 2195 iu
475 2126 568 2196 Filio
591 2127 862 2213 communicata,
887 2128 1005 2221 sicque
1034 2127 1151 2195 omnia
1178 2146 1265 2218 quac
1289 2125 1350 2190 sunt

216 2235 346 2320 Patris,
365 2234 439 2303 siut
457 2232 564 2303 etiam
585 2233 684 2319 Filii,
703 2240 739 2303 et
752 2234 868 2304 Filius
879 2235 928 2304 sit
943 2256 1024 2304 vere
1035 2233 1138 2302 Patri
1153 2232 1348 2303 cousubstan-

212 2342 324 2427 tialis,
344 2362 432 2433 quae
449 2340 796 2410 consubstantialitas
810 2342 1060 2428 destrueretur,
1075 2341 1107 2411 si
1123 2340 1218 2410 Filio
1235 2357 1348 2431 negato

213 2457 274 2520 tur
300 2457 401 2519 actus
428 2447 633 2540 spirationis
660 2450 931 2520 communicatus
961 2473 983 2519 a
1007 2451 1126 2520 Patre.
1154 2479 1171 2515 a
1197 2449 1246 2520 Et
1264 2447 1348 2539 prino

133 2586 137 2593 ·
214 2559 351 2650 quidem
378 2557 602 2627 consonantia
623 2556 814 2626 latinorum
836 2559 983 2627 Patrum
1003 2556 1206 2627 testimonia
1227 2553 1348 2648 protnlc

213 2672 298 2735 runt
322 2664 508 2751 (Romani),
526 2670 707 2754 praeterea
730 2666 837 2734 etiam
851 2663 982 2754 cyrilli
995 2664 1100 2734 Alex.
1126 2687 1169 2733 ex
1192 2665 1348 2736 einssaora

213 2772 455 2841 lucubratione
478 2791 581 2863 quam
604 2771 748 2861 scripsit
770 2773 807 2840 in
835 2771 872 2842 S.
891 2772 1054 2843 Ioannem
1082 2771 1345 2864 Evangelietan3

214 2902 256 2948 ex
291 2880 416 2971 quibus
455 2877 706 2964 ostenderunt,
743 2901 779 2947 ae
817 2879 950 2945 Filiam
987 2904 1054 2946 non
1090 2880 1213 2967 facere
1244 2897 1348 2946 coccea

217 2973 340 3072 (ᾰιτιαν)
360 2988 513 3075 Spiritus
530 2986 650 3054 Sancti
657 3009 670 3067 ,·
685 3009 789 3051 anam
812 2989 899 3052 enim
914 2988 1007 3054 Filii
1029 3011 1068 3054 cc
1090 2979 1348 3077 spiritumet

215 3117 350 3161 cuasam
371 3094 510 3162 Patrem
533 3108 709 3176 noverunt,
723 3093 873 3162 alterius
896 3094 1034 3185 quidem
1048 3117 1110 3185 per
1122 3093 1347 3185 generationem

215 3200 364 3268 alterius
379 3223 462 3270 vcro
480 3222 541 3289 per
562 3203 810 3290 processionem
837 3199 929 3287 (κατα
951 3221 1004 3268 rou
1033 3199 1234 3293 ἑκπορευσιν);
1253 3198 1303 3270 sed
1320 3198 1348 3263 ut

213 3330 276 3400 per
303 3331 375 3374 eum
400 3309 475 3397 (per
501 3309 648 3398 Filium)
665 3309 810 3398 prodire
833 3309 1086 3399 significarent,
1115 3320 1222 3402 atquc
1244 3308 1347 3376 huon·

216 3413 310 3482 tione
332 3414 502 3483 essentiae
526 3416 697 3485 unitatem
724 3423 760 3486 et
789 3416 1014 3485 omnimodam
1045 3417 1285 3508 aequalitatem
1309 3411 1347 3478 dt·

216 3526 480 3589 monstrarent»
500 3526 551 3609 (l)
575 3522 611 3592 S.
632 3523 725 3592 Max.
742 3522 768 3594 1.
788 3546 818 3593 c.
838 3522 897 3594 Sic
920 3523 1032 3612 igitur
1055 3523 1241 3610 Maximus,
1262 3527 1297 3591 ut
1312 3515 1348 3584 cii

217 3742 305 3793 tatem
323 3738 402 3809 (vide
421 3739 514 3793 'l'ract
537 3738 571 3792 da
589 3741 701 3796 lucarn.
714 3741 847 3794 Scholion
865 3740 902 3794 ad
920 3742 963 3794 th.
976 3737 1060 3813 XL).
1074 3743 1203 3810 Loqulen
1222 3732 1347 3796 1.en.11·

217 3830 325 3896 aliique
347 3829 483 3882 videntur
501 3844 615 3883 sensum
633 3830 719 3884 buius
739 3831 950 3885 criminationis
969 3832 1205 3887 monotheleticac
1222 3847 1272 3887 nou
1287 3822 1347 3883 nol·

218 3917 335 3970 lenisse.

271 4000 313 4076 (1)
325 4006 376 4070 Ἓξ
393 4005 425 4060 a'r
444 4003 489 4060 iou
500 4004 589 4060 ἅιτιαν
610 4027 652 4059 τον
669 4007 723 4063 icor
737 4028 877 4072 ποιουντας
891 4029 937 4064 του
958 4030 1109 4083 πνευματος
1123 3993 1196 4084 σφοιςΙ
1208 4010 1295 4071 dorcas
1305 4002 1347 4059 ἆτ’·

219 4095 312 4160 iaciat·
324 4113 387 4163 μιαν
400 4115 452 4165 γαρ
472 4092 563 4149 ἴσασιν
585 4094 641 4149 icoo
662 4117 704 4150 και
724 4082 875 4168 πνευματος
893 4096 1166 4171 intracapedines,
1188 4121 1232 4154 roc
1249 4109 1348 4171 perum

219 4201 265 4239 ene
286 4200 416 4252 γεννησιν,
427 4202 471 4236 του
485 4187 511 4237 δε
522 4204 592 4238 κατα
603 4205 649 4241 rar
666 4184 825 4255 iuncgooera·
844 4184 904 4240 ἀλλ’
925 4186 970 4241 ira
986 4205 1015 4238 eo
1037 4182 1157 4242 diriores
1172 4192 1281 4260 erpeium
1293 4185 1348 4238 icit·

219 4290 293 4333 σωσι,
311 4293 353 4324 και
371 4292 454 4345 ταυτῃ
474 4294 502 4326 το
521 4288 636 4344 europae
652 4294 698 4335 της
714 4271 807 4336 iuerat
829 4296 871 4329 και
889 4271 1097 4348 ἅπαραλλακτον
1124 4294 1308 4349 παραστησυσι.
1320 4267 1348 4321 ῙΙ·

219 4360 304 4414 cobus
314 4360 455 4430 Pitzipioa
471 4359 608 4434 (L‘dglise
627 4364 768 4418 orientale
779 4368 833 4418 etc.
847 4364 952 4419 Romae
966 4365 1036 4419 1855
1045 4382 1074 4435 p.
1085 4362 1151 4439 80.)
1170 4367 1217 4421 bio
1233 4351 1348 4419 antaei·
