3172 4950
701 290 878 357 ..480-

207 432 258 480 του
291 432 401 505 πατρος
428 430 481 472 και
512 428 564 472 ree
588 400 654 469 uisu
676 403 766 473 Ano.
784 406 840 492 8.;
867 392 901 464 iu
925 420 980 472 vce
1008 393 1104 473 ἀυτῆς
1132 391 1227 475 moue
1251 424 1282 467 ue

208 544 259 587 και
287 520 352 585 vicu
373 517 421 588 ib.
440 517 488 601 7,
515 534 601 604 uupu
626 532 741 602 ωατρος
764 535 816 577 και
840 506 905 573 otoo
927 504 976 574 ib.
995 507 1067 594 71,
1097 504 1158 573 eius
1183 529 1278 601 πατρος

207 627 274 691 cieo
293 626 343 695 ib,
357 623 428 711 723
453 643 539 713 mapa
561 641 613 683 reu
633 638 744 709 πατρος
768 643 819 683 και
834 613 871 683 ἐκ
886 633 939 676 rav
952 610 1017 676 ”lev
1037 612 1147 685 Hacr.
1164 616 1217 685 74.
1232 620 1282 687 mi

209 728 280 825 παρ’
318 727 487 823 ἀμφοτερων
512 727 559 795 ib.
589 748 627 795 n.
653 724 713 813 7.;
746 720 780 789 ἐκ
811 747 863 791 rev
895 741 1021 810 χοιστσυ
1053 716 1074 791 ri
1112 722 1180 815 παρ’
1205 719 1282 815 cippos

208 838 299 909 Aac.
315 838 372 907 67.
385 840 453 906 eto.
465 834 565 903 Hanc
588 832 690 902 fidem
705 833 838 924 reperit
851 832 890 901 in
910 826 1125 926 professione
1139 830 1282 902 Ecclesia

209 944 457 1028 orientalium,
483 947 525 1011 nt
546 941 689 1031 insuper
712 947 850 1012 constat
871 965 914 1011 ex
937 940 1107 1033 symbolo,
1126 940 1215 1031 quod
1229 938 1282 1008 ab]

210 1052 341 1144 phanio
362 1049 514 1121 relatum
532 1046 767 1119 describemus
785 1048 936 1119 inferius
962 1049 1038 1119 loco
1058 1044 1282 1137 opportuniori

276 1160 314 1230 S.
339 1157 498 1249 cyrillus
530 1156 732 1248 frequenter
761 1154 872 1225 modis
893 1156 1060 1249 loquendi
1085 1176 1129 1225 ac
1157 1176 1282 1245 argume

210 1266 468 1358 multiplicibus
490 1263 632 1333 eandem
655 1262 850 1333 doctrinam
872 1265 996 1334 tradit.
1015 1264 1120 1333 Nunc
1135 1269 1282 1332 tamense

209 1376 289 1467 ipsa
310 1374 418 1444 verba
439 1372 573 1441 diserta
595 1371 806 1462 quaerimus.
835 1371 946 1441 acan
963 1371 1122 1463 Spiritus
1136 1371 1277 1440 Sanctus

210 1482 313 1551 cedat
335 1504 377 1547 ece
403 1480 510 1547 Patre
530 1492 561 1544 et
584 1478 682 1545 Filio
715 1475 841 1571 (προεισι
864 1474 897 1543 ‹ie
920 1504 973 1543 και
998 1480 1030 1544 ἐκ
1051 1502 1163 1571 sarpa
1190 1502 1240 1542 rm
1262 1476 1282 1541 ui

210 1590 434 1661 menifestum
456 1592 532 1673 est,
558 1586 648 1679 quod
671 1586 813 1657 divinae
839 1594 895 1657 est
919 1589 1116 1672 essentiae,
1149 1591 1282 1656 essentia

211 1700 251 1764 iu
274 1700 352 1785 ipso
376 1711 408 1762 et
431 1720 472 1762 ex
501 1696 579 1783 ipso
593 1692 777 1783 procedens
793 1722 810 1757 s
837 1695 1009 1764 Thesaur.
1027 1719 1060 1786 p.
1077 1696 1158 1763 345.
1186 1724 1204 1759 u
1219 1693 1282 1763 Indi

209 1802 347 1872 tibilem
368 1824 431 1891 per
453 1802 568 1869 omnia
589 1800 701 1869 infert
717 1801 892 1888 (Ioannes)
913 1801 1163 1895 aequalitatem
1184 1800 1267 1869 Filii

212 1909 375 1998 Spiritu,
400 1908 462 2000 qni
484 1914 539 1976 est
560 1908 637 1976 eius
659 1906 822 1997 proprius
845 1908 1001 1997 Spiritus
1030 1915 1067 1977 ct
1093 1909 1138 1975 ab
1167 1910 1238 1998 ipso
1258 1929 1282 1973 u

215 2014 294 2081 dum
315 2028 478 2080 statueram
493 2012 762 2102 profunditur»
796 2012 845 2101 (το
870 2010 943 2079 ἔδεον
975 2012 1066 2079 dureo
1096 2038 1149 2079 uae
1180 2016 1250 2105 παρ’
1276 2039 1282 2077 ι

212 2142 295 2186 κατα
316 2142 404 2212 φυσιν
426 2142 620 2212 ωροχεομενεν
649 2142 765 2206 steropas
789 2121 835 2190 cf.
854 2143 961 2211 supra
983 2122 1111 2212 puto)
1127 2120 1274 2211 in10.p.

215 2226 309 2295 asie
332 2227 480 2295 dicimus
511 2228 681 2315 Spiritum
715 2229 866 2316 occipere
895 2252 937 2294 erc
963 2228 1071 2296 Patre
1103 2242 1136 2294 et
1163 2228 1282 2313 Filio3

213 2336 366 2423 ipsorum
393 2348 473 2400 suut
502 2327 680 2419 (λαμβωειν
703 2354 737 2396 το
758 2354 879 2418 occupa
902 2332 934 2396 ἐκ
958 2356 990 2398 τε
1019 2354 1071 2398 του
1098 2354 1213 2425 nuspa
1236 2356 1282 2399 rut

213 2462 253 2505 τα
275 2436 401 2527 άντων),
431 2460 500 2507 non
523 2437 624 2528 quasi
646 2437 834 2528 aliquando
856 2460 924 2507 non
945 2437 1128 2507 habuisset
1149 2438 1282 2509 scientia

213 2548 383 2617 virtutem
400 2567 487 2638 quae
511 2544 585 2613 illis
601 2544 717 2629 inest,
745 2558 782 2614 et
804 2550 880 2614 tum
893 2546 1028 2614 demum
1044 2546 1214 2636 inciperet
1235 2546 1282 2613 hal

214 2653 351 2745 quando
370 2653 547 2741 cogitatur
562 2651 741 2741 accipere;
772 2674 904 2742 semper
926 2652 1018 2721 enim
1036 2653 1176 2742 sepiens
1199 2659 1234 2722 et
1253 2675 1282 2743 pe

213 2767 269 2829 est
290 2759 469 2849 Spiritus,
495 2758 563 2825 imo
586 2780 669 2825 vcro
691 2758 768 2848 ipsa
790 2759 963 2849 supientia
985 2763 1021 2826 et
1043 2761 1219 2848 potentia,
1243 2781 1283 2827 uo

213 2866 334 2957 aliqua
356 2864 623 2955 participatione
639 2866 699 2934 sed
716 2872 844 2934 natura
866 2888 971 2934 sua.»
991 2865 1160 2957 Sequitur
1175 2868 1253 2935 dein
1273 2870 1282 2934 l

213 2974 316 3041 lieris
338 2972 475 3061 Gyrillo
498 2973 709 3061 comparatio
722 2971 952 3062 processionis
968 2971 1128 3062 Spiritus
1144 2973 1282 3042 Sanctis

213 3088 269 3148 tre
288 3086 323 3148 et
337 3080 430 3147 Filio
449 3086 531 3148 cum'
545 3078 762 3169 processione
781 3079 1002 3169 fragrantiae
1019 3101 1062 3149 ex
1081 3061 1282 3149 aromatibus

214 3207 322 3273 supra
334 3209 368 3274 p.
379 3184 474 3272 391.)
490 3185 528 3252 in
543 3184 594 3253 Io.
605 3208 640 3273 p.
655 3183 733 3251 931.
751 3184 866 3252 Habes
881 3182 940 3253 hic
953 3207 1023 3253 non
1039 3185 1282 3255 moderamni·

214 3290 388 3378 dogmatis
410 3291 470 3359 sed
492 3287 599 3361 etiam
620 3291 773 3360 lucidam
799 3292 1092 3379 declarationem,
1117 3294 1203 3389 quid
1231 3295 1277 3363 sit

212 3394 341 3482 oessio;
368 3397 632 3465 communicatio
657 3397 822 3467 videlicet
838 3399 991 3466 omnium
1007 3420 1096 3489 quae
1111 3407 1197 3469 sunt
1208 3400 1282 3481 Dei,

212 3503 383 3572 essentiae
404 3526 482 3572 cum
504 3504 776 3593 perfectionibus
797 3505 968 3574 absolutis
989 3528 1032 3575 ex
1047 3506 1154 3576 Patre
1177 3514 1214 3576 et
1233 3506 1282 3575 Εἰ]

213 3608 385 3699 Spiritum
411 3610 588 3680 Sanctum.
617 3611 689 3680 «Si
710 3611 826 3680 Filius
849 3634 911 3701 per
928 3613 1099 3703 Spiritum
1115 3613 1282 3683 habitati

212 3716 308 3787 bie...
334 3716 500 3808 quomodo
523 3738 591 3783 non
615 3716 804 3807 sicutipse
827 3731 861 3783 et
883 3719 926 3784 ab
949 3721 1022 3808 ipso
1046 3721 1203 3808 Spiritus
1225 3721 1282 3785 eiu

213 3822 299 3895 ὀυτος
319 3844 349 3886 τε
377 3847 430 3885 και
458 3824 524 3913 παρ’
552 3823 642 3886 mrsu
665 3845 699 3888 ro
727 3846 845 3910 σνευμα
871 3821 989 3910 darec),
1008 3847 1141 3895 omnem
1155 3825 1233 3895 eins
1246 3823 1282 3891 hs

212 3926 407 3996 virtutem?
424 3956 441 3990 n
466 3928 560 3996 Dial.
578 3928 695 3999 VLde
713 3929 812 3999 Trin.
828 3930 869 3998 Τ.
885 3930 930 4001 V.
944 3931 1027 4000 P.I.
1042 3956 1077 4022 p.
1101 3932 1180 4002 598.
1209 3962 1226 3997 a
1238 3931 1282 4015 Qu

211 4055 279 4102 uus
298 4032 513 4122 (Christus)
539 4036 633 4105 Deus
658 4042 713 4105 est
735 4042 771 4104 et
793 4059 835 4107 ex
857 4037 929 4106 Deo
953 4038 1128 4134 etPatre,
1153 4040 1282 4129 Spiritu

212 4142 285 4205 eius
300 4142 487 4229 proprius,
516 4155 548 4207 et
577 4144 734 4233 inipso,
761 4157 792 4209 et
817 4166 859 4209 em
893 4146 967 4233 ipso
1001 4139 1095 4233 (iius
1123 4146 1217 4212 ἀυτσυ
1240 4168 1268 4210 τε

211 4239 243 4309 ἐν
266 4240 371 4333 uturp,
405 4268 456 4309 και
486 4240 517 4321 ἐξ
545 4242 634 4313 eiures
657 4270 691 4313 το
712 4270 832 4336 ascopa
860 4243 937 4340 ἐστι)
954 4296 964 4333 ,
980 4253 1083 4319 sicut
1111 4276 1229 4345 nempe
1255 4248 1282 4317 ἰὰ

213 4351 390 4445 retlipiror
413 4356 517 4421 etium
532 4354 572 4422 de
597 4356 720 4425 Decet
742 4357 862 4429 Patre.
888 4358 1070 4444 Quatenus
1084 4384 1169 4433 vero
1190 4361 1282 4431 homo
