3172 4950
548 349 587 363 -
607 313 667 377 535
688 345 726 361 ..

60 427 134 507 est,
159 445 220 512 per
249 445 349 514 quem
373 429 455 511 (non
479 422 601 512 utique
624 417 766 488 divisim
783 418 841 487 sed
859 418 958 487 unita
975 442 1051 488 cum
1074 421 1178 490 Petra
1193 428 1229 492 et

59 527 169 613 Filio)
181 528 396 598 diffunditur
419 530 457 597 in
472 527 634 597 cordibus
645 525 777 593 nustria
799 525 865 593 Dei
888 525 1043 595 charitas
1056 528 1228 613 (substan-

60 633 161 701 tialis
179 635 223 702 ad
246 634 535 720 inhabitandum,
557 630 784 701 accidentalis
799 631 844 700 ad
862 631 1144 719 informandum),
1166 657 1231 724 per

60 765 166 833 quam
192 766 251 808 noe
276 757 349 808 tota
373 743 549 808 inhahitat
579 739 764 807 Trinitas»
782 738 878 828 Aug.
895 739 995 808 Trin.
1010 740 1153 809 XV.18.
1167 741 1229 810 vi-

59 846 190 917 delicet
217 848 374 938 Spiritus
398 848 571 931 Sanctus,
597 851 638 913 ut
661 844 793 935 pridem
817 846 1150 932 demonstravimus,
1176 856 1232 917 eat

60 950 276 1022 intrinsecus
298 954 469 1022 terminus
491 950 690 1023 dilectionis
714 951 902 1019 communis
925 950 962 1019 in
985 953 1092 1021 Patre
1112 961 1148 1023 et
1172 954 1231 1023 Fi·

59 1057 112 1127 lio
136 1067 178 1128 ιιι
200 1061 295 1128 amor
318 1061 527 1150 productus,
553 1059 671 1149 sicque
694 1056 785 1125 ratio
808 1058 935 1126 amoris
958 1081 1030 1144 seu,
1056 1065 1098 1128 ut
1119 1061 1230 1152 loqui-

60 1172 125 1234 tur
146 1166 386 1256 Augustinus,
411 1169 551 1257 proprie
567 1167 719 1233 charitas
747 1170 801 1232 est
829 1165 1013 1235 character
1041 1169 1233 1257 personalis

61 1272 222 1362 Spiritus
245 1272 379 1361 Sancti,
395 1274 555 1366 quoniam
579 1292 782 1343 vereamur
805 1272 909 1341 habet
933 1272 1092 1341 velutin
1115 1275 1232 1344 radice

60 1383 258 1467 respectum
281 1380 325 1448 ad
350 1385 469 1464 extra,
488 1378 691 1447 nominatim
718 1378 762 1446 ad
791 1377 1074 1447 sanctificandam
1097 1387 1231 1449 creatu-

60 1506 138 1552 ram
152 1485 370 1569 rationalem,
388 1492 572 1576 propterea
587 1508 609 1553 a
623 1487 789 1556 Patribus
805 1485 937 1554 dicitur
954 1483 1111 1575 Spiritus
1127 1485 1232 1555 Sanc·

60 1598 122 1659 tus
141 1591 324 1680 procedere
350 1615 419 1660 non
443 1592 553 1661 solum
577 1599 619 1662 ut
641 1619 735 1660 amor
758 1594 941 1660 subsistens
964 1591 1023 1659 sed
1047 1597 1088 1660 ut
1111 1590 1233 1659 donum

61 1702 100 1765 et
121 1704 163 1766 ut
185 1701 236 1764 eie
259 1700 513 1788 sanctificatrix
529 1700 596 1786 (th.
611 1699 759 1786 XLVI.)

129 1804 235 1874 Hisce
257 1805 384 1895 positis
408 1805 450 1874 1·.
468 1813 561 1875 recte
583 1812 701 1896 potest
723 1807 816 1890 dici,
843 1805 880 1873 in
904 1803 1104 1874 charactere
1119 1828 1233 1896 pereo·

61 1910 137 1978 nali
160 1912 316 2001 Spiritus
340 1912 462 1981 Sancti
484 1935 558 1983 esse
581 1913 764 2004 specialem
787 1912 956 1981 rationem
991 1912 1035 1980 ad
1058 1913 1232 1982 inhabita·

62 2017 192 2086 tionem
215 2018 509 2103 sanctificantem,
535 2041 622 2110 quae
645 2026 699 2089 est
720 2018 931 2088 inhabitatio
953 2017 1031 2102 Dei,
1061 2025 1234 2110 quatenus

61 2125 157 2194 Deus
172 2132 227 2195 est
238 2126 513 2195 charitas.Unds
528 2128 811 2218 quemadmodum
824 2126 966 2210 Suarez,
976 2126 1118 2195 Lessius
1130 2126 1170 2195 11.
1182 2150 1232 2197 cc.

62 2239 99 2302 et
110 2233 176 2301 alii
187 2233 343 2322 theologi
366 2233 546 2303 declarant
560 2234 849 2303 inhabitationem
865 2234 1069 2317 universim,
1090 2234 1180 2325 quod
1203 2235 1235 2302 si

61 2341 157 2409 Deus
174 2363 236 2430 per
248 2341 515 2410 immensitatem
539 2364 605 2409 non
630 2346 722 2410 esset
744 2341 883 2433 ubique,
902 2339 1103 2429 exigeretur
1119 2346 1235 2409 temen

62 2448 130 2516 Dei
156 2449 356 2538 praesentia
390 2448 428 2516 in
455 2448 587 2517 sanctis
610 2449 745 2516 ratione
769 2447 955 2522 charitatis
979 2452 1015 2515 et
1037 2445 1232 2533 amicitiaa;

62 2578 246 2647 possumus
270 2556 432 2625 similiter
455 2555 545 2624 hanc
565 2555 777 2644 exigentiam
804 2554 1018 2645 personalem
1045 2554 1233 2644 explicare:

63 2662 96 2731 ei
107 2662 243 2732 ratione
259 2663 411 2731 unitatis
425 2669 572 2731 naturae
588 2662 800 2731 inhabitatio
814 2685 883 2729 non
898 2668 990 2730 esset
1006 2660 1236 2729 indivisibilis

62 2768 173 2836 trium
188 2773 481 2856 personarum„et
502 2767 533 2835 si
556 2768 661 2836 Pater
685 2773 721 2836 et
743 2767 860 2835 Filius
890 2788 958 2833 non
982 2764 1233 2852 inhabitarent,

62 2878 156 2943 esset
172 2880 288 2941 tamen
301 2874 463 2964 specialis
474 2874 566 2942 ratio
579 2875 623 2943 ad
639 2874 929 2943 inhabitationem
942 2871 1097 2963 Spiritus
1114 2871 1237 2942 Sancti

62 2980 100 3048 in
124 2979 200 3069 ipso
220 2980 295 3049 eius
315 2980 516 3050 charactere
532 2980 720 3070 personali,
734 3001 800 3072 quo
817 2987 871 3050 est
885 3002 986 3048 amor
983 2979 1186 3048 subsistens
1201 2986 1239 3048 et

63 3087 141 3155 ideo
165 3086 289 3152 donam
312 3108 352 3155 ac
376 3089 427 3153 cis
456 3089 723 3177 sanctificatrix

134 3193 178 3261 2.
196 3193 366 3276 Quoniam
390 3192 455 3262 SS.
483 3193 641 3262 Trinitas
677 3193 857 3262 inhabitat
879 3193 987 3261 iustis
1014 3200 1056 3261 ut
1084 3193 1240 3262 charitas

63 3301 255 3391 diligendo,
279 3306 315 3370 et
337 3301 500 3393 quoniam
522 3302 627 3371 Pater
648 3308 684 3370 et
707 3301 823 3369 Filius
844 3305 886 3369 ut
909 3322 979 3369 uua
998 3300 1140 3369 dilectio
1165 3322 1237 3369 mu-

63 3415 127 3477 tua
142 3406 370 3476 aeternaliter
385 3429 518 3497 semper
534 3407 571 3474 in
595 3413 677 3476 actu
701 3408 838 3497 spirant
861 3429 1010 3475 amorem
1028 3406 1238 3497 productum

65 3513 127 3606 qui
148 3518 204 3582 est
226 3512 381 3603 Spiritus
404 3511 555 3581 Sanctus
573 3535 581 3600 ;
607 3514 713 3581 Pater
735 3519 772 3582 et
790 3512 906 3580 Filius
933 3512 1135 3600 inspirando
1162 3511 1239 3600 Spi-

63 3619 175 3687 ritum
199 3618 389 3703 Sanctum,
415 3625 451 3687 et
476 3617 632 3709 Spiritus
657 3619 808 3688 Sanctus
825 3621 1019 3707 inspiratus
1042 3617 1148 3685 iustis
1162 3639 1238 3684 con·

63 3725 168 3814 iungi
180 3732 216 3794 et
231 3725 429 3795 inhabitare
446 3726 516 3794 dici
534 3733 690 3816 possunt:
709 3725 800 3816 quod
817 3724 959 3815 perinde
972 3729 1038 3808 est,
1049 3745 1089 3791 ac
1102 3722 1239 3814 qnando

64 3833 171 3901 Pater
192 3839 229 3902 et
251 3832 368 3901 Filius
394 3833 562 3901 dicuntur
583 3832 685 3900 nobis
705 3833 843 3901 mittere
867 3831 1040 3921 Spiritum
1057 3829 1236 3914 Sanctum,

63 3960 127 4007 nec
143 3936 385 4007 diversitatem
409 3936 663 4007 coniunctionis
689 3937 869 4027 significat
891 3935 951 4004 sed
979 3935 1262 4008 distinctionem,

64 4049 102 4113 et
122 4043 276 4112 ordinem
304 4044 531 4114 intrinsecum
559 4066 807 4134 personarum,
831 4043 956 4135 quibus
980 4042 1237 4131 coniungimur.

65 4151 140 4219 Hoc
161 4151 312 4220 ulterius
327 4152 499 4221 declarari
519 4157 658 4242 potest:

136 4255 178 4325 θ’.
203 4255 355 4326 Dilectio
379 4256 502 4326 divina
525 4262 696 4348 quatenus
716 4262 771 4325 est
793 4255 830 4324 in
854 4256 957 4324 Patre
976 4261 1012 4324 et
1030 4253 1137 4340 Filio,
1163 4276 1240 4345 pro-

56 4363 167 4452 ,ducit
192 4364 386 4434 necessario
403 4364 631 4434 intrinsecum
648 4365 835 4435 terminum
849 4389 993 4432 amorem
1016 4363 1078 4457 qui
1100 4362 1240 4453 estSpi·
