3172 4950
697 306 736 323 ..
758 272 819 337 450
838 304 878 323 -

213 407 236 452 a
250 382 412 454 secunda.
437 381 558 451 Realis
580 380 672 450 enim
695 380 779 449 ordo
805 380 1105 472 «consequentias
1122 404 1139 439 r
1164 378 1202 447 in
1222 380 1283 453 no
1298 379 1345 451 in

212 493 312 575 dicit,
337 489 465 559 realem
488 488 748 558 distinctionem
769 510 831 578 per
853 488 1042 557 relationes
1057 487 1208 578 originis
1222 488 1344 557 etdetar·

213 601 344 669 minate
366 595 535 684 originem
558 594 801 686 consequentis
823 616 846 661 a
868 595 1096 685 praecedente
1120 618 1160 663 eo
1183 594 1345 687 modoque

212 703 421 798 praecedens
443 709 479 771 et
502 723 713 792 consequens
736 701 775 768 in
798 703 870 770 Deo
893 701 963 771 dici
987 708 1117 792 potest.
1134 703 1282 794 Namque
1294 702 1346 771 ro

213 813 313 884 nulla
336 819 391 880 est
413 811 520 879 realis
543 809 748 893 distinctio,
772 832 842 877 non
868 816 984 900 potest
1000 811 1136 902 concipi
1159 810 1261 879 realis
1279 809 1345 893 ordo¹

213 922 275 1015 qui
298 920 387 989 dicit
410 919 564 1009 plurium
591 917 840 986 distinctorum
856 919 1101 987 connexionem
1117 917 1295 986 secundum
1305 915 1347 985 ali·

212 1028 305 1122 quod
328 1028 477 1096 unitatis
500 1026 730 1118 principinru3
757 1026 793 1093 in
817 1026 890 1094 Deo
905 1035 1022 1095 autem
1044 1048 1088 1094 ex
1104 1025 1236 1116 pridem
1248 1025 1347 1094 deuon·

211 1136 337 1205 stratis
359 1134 467 1203 realis
490 1134 673 1203 distinctio
696 1134 795 1203 nulla
817 1142 871 1202 est
893 1134 965 1201 nisi
987 1133 1178 1202 secundnm
1200 1133 1349 1201 relatione

212 1244 374 1334 originis.
392 1243 436 1310 2’.
454 1241 546 1310 Ordo
562 1241 599 1309 in
616 1241 749 1310 divinis
764 1242 933 1331 personis,
952 1241 1037 1333 quia
1053 1248 1109 1310 est
1124 1241 1208 1309 ordo
1223 1240 1347 1330 originis¹

211 1359 266 1421 est
288 1351 460 1440 analogus
482 1349 691 1418 successivo.
721 1350 823 1432 Quod
853 1373 896 1417 ne
928 1356 1150 1440 praepostere
1178 1348 1347 1439 accipiatur,

211 1457 480 1549 intelligendum
502 1463 570 1540 est,
596 1480 664 1524 non
687 1456 738 1524 ita
761 1478 836 1525 esse
862 1464 956 1541 tres,
982 1466 1024 1524 ut
1045 1456 1192 1546 perinde
1220 1456 1266 1523 sit
1290 1474 1349 1548 qua

211 1588 358 1659 persona
385 1567 498 1658 prima
527 1565 687 1648 dicatur,
713 1587 801 1657 quae
827 1564 989 1648 secunda,
1014 1569 1051 1632 et
1072 1586 1164 1657 quae
1184 1562 1349 1649 tertia3sir

211 1675 302 1745 enim
326 1675 395 1743 iam
419 1695 486 1741 non
509 1680 601 1742 esset
622 1672 750 1742 relatio
774 1673 923 1762 originis
946 1673 1053 1742 unius
1079 1695 1245 1764 personne
1264 1668 1349 1741 add·

210 1789 322 1851 teram
344 1790 521 1872 tamquam
544 1780 588 1848 ad
613 1803 714 1849 suum
738 1780 961 1871 principium,
979 1788 1016 1850 et
1030 1780 1176 1871 proinde
1201 1779 1349 1849 tollentur

210 1889 318 1960 realis
340 1889 523 1957 distinctio
547 1902 584 1958 et
606 1895 856 1980 consequenter
878 1888 952 1979 ipsc
976 1888 1071 1957 ordo.
1098 1888 1167 1957 Sed
1184 1889 1348 1979 primapar

211 2020 295 2067 sona
317 2005 372 2067 est
392 1998 509 2082 Pater,
524 1998 676 2067 secunda
697 1997 825 2082 Filius,
839 1998 947 2067 tertia
963 1998 1121 2089 Spiritus
1137 1999 1292 2084 Sanctus
1304 2016 1349 2065 nas

210 2128 294 2174 vero
316 2112 381 2173 aut
402 2104 518 2172 Filius
541 2113 577 2172 et
605 2104 762 2194 Spiritus
780 2104 932 2173 Sanctus
946 2112 1031 2173 sunt
1045 2106 1136 2177 duae
1153 2124 1349 2197 personasse

210 2216 355 2299 eundae,
380 2223 444 2283 aut
467 2213 624 2305 Spiritus
647 2215 799 2284 secunda
821 2223 859 2285 et
879 2216 997 2284 Filius
1020 2217 1128 2285 tertia
1152 2208 1349 2307 personadia'

209 2331 324 2417 potest
346 2324 409 2411 (1).
434 2326 486 2391 At
508 2324 724 2392 intrinsecus
755 2323 813 2393 hio
844 2324 939 2409 ordo,
965 2331 1007 2392 ut
1027 2323 1146 2393 Filius
1168 2325 1218 2394 sit
1238 2338 1350 2414 persons

208 2434 373 2517 secunda,
400 2432 558 2523 Spiritus
581 2433 702 2518 tertia,
729 2455 797 2500 non
813 2439 930 2523 potest
952 2456 1026 2503 esse
1049 2432 1178 2501 nisiex
1195 2432 1286 2502 modo
1297 2450 1349 2522 pro

209 2542 399 2626 cessionis,
425 2544 509 2634 quia
540 2565 582 2609 ex
613 2541 678 2610 hoc
702 2542 774 2610 solo
797 2548 851 2611 est
874 2542 957 2610 ordo
988 2542 1025 2609 in
1056 2542 1215 2632 personis
1236 2538 1346 2609 divinis

209 2652 305 2741 Ergo
327 2652 447 2744 aliquo
463 2650 562 2718 modo
578 2650 675 2739 prior
690 2659 746 2719 est
762 2652 934 2740 processio
950 2651 1120 2719 secundae
1137 2673 1241 2743 quam
1256 2646 1351 2718 tertias

209 2782 395 2850 personae:
422 2757 523 2826 nulla
545 2765 661 2826 autem
686 2766 900 2850 potestesse
928 2760 1098 2850 prioritas
1128 2761 1222 2829 inter
1242 2758 1351 2827 diuinas

209 2891 372 2961 personas
396 2868 466 2935 nisi
489 2867 657 2956 prioritas
681 2894 703 2934 a
726 2894 806 2961 quo,
824 2869 859 2939 h.
875 2894 905 2940 e.
925 2870 994 2937 nisi
1010 2868 1136 2938 relatio
1161 2864 1351 2958 principiist

209 2977 427 3070 procedentis
452 3000 474 3044 a
497 2978 673 3070 principio
704 2986 826 3070 (supra
848 3004 883 3071 p.
909 2980 1005 3065 414).
1028 2978 1126 3069 Ergo
1150 2980 1188 3047 in
1217 2975 1277 3044 hoo
1300 2972 1351 3063 ipso

262 3141 305 3215 (1)
322 3147 469 3212 «Propter
488 3161 535 3198 eos
556 3147 606 3213 qui
627 3145 721 3198 omnia
741 3144 913 3212 perturbant
929 3150 958 3197 et
972 3160 1027 3197 non
1046 3144 1215 3198 custodiunt
1226 3143 1351 3198 doctrina!

209 3235 374 3300 Evangelii,
394 3249 508 3286 necesse
530 3242 575 3286 est
594 3234 646 3287 hoc
666 3249 777 3302 qnoque
795 3233 948 3301 declarare,
972 3233 1124 3299 fugiendos
1149 3250 1212 3287 esse
1233 3234 1351 3288 etiamen

210 3325 260 3392 qui
277 3325 503 3376 consecutionem
525 3338 709 3390 personarum
727 3324 787 3396 (mr
801 3319 979 3394 dictoriam)
991 3340 1007 3377 a
1018 3326 1137 3378 Domino
1151 3325 1236 3378 nobis
1246 3322 1351 3376 tradita!

209 3415 362 3466 invertunt
374 3420 473 3481 aperto
483 3430 545 3466 cnm
557 3415 663 3481 pietate
675 3419 846 3481 pugnantes,
863 3418 892 3467 et
903 3414 1010 3468 Filium
1025 3417 1092 3468 ante
1105 3416 1230 3481 Patrem,
1244 3414 1351 3482 spiriu·

208 3504 343 3558 Sanctum
359 3508 426 3556 ante
439 3504 546 3557 Filium
560 3507 711 3558 collocant.
728 3507 848 3558 Immota
860 3506 935 3559 enim
957 3514 986 3558 et
1002 3506 1186 3559 inviolabilis
1199 3498 1351 3559 custodierit

209 3601 254 3649 est
272 3598 443 3661 consecutio,
465 3612 548 3663 quam
569 3597 604 3648 ab
627 3600 692 3666 ipsa
712 3599 824 3651 Domini
844 3597 1078 3663 voocaccepimns
1096 3596 1232 3649 dicentis:
1246 3602 1351 3649 eunica„

208 3690 239 3740 in
259 3690 372 3739 nomine
382 3689 479 3741 Patris
490 3688 600 3741 etFilii
613 3692 642 3740 et
652 3687 779 3754 Spiritus
790 3687 887 3741 Sancti
898 3708 910 3733 n
932 3686 960 3739 S.
971 3687 1061 3738 Basii.
1077 3702 1123 3753 ep.
1136 3687 1189 3739 125
1198 3678 1350 3758 (1178111

261 3776 379 3840 Quando
396 3779 449 3830 1²1².
465 3781 567 3830 vetant
583 3777 727 3829 numerari
747 3776 777 3828 in
798 3778 854 3830 Deo
875 3776 1005 3843 primum,
1028 3776 1191 3841 secundum,
1208 3768 1351 3835 tertiumsi

209 3869 331 3933 ipscmot
352 3867 479 3920 Basilius
500 3867 533 3919 ds
553 3866 629 3933 Spir.
644 3867 747 3921 Sancto
767 3866 854 3933 1.·15,
870 3882 901 3918 eo
921 3867 985 3932 ipso
1004 3867 1035 3918 in
1053 3867 1125 3934 loco,
1139 3866 1189 3919 ubi
1202 3858 1351 3921 memmei*

206 3955 303 4012 iendit
323 3958 410 4009 fixum
429 3972 614 4022 personarum
636 3956 781 4023 ordinem,
807 3958 898 4009 solum
924 3955 1082 4009 excludunt
1099 3955 1237 4010 adversus
1255 3953 1351 4008 iriam

206 4042 430 4096 numerationem
452 4042 546 4109 primi,
569 4042 686 4095 secundi
706 4048 735 4094 et
756 4043 835 4095 tertii
850 4042 1002 4095 secuudum
1015 4041 1232 4096 distinctionem
1243 4045 1271 4094 et
1282 4037 1351 4091 tior

209 4131 322 4185 uitatem
341 4135 460 4183 naturae
478 4132 524 4183 vel
543 4130 696 4184 secundum
717 4131 896 4197 prioritatem
917 4132 1041 4183 rationis
1060 4133 1093 4183 in
1112 4149 1177 4198 quo,
1199 4132 1262 4185 iic.
1275 4129 1351 4181 nor·

209 4222 334 4289 cipiatur
354 4237 412 4274 nna
434 4237 554 4288 persona
572 4238 596 4273 e.
610 4238 637 4287 g.
653 4222 739 4273 Pater
758 4236 819 4273 cum
838 4222 1014 4287 praecisione
1029 4222 1173 4277 obiectis-a
1185 4215 1351 4290 personarit·

208 4311 352 4364 manentis
370 4311 494 4362 alterins
513 4326 537 4363 c.
550 4326 577 4375 g.
592 4311 674 4377 Filii,
694 4317 726 4363 nt
745 4310 953 4365 declaravimus
971 4326 1068 4379 supra.
1080 4311 1154 4367 Vide
1175 4312 1203 4366 S.
1214 4308 1295 4364 Basil-
1303 4312 1351 4355 0⁰¹·

208 4402 254 4453 tra
273 4400 391 4453 Eunom.
406 4401 428 4451 l.
439 4401 462 4452 1.
476 4416 505 4454 u.
517 4400 562 4452 20.
576 4401 608 4453 Τ.
619 4401 643 4453 1.
655 4417 684 4467 p.
696 4401 759 4453 2³4.
