3172 4950
558 317 738 378 -313-

530 506 673 568 'l'HESIS
694 507 766 567 XX.

188 654 317 712 sterium
337 651 394 711 SS.
411 640 590 712 Trinitatis
609 651 696 728 qrcod
716 659 762 710 est
783 666 883 726 supro
904 651 1076 720 rationem,
1099 668 1165 709 ooo

243 761 353 812 tamea
372 761 473 830 potest
494 754 645 813 convinci
666 768 729 810 osse
747 758 862 811 contro
883 753 1055 811 rationem.
1165 820 1170 828 .

188 935 318 995 asterium
335 934 385 987 SS.
397 935 567 995 Trinitatis,
594 937 663 988 lieet
686 936 727 987 sit
745 951 830 999 supra
850 934 988 991 rationem
1001 936 1031 986 ct
1047 935 1105 987 vim
1125 934 1234 989 iutelli-

203 1023 362 1089 humauem,
388 1039 444 1075 uon
466 1028 559 1076 tamen
573 1038 635 1076 esse
655 1030 754 1072 cenna
775 1021 921 1085 rationem,
939 1020 1041 1074 divine
1059 1023 1235 1076 revelatione

188 1112 242 1166 sita
265 1113 365 1179 utique
386 1112 503 1165 evidens
522 1117 575 1165 est.
587 1111 733 1165 Adversus
756 1127 802 1163 eos
824 1116 938 1176 autem,
961 1112 1011 1177 qui
1032 1112 1236 1165 revelationem

191 1210 220 1270 t,
245 1204 402 1270 dupliciter
421 1202 533 1256 ostendi
556 1208 671 1270 potest,
695 1202 804 1255 nullam
818 1217 880 1254 esse
897 1201 1057 1255 evidentem
1077 1217 1236 1270 repugnar-

190 1298 289 1347 coutra
309 1295 468 1360 rationem,
492 1295 516 1344 l*
530 1292 667 1345 videlicet
689 1291 828 1342 indirecte
847 1307 881 1343 ex
898 1279 929 1344 eo
945 1293 1017 1358 ipso,
1040 1292 1114 1359 quod
1134 1293 1238 1346 intrin-

188 1387 253 1438 atio
269 1384 387 1437 divinae
408 1385 549 1436 esseutiae
570 1389 599 1436 et
619 1383 736 1435 divinae
755 1396 891 1446 personae
903 1386 1019 1447 superat
1031 1382 1090 1434 vim
1110 1387 1237 1436 nostram

188 1475 292 1541 ipendi;
314 1474 341 1524 2⁰
357 1475 460 1524 directe
476 1472 659 1537 ostendendo,
679 1473 788 1524 nullam
809 1487 870 1523 esse
890 1471 1041 1524 veritatem
1065 1472 1235 1539 evidentem,

188 1566 374 1629 intelligatur
393 1563 541 1616 evidenter
558 1577 721 1630 repugnans
741 1561 807 1615 lruio
827 1560 962 1627 dogmati,
979 1577 1034 1627 quo
1056 1576 1138 1615 sensu
1159 1577 1237 1615 reve·

201 1660 246 1706 est
261 1657 291 1706 et
309 1652 363 1705 fide
380 1652 548 1706 eredendum
567 1653 771 1720 proponitur*

188 1844 269 1912 tudo
282 1843 529 1912 ostendendum
542 1849 606 1927 est,
617 1864 684 1909 non
697 1862 894 1931 repugnare
906 1838 1036 1909 rationi
1045 1840 1237 1910 doctrinam

188 1956 269 2035 tam,
297 1949 387 2040 quod
411 1972 502 2017 unus
525 1949 619 2016 Deus
642 1954 697 2016 est
711 1947 816 2015 Pater
839 1953 876 2015 et
898 1945 1014 2014 Filius
1030 1953 1066 2015 st
1081 1945 1239 2037 Spiritus

188 2079 230 2140 ue,
255 2062 329 2124 tres
350 2053 495 2123 realiter
518 2052 611 2121 inter
635 2076 670 2121 se
695 2052 868 2137 distincti,
887 2052 924 2121 id
941 2052 1098 2142 intelligi
1126 2058 1240 2143 potest

188 2161 271 2229 iter.
289 2160 356 2229 Vel
379 2160 470 2227 enim
495 2159 525 2227 1·
540 2158 753 2250 postulatur,
780 2164 821 2227 ut
843 2159 978 2226 ratione
1004 2160 1240 2249 perspicietur

188 2269 357 2337 ronstrari
381 2275 486 2361 queat
509 2267 587 2357 ipsa
609 2268 661 2335 rei
684 2267 830 2352 veritas,
850 2272 1013 2334 naturam
1037 2267 1174 2337 scilicet
1189 2269 1239 2338 di·

201 2400 243 2446 ex
260 2377 336 2467 ipsa
359 2375 501 2444 infinita
525 2397 589 2443 sua
611 2373 822 2466 perfectione
839 2374 1033 2443 necessario
1050 2375 1239 2445 subsistere

188 2508 244 2553 rus
267 2484 446 2553 distinctis
477 2484 657 2575 personis,
683 2483 966 2575 quemadmodum
1002 2482 1240 2551 Giintheriaui

188 2601 244 2675 nt,
256 2613 324 2658 nou
340 2591 610 2681 repugnantiam
625 2613 700 2659 esse
716 2591 980 2679 congruentiam
997 2612 1074 2659 oum
1090 2590 1237 2675 ratione,

188 2723 201 2768 o
225 2700 324 2767 illam
347 2697 485 2767 ostendi
508 2721 576 2766 non
599 2721 697 2788 posse
730 2697 815 2789 quin
845 2698 951 2767 simul
984 2698 1241 2766 demonstretur

188 2807 302 2891 ultera,
328 2806 433 2898 idque
455 2806 520 2890 ita,
540 2812 589 2875 -ut
611 2805 846 2896 perspiciatur
873 2806 951 2895 ipsa
975 2805 1165 2875 intrinseca
1189 2805 1240 2874 rei

188 2939 203 2984 s
218 2915 281 3004 (1).
301 2916 375 2983 Hoc
398 2915 496 2983 modo
512 2915 839 2983 demonstrationem
856 2913 1061 2983 rationalem
1078 2913 1241 3003 mysterii

188 3047 237 3093 ron
254 3046 365 3114 posse,
384 3022 516 3115 hocque
533 3045 637 3092 sensu
653 3022 840 3093 veritatem
857 3044 930 3092 esse
947 3043 1054 3111 supra
1071 3021 1242 3090 rationem

190 3156 232 3201 us
249 3154 271 3199 a
286 3132 385 3200 nobis
400 3132 583 3221 probatum
600 3138 654 3199 est
670 3130 736 3219 (th.
752 3130 900 3215 XVII.).
916 3129 982 3198 Vel
998 3131 1029 3197 2⁴
1042 3129 1243 3219 postulatur

188 3239 318 3309 ,stratio
341 3262 408 3307 non
431 3239 685 3329 repugnantiae
713 3239 775 3322 ita,
803 3245 843 3307 ut
865 3238 957 3306 ratio
987 3237 1140 3327 positive
1167 3259 1242 3327 per·

188 3353 197 3415 t
218 3355 261 3417 et.
277 3347 463 3440 evidenter
481 3346 663 3435 intelligat
689 3346 915 3415 intrinsecam
946 3346 997 3414 rei
1029 3344 1241 3435 possibilita-

188 3455 221 3525 lt
244 3477 349 3523 unam
365 3453 658 3545 simplicissimam
675 3453 918 3523 indistinctam
934 3452 1120 3522 essentiam
1137 3451 1243 3520 simul

192 3587 265 3632 esse
288 3568 362 3631 tres
385 3562 554 3632 relativos
584 3561 815 3630 subsistentes
846 3561 992 3630 realiter
1014 3560 1108 3627 inter
1131 3581 1167 3626 se
1191 3558 1242 3626 di·

188 3692 228 3754 re,
255 3669 511 3760 comparatione
526 3691 603 3738 eum
626 3668 715 3736 ideis
731 3673 765 3737 et
784 3667 994 3737 veritatibus
1009 3663 1243 3735 rationalibus

188 3778 304 3847 aturis
319 3776 597 3868 praeintellectis
614 3776 844 3845 demonstrari
860 3798 928 3844 non
945 3779 1072 3865 potest;
1091 3773 1243 3863 adeoque

188 3885 398 3975 possibilitas
425 3884 536 3952 solum
562 3882 718 3972 intelligi
753 3888 868 3973 posset
895 3880 1093 3949 immediate
1120 3900 1243 3969 coguo-

188 4016 195 4060 t
210 3992 397 4063 essentiam
414 3991 512 4059 illem
525 3997 560 4060 et
572 3990 655 4059 illas
667 3989 877 4080 hypostases
892 3988 929 4056 in
942 4010 978 4056 se
991 3987 1089 4076 ipsis,
1106 3994 1147 4055 ut
1157 3985 1195 4054 in
1208 4008 1245 4054 se

188 4102 273 4170 Tum
291 4123 374 4170 vero
390 4123 457 4169 non
480 4100 549 4168 iam
574 4098 647 4167 sola
670 4097 885 4189 possibilitas
901 4095 961 4184 sed
978 4094 1172 4164 intrinsece
1186 4094 1244 4163 ve·

188 4217 211 4279 c
226 4208 424 4278 necessaria
438 4207 646 4277 exsistentia
663 4205 938 4295 intelligeretur.
953 4202 1078 4294 Itaque
1094 4200 1133 4267 δ’·
1145 4199 1246 4268 alind

188 4354 219 4409 a.
240 4356 371 4408 Giinther
395 4357 425 4407 in
446 4353 633 4421 Propaedeut.
653 4353 678 4405 1.
700 4346 727 4420 p.
746 4352 809 4406 347.
829 4366 894 4416 eq.;
913 4349 1034 4404 'ihomas
1059 4365 1076 4400 a
1100 4344 1252 4413 scrupulis·

189 4460 245 4512 eq.;
256 4444 352 4511 Lydia
368 4444 446 4498 1849.
460 4460 488 4511 p.
502 4443 564 4496 292.
