3180 4944
690 358 744 374 ,..
766 326 826 388 504
846 358 884 374 ..

203 431 269 501 -val
293 432 379 500 dant
401 431 581 513 rationem,
606 430 688 522 quia
711 438 847 520 praeter
871 431 1129 520 generationem
1148 432 1342 503 exeiatalius

212 540 332 608 modus
349 538 585 628 processionis,
598 546 634 606 et
649 539 730 630 quia
747 538 810 607 hoc
825 538 895 607 alio
912 562 980 606 non
992 544 1110 608 sutem
1126 539 1223 608 modo
1233 540 1341 610 filiatio·

212 647 271 716 nis.
279 647 435 736 procedit
448 646 613 737 Spiritus,
628 647 704 715 ideo
715 670 783 716 non
795 670 869 717 esse
881 671 943 718 neo
956 648 1026 718 dici
1038 646 1171 718 Filium
1182 648 1264 718 Filii
1273 649 1339 720 lice.

626 830 769 893 Tussis
789 831 966 892 XXXVIII.

351 954 398 1016 De
420 971 515 1016 sensu
535 972 573 1016 co
596 955 699 1028 modo,
722 974 784 1034 qao
806 958 844 1016 in
866 956 1065 1033 oppositione
1087 955 1239 1015 adsersus

272 1051 583 1117 Pnesmatomacbos
603 1057 759 1132 supliciis
782 1055 950 1116 declarate
972 1061 1020 1114 est
1039 1053 1185 1132 Spiritus
1205 1052 1304 1116 Sancti

627 1155 784 1228 processio
806 1170 827 1212 a
847 1153 960 1212 Patre.

267 1332 280 1361 e
295 1311 412 1376 Quando
429 1310 534 1365 Ariani
550 1315 579 1365 et
596 1312 767 1366 semiariani
779 1311 1025 1366 Pneumstomachi
1038 1312 1225 1378 affirmabent,
1238 1310 1345 1378 spirius

214 1422 228 1454 s
242 1401 375 1457 Sanctum
392 1417 448 1455 non
461 1403 609 1469 procedere
623 1404 733 1456 sPstre
746 1417 796 1469 per
806 1404 1083 1457 communicationem
1095 1403 1236 1455 aasentias
1247 1401 1344 1464 diurna

214 1491 292 1545 seed
310 1505 370 1544 esse
390 1495 547 1545 creaturam
563 1491 727 1560 productam
747 1490 855 1545 alilio
875 1496 926 1545 eut
945 1507 996 1560 per
1013 1492 1131 1559 Filium,
1152 1490 1263 1545 Sanctis
1279 1489 1345 1542 tecle

214 1581 300 1634 saise
318 1581 488 1635 Doctoribus
507 1582 568 1635 sive
583 1598 708 1637 seorsum
727 1582 851 1646 siugulis
871 1582 933 1635 sive
953 1582 984 1635 iu
1006 1581 1145 1634 conciliis
1168 1580 1271 1632 directe
1281 1578 1347 1630 leels·

214 1670 332 1723 »rande
351 1672 414 1722 erat
430 1669 571 1736 processio
590 1671 702 1724 aPatre
722 1673 807 1737 atque
826 1669 956 1735 neganda
977 1686 1018 1736 ca,
1041 1685 1124 1736 quam
1145 1664 1347 1721 haeretlelinln·

213 1778 227 1808 s
241 1760 352 1825 cebant,
363 1758 511 1825 productio
521 1774 572 1826 per
581 1759 697 1825 Filium5
709 1774 762 1825 qno
775 1762 895 1826 utroque
905 1759 997 1826 capite
1011 1758 1204 1811 demonstrato
1217 1773 1270 1809 non
1280 1756 1347 1807 solun

213 1862 298 1901 anon
317 1852 424 1913 negem
442 1850 646 1916 processionem
665 1864 682 1901 e
699 1849 775 1902 Filio
795 1848 901 1903 sicuta
920 1850 1006 1902 Patre
1026 1864 1077 1915 per
1099 1845 1347 1901 communicationem

213 1936 357 1990 »divinae
378 1941 507 2004 naturae,
529 1937 578 1991 sed
599 1940 672 1992 hanc
688 1937 894 2005 processIonem
912 1954 928 1990 a
947 1937 1023 1990 Filio
1044 1940 1196 1990 assumunt
1217 1935 1291 1987 velut
1304 1945 1347 1984 eon

213 2026 392 2079 »monrium
416 2028 451 2080 ab
470 2027 645 2081 adversariis
664 2024 774 2095 quoqne
798 2025 1014 2080 concedendum.
1039 2025 1133 2088 Quare
1154 2025 1241 2076 etiem
1261 2021 1347 2075 videtu

213 2112 370 2167 ‚doctrina
387 2114 528 2167 Theodori
545 2115 738 2182 Mopsuesteni
756 2119 786 2168 st
803 2113 974 2167 'theodoreti
998 2113 1091 2180 quoad
1110 2113 1163 2166 hoo
1187 2114 1269 2179 caput
1283 2120 1346 2162 unse

213 2204 381 2258 acatholico
399 2204 577 2271 explicanda,
600 2205 649 2258 nbi
667 2205 698 2258 in
718 2205 872 2258 manifesta
889 2203 1066 2272 oppositione
1084 2207 1185 2259 contre
1197 2197 1348 2256 sensualis

212 2290 424 2346 scedoniannm
442 2297 558 2360 negant,
577 2294 712 2360 Spiritum
728 2297 861 2348 Sanctum
880 2293 986 2346 eFiiie
1006 2294 1051 2345 ecl
1062 2308 1116 2359 per
1132 2291 1241 2344 Filium
1256 2287 1345 2341 esiam

212 2399 226 2430 ι
240 2380 310 2433 tiam
327 2382 465 2433 assere.»

275 2555 306 2623 Ι.
323 2555 552 2647 Aliquamdiu
567 2562 646 2648 post
663 2556 857 2627 Concilium
868 2557 1059 2627 Niossnnm
1071 2577 1093 2625 a
1104 2557 1255 2625 factione
1267 2551 1344 2620 Arie-

209 2685 335 2733 norum
359 2686 518 2753 expresse
537 2665 740 2753 negantium
763 2665 985 2734 divinitatem
1007 2663 1096 2732 Filii
1121 2663 1226 2732 multi
1246 2662 1345 2730 discas

210 2776 351 2855 serunt,
374 2772 458 2862 quin
483 2777 599 2841 tamen
614 2772 715 2842 fidem
740 2771 945 2841 catholicam
961 2771 999 2838 in
1024 2770 1180 2839 Concilio
1197 2767 1346 2838 definitam

211 2877 373 2966 amplecti
399 2877 542 2963 vellent,
573 2878 634 2969 qui
661 2877 795 2946 Filium
828 2877 968 2946 aiebant
1001 2899 1037 2945 se
1065 2877 1224 2945 confiteri
1252 2892 1346 2944 vernn

212 2981 346 3067 Deum,
371 2983 569 3052 substantia
588 2982 735 3051 similem
758 2984 859 3052 Petri
879 2981 1078 3072 (iprenses),
1099 2980 1347 3054 consubstantia-

208 3086 278 3156 lem
306 3085 479 3175 (ἐμοουσων)
507 3095 621 3158 minen
637 3090 736 3159 Petri
750 3091 925 3180 appellare
940 3093 1161 3160 recusabant.
1175 3091 1231 3158 Ex
1245 3089 1296 3155 his
1306 3086 1348 3153 Se

209 3194 390 3262 mistionis
413 3195 482 3262 orti
505 3200 589 3263 sunt
610 3196 912 3265 Pneumatomachi
935 3219 956 3263 s
979 3220 1041 3266 auo
1065 3196 1152 3265 duce
1175 3197 1277 3264 stiam
1295 3191 1348 3259 tls·

210 3300 390 3368 cedonisni
411 3301 590 3390 appellati,
610 3302 670 3393 qui
684 3303 886 3391 explicitam
907 3310 943 3372 et
959 3304 1127 3373 directam
1142 3299 1350 3393 impugnatio·

208 3427 285 3472 nem
308 3407 470 3493 mysterii
495 3408 557 3475 SS.
574 3409 763 3477 Trinitatis
785 3410 1045 3480 transtulerunt
1067 3411 1112 3478 ad
1128 3402 1351 3479 doctrinamde

209 3510 347 3598 Spiritu
371 3511 509 3579 Sancto.
525 3512 656 3581 Filium
681 3515 909 3584 concedebant
932 3539 1005 3584 essa
1021 3539 1063 3584 ex
1087 3517 1195 3584 Patre
1217 3513 1351 3604 genitum

207 3623 243 3685 et
265 3617 342 3686 ideo
365 3641 439 3686 esse
462 3620 571 3688 Deum
595 3622 636 3689 de
665 3622 759 3709 Deo;
796 3623 969 3712 Spiritum
1000 3623 1167 3692 Sanctum
1199 3621 1351 3712 negabant

207 3745 280 3791 essa
296 3748 338 3793 ex
352 3725 456 3794 Patre
473 3728 688 3816 processione
706 3730 945 3814 substantiali,
965 3737 1000 3799 et
1015 3731 1091 3798 ideo
1108 3732 1281 3819 negabant
1294 3744 1350 3795 esse

206 3826 338 3914 Deum,
365 3831 423 3898 sed
447 3832 656 3920 principium
688 3833 844 3921 Spiritus
868 3834 988 3903 Sancti
1018 3835 1188 3903 docebant
1210 3858 1279 3903 esse
1305 3829 1349 3897 Fi·

204 3928 293 4000 lium
309 3935 532 4022 productione
548 3939 726 4006 creatrice.
743 3940 824 4007 Sina
840 3941 1043 4029 ambagibus
1060 3941 1148 4009 hano
1164 3939 1347 4010 sententian

207 4039 367 4126 proponit
382 4049 416 4106 et
427 4047 547 4108 tuetur
562 4043 746 4111 Eusebius.
769 4074 785 4107 u
804 4046 905 4113 Solus
922 4047 1058 4136 quidem
1078 4048 1152 4136 ipse
1173 4071 1260 4114 unus
1274 4047 1346 4112 Dens

207 4151 242 4208 et
265 4145 367 4224 Pater
391 4147 527 4214 Domini
552 4149 674 4217 Nostri
690 4151 769 4218 Iesu
786 4152 917 4219 Christi
937 4153 1006 4219 dici
1023 4162 1139 4244 queat;
1155 4154 1267 4220 Filius
1283 4167 1344 4217 vero

207 4250 409 4336 unigenitus
431 4253 547 4336 Deus,
574 4257 632 4344 qui
657 4266 709 4324 est
732 4257 767 4323 in
793 4259 871 4325 sinu
896 4260 1023 4345 Patris;
1040 4262 1342 4328 Paracletussuteu

208 4354 360 4441 Spiritus
385 4383 491 4449 neque
515 4363 608 4428 ilaus
630 4387 738 4454 neque
761 4367 905 4452 Filius,
932 4370 1091 4459 quoniam
1116 4392 1181 4437 non
1204 4380 1341 4456 aequest
