3172 4950
685 348 725 366 -
746 315 806 378 463
826 346 864 365 .-

219 424 294 494 rirse
312 444 334 493 a
354 424 485 508 Patre,
509 421 581 491 nisi
602 443 644 492 ea
670 444 692 490 a
721 423 827 493 Patre
855 422 1069 513 procederet.
1094 422 1209 515 Atqui
1232 444 1302 492 una
1323 428 1360 492 et

219 533 306 603 eedem
326 539 381 602 est
402 530 523 600 missio
547 530 704 621 Spiritus
727 530 849 599 Sancti
871 552 893 598 a
914 530 1021 599 Filio.
1038 530 1135 621 Ergo
1158 530 1264 599 etiam
1280 531 1357 599 fun·

219 640 384 713 duantum
407 641 661 725 necessarium,
687 640 762 708 siue
785 662 853 730 quo
876 638 996 708 missio
1024 661 1098 707 esse
1128 661 1197 707 non
1229 645 1356 729 posset,

219 773 296 821 unum
317 756 370 820 est
393 749 431 817 in
453 748 548 815 Filio
571 749 733 817 mittente
757 747 849 817 sicut
872 747 909 815 in
933 748 1050 830 Patre,
1069 747 1357 817 communicatum

219 857 334 925 ePatre
367 855 405 923 in
438 854 595 939 Filium,
622 854 739 923 virtus
773 854 911 923 scilicet
936 859 972 922 et
994 860 1095 922 actus
1127 876 1195 944 quo
1221 853 1360 943 spirant

219 964 348 1055 spiritum
372 962 581 1032 mittendum
604 969 639 1031 et
662 963 805 1030 missum
834 984 904 1029 una
926 962 1089 1030 missione
1106 962 1248 1053 utrique
1271 984 1358 1030 com-

219 1072 298 1142 uuoi.
316 1071 609 1153 Quemadmodum
625 1093 709 1160 ergo
725 1070 785 1139 ubi
808 1069 963 1139 dicitur:
992 1099 1008 1132 u
1023 1070 1127 1138 Pater
1143 1069 1244 1138 dabit
1261 1069 1359 1138 vobis

218 1178 403 1249 Paraclitum
418 1204 449 1262 r,
470 1178 690 1267 intelligitur
706 1178 810 1246 Pater
833 1184 875 1251 ut
897 1176 1002 1244 simul
1022 1177 1277 1245 communicans
1300 1177 1358 1245 Fi-

217 1286 251 1355 lio
266 1298 374 1356 actum
398 1285 597 1369 missionis,
624 1285 777 1378 haecque
803 1285 1069 1354 communicatio
1103 1283 1279 1353 missionis
1301 1308 1357 1353 ex-

217 1394 353 1487 primitur
377 1395 414 1461 in
437 1393 549 1484 primo
572 1401 691 1462 nostro
715 1393 848 1462 inciso:
877 1417 974 1482 «ego
997 1392 1135 1461 mittem
1158 1418 1180 1459 o
1204 1392 1355 1478 Patrcn;

217 1499 334 1570 italum
351 1504 388 1571 in
408 1502 558 1570 secundo
573 1501 683 1569 inciso
699 1501 831 1570 dicitur
847 1525 855 1567 :
884 1531 900 1564 a
915 1501 975 1592 qui
991 1525 1014 1567 o
1033 1500 1139 1568 Patre
1154 1500 1310 1591 procedit
1324 1528 1354 1583 n,

217 1611 282 1701 quod
302 1612 457 1680 declarat
482 1611 651 1679 rationem
677 1610 863 1694 missionis,
890 1611 995 1679 Peter
1016 1612 1211 1680 necessario
1227 1610 1357 1679 intelli·

218 1712 289 1802 gitur
302 1722 342 1785 ιιι
357 1714 612 1783 communicans
627 1713 720 1781 Filio
736 1715 905 1782 rationem
921 1736 982 1782 sen
998 1713 1262 1783 fundamentum
1278 1714 1357 1783 mis-

208 1818 309 1907 sionis,
333 1844 436 1915 qnam
464 1821 581 1890 Filius
604 1822 640 1889 in
664 1821 776 1911 primo
802 1821 913 1890 inciso
937 1823 1069 1891 dicitur
1099 1822 1226 1894 habere
1249 1844 1271 1890 a
1294 1822 1357 1891 Pa·

218 1930 265 2011 tro,
284 1930 315 1998 h.
329 1954 360 1999 e.
388 1929 546 2020 Spiritus
570 1929 721 1998 Sanctus
751 1930 909 2019 procedit
932 1952 954 1998 a
976 1931 1081 2000 Patre
1107 1936 1149 1999 ut
1171 1933 1357 2000 commuui-

217 2046 290 2107 ctnte
308 2039 402 2108 Filio
425 2039 519 2106 sicut
548 2037 745 2106 missionem
773 2038 826 2105 ita
853 2039 1022 2107 virtutem
1044 2049 1081 2109 et
1108 2047 1224 2109 actum
1248 2039 1358 2130 spira·

216 2141 296 2215 tionis
311 2148 374 2234 (l).
393 2147 558 2238 Adeoque
579 2145 736 2237 Spiritus
751 2167 772 2210 a
789 2147 893 2214 Patre
918 2148 1076 2236 procedit
1099 2149 1295 2218 formaliter
1318 2154 1359 2217 ut

216 2249 247 2318 et
262 2254 400 2324 habente
423 2255 568 2338 Filium,
593 2276 700 2346 eoque
727 2254 804 2344 ipso
827 2261 867 2321 ut
890 2256 1164 2325 communicante
1186 2256 1280 2324 Filio
1303 2277 1356 2326 ac-

217 2360 270 2429 tum
288 2364 499 2456 spirationis.

262 2469 359 2541 lmmo
382 2471 574 2562 suppositis
589 2470 636 2539 iis
651 2493 739 2563 quae
754 2475 790 2540 in
806 2472 899 2542 thesi
916 2471 1136 2541 antecedenti
1149 2469 1302 2539 diximus
1316 2470 1358 2541 de

217 2574 442 2665 significatione
476 2578 628 2648 relative
662 2579 813 2648 nominis
843 2583 998 2670 Spiritus
1022 2579 1179 2662 Christi,
1205 2581 1359 2668 Spiritus

216 2678 295 2767 Filii,
316 2710 498 2779 possumus
525 2686 716 2770 ostendere,
743 2687 932 2756 seeundum
955 2688 1092 2755 modum
1116 2710 1184 2778 quo
1200 2686 1257 2755 hic
1281 2709 1357 2755 con·

216 2793 339 2865 nectitur
361 2796 481 2864 missio
505 2794 660 2885 Spiritus
684 2795 806 2864 Sancti
829 2818 850 2861 a
872 2795 966 2863 Filio
996 2818 1073 2864 cum
1099 2795 1358 2885 processiones

208 2892 412 2992 'Petra-alibi
428 2901 548 2971 ordine
563 2901 703 2970 inverso
726 2901 892 2992 coniungi
909 2903 1106 2971 missionem
1123 2924 1144 2970 a
1162 2902 1265 2970 Patre
1281 2926 1357 2971 cum

217 3012 400 3093 processione
424 3032 446 3078 a
467 2996 573 3078 Filio.
595 3039 612 3073 ιι
626 3010 728 3078 Misit
744 3011 836 3077 Deus
859 3011 992 3097 (Pater)
1009 3014 1180 3101 Spiritum
1196 3013 1288 3078 Filii
1304 3017 1360 3080 aui

216 3111 348 3190 iucorda
372 3128 492 3191 vestra
519 3122 630 3190 uGal.
660 3123 724 3191 IV.
747 3122 780 3189 6.
806 3122 1000 3193 Evidenter
1023 3146 1126 3213 penes
1150 3122 1298 3192 Paulum
1321 3124 1358 3191 in

215 3226 338 3301 subiecto
368 3233 459 3299 Deus
495 3232 601 3299 Pater
634 3231 831 3299 includitur
853 3231 991 3315 Filius,
1025 3240 1061 3301 et
1092 3233 1129 3301 iu
1160 3234 1359 3324 praedicato

216 3330 354 3419 Spiritum
377 3340 471 3408 Filii
494 3342 549 3404 soi
573 3338 768 3408 includitur
792 3338 918 3407 relatio
946 3340 1101 3430 Spiritus
1131 3343 1175 3410 ad
1203 3346 1356 3427 Patrem,

216 3444 246 3506 ut
261 3448 448 3517 audivimus
470 3445 631 3536 superius
654 3447 698 3514 ab
720 3446 942 3515 Athanasio:
964 3477 981 3511 a
995 3472 1036 3517 ex
1055 3450 1160 3520 Patre
1175 3452 1359 3539 procedere

214 3540 317 3625 licitur
328 3556 497 3647 Spiritus,
513 3555 595 3647 quia
610 3575 631 3621 a
647 3554 761 3623 Verbo
777 3555 926 3646 effulget
941 3563 977 3624 et
991 3557 1148 3625 mittitur
1163 3564 1201 3626 ιι
1216 3559 1355 3627 dature.

212 3646 314 3732 Plenus
335 3687 420 3755 ergo
443 3686 566 3732 sensus
589 3664 772 3731 verborum
787 3663 949 3753 Apostoli
977 3670 1054 3732 est:
1079 3666 1170 3733 Deus
1198 3667 1305 3734 Pater
1327 3680 1359 3732 et

211 3754 267 3832 ’.διο
286 3772 399 3841 Filius
421 3796 493 3837 cum
517 3772 625 3839 Putre
643 3773 739 3838 misit
762 3772 932 3859 Spiritum
961 3772 1054 3839 Filii
1077 3775 1132 3840 oui
1154 3796 1256 3864 eoque
1285 3777 1357 3864 ipro

246 3984 282 4062 (1)
297 3995 360 4048 lton
380 3992 485 4045 desunt
503 3993 561 4044 viri
581 3990 713 4058 eruditi,
735 3993 785 4059 qui
804 3996 908 4060 putent
927 3993 1016 4047 alium
1043 3993 1160 4046 subesse
1185 3994 1296 4049 modum
1321 4000 1359 4051 si·

199 4072 356 4153 aucun,
378 4083 491 4152 qnando
510 4082 619 4136 dicitur
637 4086 780 4151 processio
800 4105 874 4156 rupa
897 4105 942 4136 τοι
963 4105 1062 4156 sarpa*
1076 4101 1108 4138 ec
1127 4086 1240 4153 quando
1253 4088 1361 4142 dicitur

197 4146 222 4207 ’ἃ
240 4190 279 4227 roo
299 4194 406 4245 πατρις.
422 4175 481 4227 Iloc
494 4189 561 4239 ergo
581 4176 652 4239 loco,
675 4175 768 4239 siunt,
789 4176 998 4242 processionem
1018 4196 1089 4244 παρα
1109 4196 1153 4229 του
1177 4199 1277 4243 πατρος
1297 4194 1359 4232 esse

192 4250 390 4319 ”acessionem
404 4266 440 4318 ab
459 4280 504 4331 eo,
520 4263 595 4331 qnod
615 4270 659 4317 est
677 4266 709 4318 in
728 4266 813 4318 Patre
833 4270 863 4318 et
881 4266 954 4333 apud
975 4268 1098 4331 Petrem;
1120 4269 1171 4320 hoc
1196 4272 1290 4320 entem
1314 4273 1358 4321 est

190 4338 272 4406 ⁸¹len
283 4355 388 4408 Filius.
400 4354 458 4407 Res
470 4370 542 4421 quae
556 4354 678 4422 dicitnr,
694 4358 739 4408 est
753 4357 852 4423 utique
867 4372 945 4420 rere,
960 4355 1010 4409 sed
1021 4356 1131 4409 modum
1143 4356 1358 4410 demonstrandi

187 4427 225 4485 ’ἶ
238 4440 347 4500 diverse
365 4445 510 4514 particula
528 4465 600 4513 παρα
619 4450 649 4498 et
668 4444 698 4511 ἕξ
713 4460 769 4498 uon
790 4449 861 4514 puto
880 4460 941 4499 esse
960 4446 1094 4499 solidum.
