3172 4950
537 363 576 379 ..
600 326 658 394 109
678 362 716 378 -

48 438 148 530 eapite
170 437 218 507 X.
237 437 422 530 Sapientia
444 437 514 506 iam
538 436 707 507 eoineidit
723 460 800 506 oum
825 436 961 525 Anqelo
987 435 1129 503 Domini
1153 456 1214 503 seu

49 572 115 617 enm
127 547 289 631 Domino,
305 547 366 639 qui
381 546 547 637 apparuit
561 553 599 615 et
613 546 740 615 missus
756 544 885 614 eratin
901 543 946 612 V.
963 543 1004 610 Τ.
1024 542 1215 612 distinctus

48 655 254 723 amittente.
281 652 349 722 Sed
372 652 438 722 hoo
461 653 585 722 omisso
607 652 712 721 etiam
737 651 866 720 diserte
887 657 923 719 et
939 649 1138 719 immediate
1162 649 1213 719 di·

49 762 180 833 stinatio
203 762 399 853 personalis
420 761 614 832 indicatur.

104 871 283 964 Imprimis
306 871 488 962 Sapientia
510 871 642 941 dieitur
670 870 836 938 assistere
871 868 998 938 throno
1021 867 1110 953 Dei,
1137 889 1214 935 oum

51 980 111 1048 Deo
132 1000 269 1049 creasse
292 978 417 1047 caelos:
438 1008 455 1043 u
470 977 747 1067 (tabernaoulum
764 983 923 1046 sanetum
938 979 1052 1062 tuum)
1070 994 1213 1065 praepa-

53 1086 130 1155 rasti
150 1086 196 1154 ab
205 1084 326 1170 initio,
347 1090 382 1153 et
399 1100 503 1152 tecam
522 1077 610 1175 (μετα
627 1078 694 1174 σου)
716 1082 898 1175 Sapientia
912 1088 987 1168 tua,
1006 1103 1094 1175 quae
1114 1081 1215 1151 novit

54 1215 143 1284 opera
163 1200 240 1278 tna,
266 1214 355 1285 quae
370 1199 407 1262 et
422 1193 529 1280 affuit
550 1201 637 1263 tuno
660 1217 737 1263 oum
754 1194 869 1262 orbem
883 1198 1059 1261 terrarum
1082 1191 1216 1260 faceres
1239 1240 1241 1245 s

56 1296 205 1392 (παρωσα,
218 1301 264 1366 ὅτε
278 1297 385 1374 inorsa
396 1322 445 1367 τον
457 1298 599 1387 torpor),
616 1307 653 1371 et
668 1303 813 1386 solebat,
833 1300 919 1393 quid
936 1306 1028 1369 esset
1043 1298 1216 1390 placitum

53 1410 150 1479 oeulis
171 1411 247 1480 tuis
265 1439 281 1474 a
296 1410 380 1500 Sap.
394 1409 458 1478 IX.
471 1409 549 1479 4.8.
562 1409 595 1478 9.
615 1410 703 1478 Tum
728 1407 910 1500 Sapientia
926 1407 1044 1476 eadem
1062 1406 1215 1475 omnium

54 1518 182 1603 artifex,
193 1540 326 1586 omnem
339 1517 469 1585 habens
477 1516 659 1601 virtutem,
675 1516 789 1584 omnia
798 1509 1024 1607 prospiciens,
1036 1513 1216 1603 attingens

55 1627 180 1719 utique,
198 1624 399 1717 expressius
414 1623 615 1694 declaratur
639 1630 680 1694 ut
702 1624 889 1715 procedens
904 1633 940 1693 et
957 1621 1077 1713 genita
1094 1622 1214 1690 aDeo.

57 1736 191 1826 «vapor
202 1735 358 1804 estenim
370 1733 518 1804 virtutis
534 1734 610 1820 Dei,
626 1740 662 1803 et
677 1734 849 1803 emanatio
864 1731 1032 1825 quaedam
1045 1735 1099 1800 est
1111 1730 1215 1800 olari·

56 1844 127 1912 tatis
139 1844 386 1934 omnipotentis
399 1843 464 1912 Dei
476 1842 630 1912 sincera.
645 1895 653 1912 .
668 1895 676 1913 .
691 1842 820 1912 aendor
831 1848 886 1911 est
897 1840 989 1911 enim
1001 1839 1093 1909 lueis
1103 1845 1214 1908 aeter·

58 1971 110 2017 nee
120 1957 155 2019 et
166 1949 345 2041 speoulnm
362 1949 437 2023 sine
448 1950 584 2020 macula
596 1950 661 2019 Dei
674 1949 882 2034 maiestatis,
897 1954 933 2017 et
948 1932 1064 2037 imago
1080 1947 1214 2015 bonita-

59 2058 216 2153 tisillius.
241 2059 291 2128 Et
314 2082 391 2127 oum
408 2059 456 2127 sit
471 2080 552 2144 una,
579 2059 692 2127 omnia
708 2063 833 2148 potest,
851 2063 889 2126 et
904 2057 941 2126 in
958 2079 994 2125 se
1009 2077 1214 2146 permanens

59 2167 157 2234 onnia
178 2167 326 2237 innovat
342 2194 359 2229 n
385 2173 452 2237 eto.
479 2166 562 2258 Sap.
580 2167 663 2238 VII.
683 2168 798 2236 art-27.
825 2165 948 2234 Omnia
971 2166 1056 2234 haee
1079 2162 1214 2254 praedi·

61 2278 124 2340 oeta
140 2302 156 2337 a
171 2294 279 2363 vapor
303 2272 452 2343 virtutis
473 2274 550 2359 Dei,
569 2274 741 2343 emanatio
757 2271 944 2358 claritatis,
964 2270 1093 2340 eandor
1109 2269 1212 2355 lueis,

60 2381 219 2469 speculum
242 2380 448 2467 maiestatis,
472 2382 588 2472 imago
613 2382 781 2450 bonitatis
795 2409 812 2444 n
843 2381 1023 2451 evidenter
1054 2379 1145 2448 idem
1169 2378 1214 2447 si·

61 2489 214 2576 gnifieant
235 2490 301 2558 sub
324 2490 498 2580 analogiis
514 2490 677 2576 diversis;
696 2488 911 2578 significatio
934 2510 1029 2573 vero,
1053 2486 1114 2556 ubi
1129 2486 1215 2556 haee

60 2595 208 2666 donatur
232 2597 274 2664 de
298 2596 480 2687 Sapientia
511 2602 654 2690 aeterna
677 2603 713 2666 et
736 2595 983 2686 omnipotenti,
1008 2616 1078 2662 non
1100 2598 1216 2683 potest

60 2725 119 2772 esse
138 2705 210 2772 alia
231 2726 336 2796 quam
358 2704 527 2794 originis3
554 2707 616 2773 hoe
638 2710 753 2773 autem
785 2702 898 2794 posito
922 2701 1139 2791 intelligitur
1163 2701 1213 2770 di-

60 2811 186 2881 stinctio
208 2835 271 2904 per
293 2812 543 2903 oppositionem
558 2810 740 2881 relationis
758 2812 850 2881 inter
866 2810 1078 2902 principium
1090 2815 1125 2879 et
1137 2832 1214 2900 pro·

60 2918 217 2989 sedentem
239 2940 261 2987 a
284 2918 468 3010 principio.
493 2919 751 3009 Argumentum
775 2918 1008 2988 clarissimum
1037 2939 1099 3008 pro
1123 2916 1214 2986 veri·

59 3033 117 3096 tate
136 3027 244 3096 huius
266 3025 510 3116 explicationis
534 3026 667 3117 petitur
690 3048 732 3093 ex
748 3048 799 3111 eo,
822 3025 913 3117 quod
932 3024 1050 3094 unitas
1066 3029 1214 3092 naturae

59 3134 279 3206 etdistinotio
303 3157 528 3226 personarum
550 3134 587 3202 in
610 3135 655 3204 N.
676 3134 718 3202 Τ.
744 3134 860 3203 eodem
883 3155 1027 3223 prorsus
1044 3131 1141 3200 modo
1158 3132 1214 3201 de·

59 3242 213 3313 claretur.
228 3242 347 3311 Filius
362 3241 427 3310 Dei
443 3247 498 3310 est
515 3239 709 3331 «splendor
726 3239 860 3330 gloriae
873 3243 908 3307 et
920 3234 1036 3328 figura
1052 3239 1214 3307 substan-

58 3350 114 3421 tiae
127 3351 215 3436 eius,
230 3356 442 3442 portansque
454 3348 568 3416 omnia
581 3349 686 3418 verbo
699 3347 847 3418 virtutis
859 3369 942 3416 suae
957 3374 972 3409 o
988 3345 1135 3416 Hebae
1149 3345 1211 3432 (1).

112 3493 154 3569 (1)
171 3498 208 3550 In
226 3499 310 3550 textu
328 3510 428 3562 graeco
447 3495 661 3564 parallelisnus
680 3498 800 3562 apparet
819 3492 910 3547 adhue
928 3493 1051 3560 plenior:

191 3640 259 3710 sep.
273 3640 340 3694 vn.
355 3638 400 3693 oo.
415 3639 460 3692 se.
856 3639 928 3693 usa.
944 3639 968 3692 1.
985 3639 1013 3692 a.

79 3748 156 3823 ἆτμις
178 3771 233 3822 γαρ
257 3750 317 3804 ἔστι
338 3768 385 3810 της
407 3767 452 3801 rou
474 3744 537 3802 drot
552 3752 626 3802 δυνα-

55 3858 109 3908 pras
120 3862 163 3894 και
176 3837 311 3911 &resipiens
323 3858 370 3900 της
382 3856 427 3892 του
444 3857 621 3911 neurospast-

52 3945 84 3996 ρος
96 3931 174 3997 dogne
188 3926 352 4000 ἔιλιιρινης...

76 4018 251 4091 rismum
269 4039 323 4090 γαρ
341 4018 401 4072 ἔστι
423 4031 507 4090 poreq
524 4014 620 4073 οἰῖδιου
691 4015 750 4074 ὁῶν
766 4013 936 4091 ὥπαυγαςμα
951 4038 998 4082 της
1014 4019 1092 4085 doffte

78 4130 118 4164 ιω
128 4113 258 4183 ἔσοπτρον
267 4107 430 4168 desisteres
441 4129 487 4171 της
499 4105 616 4163 τουθεου
690 4129 733 4162 και
756 4130 898 4184 χαρακτηρ
911 4130 958 4173 της
977 4109 1149 4171 deterruerat
1169 4107 1214 4163 oia·

52 4197 174 4274 ἔπργειας
186 4222 231 4255 και
246 4197 316 4254 isaar
327 4220 374 4262 της
386 4197 561 4272 syntoma<
573 4199 622 4254 oiv-
694 4219 749 4255 roo.

52 4291 95 4326 mo.

78 4368 162 4435 mate
177 4363 249 4419 ὅνσα
260 4382 352 4418 ταντα
371 4365 490 4426 mseras,
504 4383 548 4416 και
567 4383 613 4434 με·
686 4375 764 4435 tepor
778 4382 805 4414 τι
822 4383 857 4415 τα
873 4381 963 4416 naara
974 4382 1007 4431 τῳ
1019 4361 1121 4435 [inpare

51 4471 122 4510 soora
135 4454 163 4510 io
178 4454 261 4528 iwrp
281 4473 372 4508 παντα
384 4450 502 4526 retortu.
689 4473 736 4516 της
750 4457 880 4527 delapsae
894 4450 978 4508 dorsa
