3172 4950
696 335 735 350 -
755 303 816 364 260
837 336 876 350 ..

206 411 302 481 tione
331 409 377 480 ad
406 409 508 478 finem
540 414 608 478 eto.
638 411 732 478 ratio
762 405 937 499 intelligit
966 408 1193 478 existentiam
1222 411 1304 476 setis
1324 408 1359 478 in'

207 540 272 588 sua
294 518 482 589 existentia
504 517 713 602 necessarii,
739 517 974 608 intelligentis
997 523 1035 587 et
1057 517 1239 608 sapientis,
1255 517 1353 587 'volca-

206 626 256 695 tia
278 647 319 694 ac
343 625 445 710 boni,
471 624 717 715 omnipotentis
731 632 814 711 etc,
835 626 918 716 quia
933 624 1126 694 existentia
1141 631 1356 694 creaturarum

208 733 487 824 contingentium
511 734 585 802 sine
608 734 782 802 existente
805 733 872 803 tali
895 740 975 802 ente
997 730 1197 802 necessario
1213 730 1356 821 intelligi·

207 850 269 912 tur
290 864 499 932 repugnare.
510 841 609 911 Unde
633 840 677 910 ad
700 842 811 910 Deum
835 864 943 909 unum
958 848 1090 911 natura
1105 850 1144 910 et
1158 841 1291 909 trium
1303 863 1359 930 per·

208 950 302 1020 sonis
324 951 593 1041 intelligendum
615 949 682 1020 hoc
704 952 803 1020 modo
826 974 868 1020 ex
898 950 1177 1021 consideratione
1206 956 1359 1019 creatura

208 1080 309 1144 rura,
333 1081 471 1129 necessa
495 1062 588 1128 foret
609 1058 648 1127 in
671 1059 844 1129 creaturis
867 1059 943 1128 sive
966 1059 1192 1149 spiritulibus
1215 1058 1290 1126 sive
1307 1076 1359 1124 me

208 1166 394 1236 terialibus
417 1167 492 1236 sive
516 1190 670 1236 seorsum
693 1166 847 1257 singulis
869 1167 946 1236 sive
962 1167 1123 1235 omnibus
1141 1164 1251 1234 simul
1273 1162 1360 1234 consi·

208 1274 341 1346 duratis
363 1275 565 1367 perspicere.
580 1274 740 1367 aliquid,
767 1275 858 1366 qnod
881 1273 1144 1364 intelligeretur
1171 1290 1359 1363 repugnare,

207 1384 277 1453 nisi
301 1392 375 1454 tres
399 1384 473 1454 sint
495 1407 661 1474 personne
684 1406 776 1453 unus
791 1385 898 1453 Deus.
918 1382 1031 1476 Atqui
1046 1383 1193 1453 evidens
1210 1374 1360 1465 estnihil

209 1492 408 1562 huiusmodi
430 1493 467 1560 in
491 1492 665 1562 creaturis
687 1515 761 1562 esse
786 1501 849 1562 aut
864 1516 937 1562 esse
954 1515 1064 1582 posse.
1085 1486 1380 1581 creaturaeeniu.

210 1601 356 1693 quaevis
380 1598 564 1690 possibiles
594 1608 676 1668 ectu
707 1606 809 1686 aunt,
836 1606 1009 1691 quatenus
1030 1605 1068 1668 et
1097 1597 1267 1690 quomodo
1286 1594 1380 1683 Deua.

209 1710 436 1799 omnipotens,
460 1708 600 1776 infinite
624 1708 783 1798 sapiens,
809 1709 948 1777 infinite
978 1709 1087 1777 bonus
1116 1728 1179 1775 eas
1210 1704 1288 1775 vult
1305 1699 1357 1772 οὐ

209 1823 313 1904 stere;
338 1840 400 1886 nec
422 1816 520 1885 ultra
542 1816 717 1886 attribute
740 1817 902 1885 absoluta
917 1815 1105 1908 quidquam
1129 1814 1262 1883 lumine
1276 1809 1357 1880 ratio

210 1925 266 1993 nis
289 1924 445 2013 intelligi
468 1931 584 2015 potest
606 1924 642 1992 in
665 1924 737 1993 Deo
759 1925 1004 2009 necessarium,
1023 1930 1065 1992 ut
1087 1924 1138 1992 sit
1160 1943 1268 1992 causa
1287 1935 1355 1987 ur*

208 2039 382 2102 tururum.
396 2032 584 2101 Attribute
607 2054 690 2102 vero
714 2032 876 2101 absoluta
899 2038 983 2100 sunt
1005 2031 1071 2100 Dei
1095 2036 1270 2122 quatenns
1288 2043 1356 2094 uun

210 2147 282 2225 est,
308 2161 414 2232 aeque
437 2139 557 2230 plena,
583 2141 615 2208 si
638 2139 878 2210 consideretur
902 2163 973 2208 una
996 2162 1155 2231 persona,
1181 2161 1224 2208 ac
1247 2129 1356 2230 quand·

210 2254 453 2336 supponuntur
464 2253 500 2314 et
517 2248 785 2316 considerantur
801 2254 875 2315 tres
891 2269 1057 2336 personae
1072 2246 1273 2316 distinctae.
1285 2237 1355 2309 alit

210 2354 328 2424 verbis
351 2354 439 2423 idem
457 2353 527 2423 dici
545 2361 682 2445 potest:
707 2356 802 2424 Deus
824 2355 869 2425 ad
884 2361 986 2424 extra
1009 2361 1187 2445 operatur,
1212 2360 1380 2448 quatern:

211 2486 302 2533 unus
325 2469 380 2534 est
401 2465 579 2549 essentia,
605 2487 674 2532 non
698 2487 781 2533 vero
804 2470 846 2533 ut
868 2464 914 2532 ad
936 2463 1034 2532 intra
1049 2471 1134 2532 sunt
1148 2462 1354 2554 processione

210 2593 251 2640 ao
274 2571 461 2641 relationes
484 2576 626 2639 mutuae
646 2571 870 2660 generantis,
896 2571 1029 2661 geniti,
1052 2570 1283 2661 procedentis.
1301 2567 1353 2635 llot

211 2687 327 2749 autem
350 2679 426 2769 ipso
447 2684 623 2769 repugnat
645 2701 686 2746 ex
710 2678 883 2747 creaturis
906 2688 1082 2770 tamqnam
1098 2680 1229 2749 effectu
1250 2672 1352 2745 intelli·

211 2812 304 2880 gere,
319 2811 458 2858 cansam
482 2810 556 2857 esse
572 2794 646 2856 tres
666 2810 831 2878 personas
846 2788 995 2857 invicem
1012 2787 1201 2857 distinctas
1216 2810 1280 2855 non
1294 2798 1353 2853 varo

212 2920 340 2982 unum,
366 2898 459 2965 sicut
481 2919 552 2964 una
575 2903 630 2965 est
652 2897 814 2965 essentia.
845 2896 978 2965 aOmne
1000 2896 1103 2981 illud,
1131 2896 1223 2988 quod
1239 2894 1273 2963 in
1287 2886 1353 2961 divi·

210 3007 267 3075 nis
291 3004 533 3075 causalitatem
557 3005 684 3092 habet,
711 3006 755 3073 ad
779 3006 965 3074 essentium
989 3006 1163 3094 pertinet,
1189 3028 1267 3074 cum
1285 3002 1355 3071 aen

211 3136 273 3205 per
295 3113 480 3183 essentiam
496 3135 595 3181 suem
617 3113 666 3182 ait
688 3134 794 3183 censa
809 3136 939 3182 rerum.
957 3113 1104 3204 Propria
1127 3120 1247 3183 entem
1268 3128 1355 3203 perso

210 3243 336 3290 narum
366 3229 450 3291 sunt
479 3221 689 3307 relationes,
716 3221 843 3314 quibus
867 3245 1033 3312 personae
1048 3245 1116 3290 non
1141 3222 1186 3292 ad
1204 3228 1380 3299 creatura

211 3330 270 3401 sed
294 3330 338 3400 ed
362 3330 570 3401 seinvicem
593 3333 809 3400 referuntur.
831 3331 930 3400 Unde
952 3330 1109 3400 netureli
1133 3323 1358 3421 cognitiona'n

211 3438 353 3530 propria
368 3460 593 3529 personarum
609 3439 772 3508 devenire
795 3462 863 3507 non
887 3462 1104 3529 possumus»
1130 3439 1168 3509 S.
1189 3438 1257 3512 Th.
1275 3438 1357 3506 leve

210 3547 271 3615 rit.
284 3573 317 3640 q.
329 3546 427 3614 luc.
439 3544 494 3613 13.
508 3570 516 3633 ;
529 3545 561 3614 1.
573 3572 606 3639 q.
620 3545 675 3614 32.
691 3567 723 3613 a.
736 3545 783 3633 1.;
803 3545 835 3615 1.
847 3546 931 3617 dist.
950 3547 982 3617 3.
1004 3572 1037 3640 q.
1055 3545 1088 3614 1.
1108 3568 1142 3616 a.
1159 3546 1261 3636 4.;in
1280 3543 1356 3614 nst·

211 3655 309 3725 Trin.
325 3655 480 3724 Prooem.
492 3680 525 3747 q.
537 3654 613 3724 La.
623 3656 659 3723 4.

276 3763 484 3833 Remaneret
505 3786 590 3853 ergo
613 3764 657 3832 2·.
672 3770 714 3833 ut
736 3784 758 3831 a
781 3764 1057 3834 consideratione
1080 3764 1359 3834 absolutorumet·

210 3869 448 3956 tributorum,
474 3892 562 3963 quea
589 3901 605 3934 a
620 3893 681 3962 per
703 3894 745 3940 ea
768 3895 856 3965 quae
881 3874 977 3942 facta
1000 3881 1083 3942 aunt
1097 3872 1282 3944 intellectu
1302 3892 1360 3942 coa·

211 3977 453 4069 spicinnturn,
479 3979 631 4070 adeoque
654 3979 901 4071 quodammodo
925 4004 947 4046 a
965 3981 1084 4070 priori
1098 3981 1193 4049 ratio
1208 3980 1361 4072 pertinet

211 4093 267 4156 ret
289 4086 333 4156 ad
357 4087 629 4158 intellectionem
651 4094 688 4157 et
712 4088 1039 4158 demonstrationem
1064 4088 1361 4183 Trinitetisperat

211 4218 345 4266 narum.
364 4196 440 4266 Hoc
463 4197 560 4265 modo
583 4219 645 4267 ens
660 4200 883 4265 necessarium
899 4203 955 4267 est
970 4197 1100 4267 rationi
1118 4200 1362 4269 fundamentum

210 4303 434 4395 intelligendi
458 4327 498 4375 ac
522 4304 783 4374 demonstrandi
806 4305 1058 4396 plenitudinem
1074 4307 1301 4397 perfectionis
1318 4302 1361 4371 el

210 4412 368 4502 solutae,
393 4422 498 4506 atqua
522 4413 603 4485 inde
626 4414 777 4486 ulterius
800 4415 955 4486 infertur
984 4415 1106 4486 unitas
1127 4416 1195 4486 Dei
1218 4439 1260 4488 eo
1279 4432 1361 4504 repa·
