3172 4950
603 357 642 373 -
663 325 721 388 491
743 357 782 373 -

192 434 246 499 tto.
264 428 441 513 «Qualem
456 429 584 500 scimus
599 431 845 521 proprietatem
868 427 1101 517 (relationem)
1123 451 1199 500 esse
1211 428 1272 500 ri·

192 537 215 606 d
236 537 400 622 Patrem,
425 537 566 608 eundem
590 538 762 629 Spiritum
786 538 952 607 Sanctum
984 536 1029 604 ad
1051 534 1182 605 Filium
1206 537 1269 605 ha·

208 644 476 734 comperiemus;
506 651 542 715 et
573 643 850 738 quemadmodum
880 641 1130 712 Filimatius:
1156 645 1272 709 ommia

192 750 339 817 ePotris
365 764 467 833 sunt,
496 775 568 818 mea
599 766 677 818 suut
700 750 836 842 (utique
867 771 928 840 par
960 746 1130 838 originem
1154 748 1272 817 imma·

192 879 243 926 em
264 856 352 925 Filii
381 881 403 927 s
431 862 574 947 Patre);
602 862 655 926 ita
680 859 760 925 luceo
782 858 897 923 omnic
914 880 978 946 per
1005 854 1139 924 Filium
1165 857 1270 921 etium

191 966 312 1053 piritu
339 990 405 1034 esse
419 967 512 1057 (pari
534 990 618 1058 ergo
639 966 775 1035 ratione
797 988 859 1055 per
883 963 1053 1053 originem
1082 962 1269 1032 immanen-

191 1108 192 1119 ι
213 1070 425 1161 reperiemus
441 1099 458 1135 ιι
484 1073 534 1160 (1)
557 1071 730 1142 Athanas.
748 1090 802 1160 apg
817 1070 850 1138 3.
866 1070 910 1139 ad
927 1070 1046 1160 Serap.
1061 1092 1096 1137 n.
1113 1068 1146 1136 1.
1175 1068 1272 1170 (Νει-

191 1175 246 1245 dis
271 1171 414 1245 'bonitas
436 1183 472 1247 et
493 1177 691 1248 essentialis
717 1175 886 1247 sanctitas
907 1180 942 1246 et
963 1174 1094 1264 regalis
1117 1173 1275 1262 dignitas

191 1297 329 1373 strepet·
348 1282 570 1374 Unigenitum
595 1286 632 1350 in
664 1285 834 1374 Spiritum
855 1296 1068 1373 permanat»
1094 1280 1206 1349 Basil.
1231 1280 1275 1349 ds

193 1439 202 1458 .
216 1389 345 1460 Sancto
356 1413 386 1460 c.
402 1391 457 1459 18.
471 1415 505 1460 n.
517 1392 574 1460 47.
591 1390 707 1460 rcum
719 1390 875 1481 Spiritus
886 1390 1099 1461 naturaliter
1115 1388 1269 1487 (φυσικως)

190 1496 322 1567 Filium
344 1499 530 1589 procedat,
557 1505 598 1569 ut
614 1500 780 1589 proprius
803 1501 874 1565 eius
889 1499 1057 1588 Spiritus,
1074 1526 1147 1568 cum
1163 1504 1270 1570 omni·

200 1628 290 1696 qaue
310 1606 465 1697 perfecte
488 1608 588 1674 hahet
601 1656 612 1690 ,
637 1609 787 1697 accipere
814 1607 943 1674 dieitur
966 1607 1025 1696 (iu
1056 1607 1274 1700 Scripturis)

190 1734 196 1776 ι
219 1727 300 1779 sunt
327 1714 420 1781 Filii
432 1741 449 1776 n
474 1714 600 1805 cyrill.
616 1715 654 1784 in
667 1715 718 1783 Io.
732 1739 767 1806 p.
782 1714 860 1783 929.
879 1715 957 1784 930.

190 1820 453 1905 >Declaranms
468 1821 719 1913 processionem
743 1822 896 1913 Spiritus
918 1823 1055 1892 aPatre
1066 1846 1127 1915 per
1138 1822 1273 1893 Filium

190 1933 244 2013 nt,
267 1929 454 1999 secundum
477 1929 632 1999 ordinem
652 1930 801 2018 originis
823 1931 917 1999 inter
939 1929 1080 2001 divinas
1108 1952 1273 2022 personas

189 2059 241 2104 um
262 2059 336 2105 esse
351 2037 499 2106 medium
522 2036 765 2109 interPatrem
781 2043 817 2107 et
832 2037 1003 2127 Spiritum
1024 2039 1190 2108 Sanctum
1205 2039 1270 2124 ita,

189 2142 267 2212 olus
289 2142 405 2212 Filius
433 2145 481 2213 sit
503 2165 525 2212 a
547 2144 620 2214 solo
645 2146 773 2229 Patre,
804 2143 959 2234 Spiritus
979 2168 1061 2214 vero
1076 2169 1144 2215 non
1162 2168 1185 2214 a
1200 2146 1273 2214 solo

188 2272 212 2319 ·e
240 2250 343 2319 seda
368 2251 473 2320 Patre
499 2273 559 2342 per
585 2249 740 2338 Filium3
768 2256 872 2342 atqua
899 2250 975 2319 ideo
997 2251 1114 2319 Filius
1130 2251 1179 2321 sit
1193 2274 1272 2342 pro·

188 2378 198 2424 ι
222 2377 264 2424 ex
280 2356 398 2441 Patre,
418 2356 574 2446 Spiritus
596 2379 657 2447 per
680 2357 793 2447 ipsum
816 2356 877 2449 qui
898 2362 953 2425 est
974 2356 1128 2447 proxim0
1150 2380 1192 2427 ex
1208 2360 1272 2427 Pa·

188 2461 288 2530 Unde
310 2461 438 2548 aiunt,
465 2462 619 2532 ordinem
641 2484 715 2532 esse
738 2462 831 2532 inter
846 2483 1021 2553 personas,
1039 2469 1080 2531 ut
1098 2493 1114 2526 u
1128 2463 1202 2531 sola
1219 2487 1272 2533 co·

188 2569 281 2638 lione
302 2568 481 2637 secundum
511 2571 679 2637 rationem
703 2572 879 2660 principii
908 2569 1025 2638 Filius
1058 2568 1276 2661 praeintelliss

187 2704 214 2748 ιι
236 2677 420 2769 hypostasi
437 2677 592 2768 Spiritus
615 2677 768 2751 Sanctio
795 2677 916 2767 (Nyss.
940 2686 1050 2747 contr.
1072 2680 1223 2748 Eunom.
1237 2678 1269 2747 Ι.

187 2786 267 2871 i4.),
292 2793 395 2877 atque
412 2784 477 2854 hoo
493 2806 596 2854 sensu
612 2783 845 2855 characterem
862 2786 1077 2875 personalem
1094 2784 1272 2877 proprium

187 2893 268 2962 itus
291 2890 514 2977 Ssnctiesse,
533 2892 623 2984 quod
649 2920 666 2955 u
679 2898 758 2983 post
779 2892 911 2961 Filium
934 2899 969 2961 et
998 2915 1075 2962 cum
1104 2893 1179 2983 ipso
1202 2915 1272 2961 ma-

187 3007 322 3086 statur,
347 3022 388 3069 ao
409 3000 526 3069 Filius
549 3022 610 3090 per
632 3022 669 3068 se
692 2998 805 3089 ipsum
827 3004 864 3068 et
879 3022 993 3069 secum
1007 2999 1083 3089 ipso
1100 2999 1272 3090 Spiritum

187 3108 342 3178 ifestutn
369 3107 493 3194 (Basil.
508 3131 561 3197 ep.
576 3107 631 3175 38.
647 3106 695 3175 al.
706 3108 762 3175 43.
777 3131 812 3176 n.
822 3107 886 3195 4.).
908 3105 976 3177 Sed
993 3108 1034 3177 de
1050 3107 1116 3178 hec
1126 3108 1272 3177 Patrum

188 3216 271 3286 rina
292 3216 441 3284 inferius
464 3238 616 3284 seorsum
639 3235 794 3306 agemus.

186 3325 214 3410 l)
237 3322 517 3412 comparationes
540 3344 678 3406 omnes,
705 3320 832 3413 quibus
855 3320 918 3390 SS.
943 3322 1110 3391 Doctores
1139 3345 1273 3412 proees-

185 3455 238 3501 em
261 3429 416 3519 Spiritus
438 3452 480 3497 ex
503 3429 608 3497 Patre
629 3451 691 3518 per
702 3427 834 3496 Filium
857 3430 1057 3521 frequenter
1073 3428 1269 3516 illustrant,

185 3541 273 3609 bant
295 3537 465 3627 Spiritum
489 3536 654 3605 Sanctum
684 3536 922 3625 procedentem
946 3557 1053 3628 aequa
1081 3558 1123 3604 ax
1146 3535 1266 3621 Filio,

185 3654 225 3717 ut
247 3644 352 3715 simul
376 3644 561 3713 ostendant
583 3644 752 3712 virtutem
776 3643 995 3733 spiratricem
1017 3664 1092 3710 essa
1120 3641 1156 3707 in
1178 3641 1272 3710 Filio

185 3752 394 3823 muniostsm
417 3774 438 3819 a
461 3753 577 3821 Patre.
606 3781 623 3816 u
636 3753 741 3820 Pater
764 3758 818 3821 est-
833 3751 897 3836 sol,
915 3751 1031 3819 Filius
1046 3749 1180 3833 radius,
1195 3747 1270 3838 Spi-

184 3886 199 3931 s
223 3861 385 3951 splendor
399 3883 430 3948 n;
459 3888 476 3923 ι
490 3860 594 3929 Pater
617 3861 718 3946 fons,
743 3859 859 3928 Filius
881 3859 1025 3943 fluvius,
1052 3857 1208 3948 Spiritus
1223 3856 1271 3925 ri-

187 3994 197 4059 ;
223 3968 283 4040 vel
304 3969 409 4055 Batsr
436 3966 636 4057 scaturigo,
660 3966 777 4036 Filius
804 3969 905 4051 fons,
939 3965 1096 4057 Spiritus
1126 3987 1217 4058 aqua
1230 3988 1269 4052 »3

184 4152 203 4228 )
218 4154 294 4209 'Ouum
312 4173 363 4226 γαρ
379 4153 493 4223 ipseper
505 4150 628 4210 iiaornroe
642 4170 688 4205 rou
701 4150 757 4207 dms
780 4169 842 4222 προς
859 4170 903 4204 τοι
920 4169 1031 4222 suropo,
1042 4168 1140 4208 ταυτην
1152 4148 1227 4220 ἔχων
1242 4162 1272 4200 το

184 4268 213 4300 ια
225 4263 291 4316 προς
311 4263 354 4297 τοι
376 4243 429 4300 deor
442 4242 591 4314 ἐυρησομιν·
603 4262 646 4296 και
664 4239 698 4303 ὥς
719 4239 733 4296 o'
747 4239 802 4303 ὄιος
819 4245 901 4312 lepor,
912 4261 1004 4295 carru
1022 4239 1076 4294 ὅσα
1087 4237 1142 4311 lxm
1157 4236 1170 4290 ὅ
1183 4256 1272 4308 πατήρ

186 4354 255 4400 στιν,
267 4333 347 4396 ὄντας
367 4352 453 4387 raom
472 4352 561 4388 ταντα
576 4336 620 4386 δια
638 4350 684 4385 του
706 4329 762 4387 ὖιου
780 4328 926 4402 ιὐρησομιι
949 4330 1014 4384 ὄντα
1036 4349 1080 4382 και
1100 4325 1126 4381 ir
1144 4346 1178 4396 ep
1198 4344 1274 4381 noo·
