3172 4950
674 357 712 377 ..
734 326 795 390 209
815 358 853 374 -

234 436 359 530 Neque
382 432 491 507 eiiam
515 435 640 506 stricto
663 456 766 504 sensu
790 416 1034 526 appropriatio
1051 439 1117 519 eet,
1137 435 1275 527 quando
1290 458 1349 505 no·

186 570 270 631 nen,
297 545 391 639 quod
414 567 478 637 per
501 567 537 614 se
560 543 740 635 significat
756 542 969 612 attributum
991 543 1191 612 absolutum
1220 543 1350 615 habens

186 653 414 745 agnationem
438 675 517 722 cnm
550 651 765 742 proprietate
797 650 992 741 personali,
1027 650 1216 720 adhibetur
1247 675 1350 722 senen

186 763 324 833 relativo
346 760 392 829 ed
416 760 529 851 ipsam
551 780 731 848 personam
746 758 1020 849 designandam,
1046 765 1087 828 ut
1110 760 1246 851 quando
1265 761 1351 831 Ver·

187 868 254 939 bum
275 868 410 938 dieitur
428 865 610 957 Sapientia
624 866 757 956 genita,
777 865 834 935 vel
850 864 1031 957 Sapientia
1047 867 1252 957 subsistene;
1272 867 1349 960 Spi-

191 977 265 1047 ritus
287 975 442 1045 Sanetus
465 995 561 1043 amor
584 973 642 1042 vel
666 971 833 1043 voluntas
856 973 1046 1063 procedens
1061 978 1125 1042 ant
1140 975 1347 1046 subsistens.

192 1084 267 1156 liaeo
287 1107 358 1153 non
381 1089 465 1153 sunt
488 1085 719 1175 appropriata
736 1083 794 1153 sed
806 1084 970 1173 propria;
986 1076 1202 1176 nequeenim
1219 1083 1276 1153 his
1291 1107 1349 1153 no

195 1192 321 1261 niuibus
345 1190 560 1260 attributum
583 1212 761 1260 eommune
784 1188 848 1258 nni
863 1212 1030 1279 personae
1062 1189 1250 1281 specialius
1280 1192 1349 1261 ad-

196 1300 364 1385 scribitur,
402 1297 463 1368 sed
496 1297 574 1388 ipsa
608 1297 805 1390 proprietas
834 1297 1029 1389 personalis
1055 1298 1209 1368 relativa
1234 1300 1348 1391 expri-

197 1408 293 1478 nitur.

244 1514 353 1585 Sensu
376 1516 502 1585 stricto
524 1515 643 1607 itaque
667 1516 910 1606 appropriatio
933 1521 1001 1601 est,
1021 1515 1158 1608 quando
1173 1515 1349 1585 attributa

201 1621 238 1692 rel
256 1622 471 1715 operationes
494 1622 539 1697 ad
562 1628 663 1691 antra
686 1644 881 1692 eommunes
905 1622 1020 1691 tribue
1035 1621 1192 1712 personis
1214 1622 1348 1712 praedi·

202 1737 299 1801 untur
320 1729 524 1822 specialiter
545 1729 588 1798 de
610 1751 680 1800 nna
702 1752 861 1822 persona,
882 1735 923 1799 ut
946 1753 988 1799 ex
1010 1730 1078 1799 tali
1101 1730 1274 1801 attributo
1292 1732 1349 1801 vel

202 1840 372 1930 opuntione
395 1839 608 1909 deducamur
631 1840 675 1908 ad
698 1839 971 1910 intellectionem
987 1840 1141 1934 aliquam
1157 1840 1348 1933 proprieta-

202 1947 450 2041 ispersonalis.
465 1947 533 2018 Hio
548 1970 695 2041 nemque
717 1955 772 2017 est
795 1971 918 2039 scopus
940 1949 1248 2040 appropriatiouis.
1270 1949 1349 2018 uOb

203 2050 243 2127 bc
269 2056 362 2126 euim
389 2056 557 2149 quaedam
589 2056 665 2125 sive
688 2057 753 2125 sub
775 2057 916 2143 Patris,
942 2057 1018 2126 sive
1049 2058 1114 2126 sub
1135 2057 1248 2143 Filii,
1273 2058 1348 2128 eive

203 2162 409 2256 anpiritus
432 2163 555 2234 Sancti
577 2163 811 2255 appellatione
835 2171 1068 2255 promuntur,
1102 2171 1144 2234 ut
1177 2166 1348 2236 confessio

202 2272 386 2344 Montium
410 2274 448 2343 in
471 2273 647 2343 Trinitate
670 2296 738 2343 non
760 2279 866 2343 erret.
886 2273 984 2358 Quae
1007 2297 1085 2344 oum
1108 2274 1157 2345 eit
1173 2275 1348 2366 insepara-

201 2374 278 2469 tiis,
302 2404 492 2476 numquam
515 2383 779 2474 intelligeretur
802 2383 975 2469 Trinitas,
1002 2384 1034 2452 si
1056 2407 1191 2473 semper
1213 2384 1348 2473 insepa-

196 2488 334 2560 rabiliter
347 2489 524 2561 diceretur
537 2518 554 2553 r
570 2491 607 2561 S.
620 2491 691 2560 Leo
702 2491 750 2560 Μ.
766 2480 870 2559 serm'.
886 2491 919 2560 2.
931 2492 972 2561 de
981 2491 1119 2560 Penteo.
1135 2515 1165 2561 o.
1180 2491 1214 2559 d.
1237 2491 1348 2574 Quem

194 2599 316 2669 uadem
332 2620 474 2688 soopnm
490 2597 646 2668 declarat
661 2597 699 2668 S.
718 2597 881 2666 Thomas:
904 2599 1029 2668 «siout
1040 2597 1272 2668 similitudine
1290 2622 1346 2669 ve-

189 2705 274 2797 sagii
296 2707 356 2777 vel
378 2707 546 2799 imaginis
568 2707 606 2775 in
636 2707 810 2801 creaturis
832 2708 979 2776 inventa
1005 2708 1140 2776 utimur
1163 2706 1207 2776 ad
1231 2706 1348 2775 meni-

189 2805 397 2886 menonem
432 2816 633 2886 divinarum
667 2838 916 2908 personarum,
953 2816 1007 2885 ita
1041 2821 1077 2886 et
1100 2814 1348 2885 essentialibus

189 2922 370 2994 ²ltributis.
380 2924 431 2994 Et
452 2924 539 2995 haec
554 2926 793 2996 manifestatio
809 2948 1036 3018 personarum
1059 2948 1121 3017 per
1144 2923 1348 2995 essentialia

189 3031 348 3102 aribone
371 3038 615 3126 appropriatio
639 3035 803 3106 diuiturr
831 3035 863 3104 1.
880 3061 914 3129 q.
932 3034 989 3105 39.
1004 3057 1037 3104 a.
1054 3037 1087 3103 7.

243 3142 333 3214 Hine
355 3148 455 3234 patet
476 3143 534 3212 lex
558 3165 620 3212 seu
642 3143 908 3213 fundamentum
923 3140 1234 3233 appropriationis.
1252 3141 1346 3210 Fun·

190 3240 372 3321 &mentum
397 3250 534 3321 scilieet
556 3256 610 3320 est
632 3251 796 3341 analogia
819 3274 880 3322 seu
903 3250 1097 3320 similitudo
1121 3249 1348 3343 quorumdam

192 3352 412 3428 tbsolutornm
425 3359 679 3429 attributorum
688 3382 765 3427 oum
778 3359 990 3450 proprietate
1004 3357 1230 3450 hypostatica
1243 3357 1348 3426 unius

195 3476 339 3547 mnae
354 3489 438 3559 prae
454 3467 537 3536 aliie
553 3467 615 3555 (1).
635 3466 716 3538 Nisi
732 3468 824 3537 enim
840 3467 933 3539 inter
948 3467 1196 3558 proprietatem
1212 3465 1347 3536 ethaeo

251 3630 288 3703 (1)
304 3632 444 3698 Quoniam
461 3633 618 3701 Dionysius
630 3636 717 3700 vulgo
729 3634 904 3703 Areopagita
923 3633 1017 3687 dictus
1032 3633 1172 3701 duplicem
1187 3630 1281 3686 trudit
1293 3645 1349 3684 mo·

201 3714 248 3777 lu
263 3727 505 3780 manifestationis
517 3726 717 3793 mysteriorum
737 3742 789 3793 per
807 3726 946 3793 symbola,
968 3746 981 3773 a
994 3740 1112 3793 qnorum
1127 3740 1200 3777 unus
1220 3722 1345 3792 quidem,

202 3816 276 3882 itaer
288 3822 343 3882 ast,
362 3816 528 3885 persimiles
541 3832 684 3870 sacrarum
703 3817 860 3882 flgnrurnm
880 3817 1020 3882 imagines
1032 3815 1169 3883 procedit,
1189 3818 1265 3869 ulter
1279 3829 1346 3868 vero

203 3912 237 3965 ter
250 3906 390 3960 dissimiles
407 3907 563 3972 figurarum
582 3908 784 3960 affirmationes
804 3906 838 3961 e'd
858 3907 1046 3960 omnimodam
1077 3904 1346 3958 dlssimilitndinem

203 3992 443 4064 tdleereurntiam
463 4000 631 4065 effingitur»
652 3994 788 4068 (coelest.
800 3998 950 4050 Hierarch.
966 4015 989 4051 c.
1002 4000 1028 4050 2.
1042 4015 1070 4050 n.
1080 3991 1118 4066 8);
1134 3994 1201 4048 iude
1214 3996 1300 4048 etlam
1316 3995 1346 4049 in

202 4088 427 4155 proprindere,
449 4104 520 4156 quae
539 4090 626 4143 hebet
645 4090 811 4141 nonnullam
832 4088 993 4153 analogiam
1017 4103 1077 4141 cum
1104 4086 1251 4152 theologie
1274 4102 1346 4151 sym·

200 4170 278 4247 balles,
296 4181 390 4249 aliqui
410 4181 564 4247 Doctores·
576 4181 606 4235 s.
617 4183 748 4247 Thomas,
769 4181 799 4234 S.
814 4181 1018 4233 Bonaventura
1037 4181 1058 4233 l.
1076 4196 1100 4233 o.
1111 4178 1249 4232 ilbertus
1268 4178 1306 4231 11.
1319 4179 1345 4231 1.

197 4268 264 4333 biti.
277 4286 314 4325 ι.
328 4272 366 4339 1.,
377 4270 615 4326 Alexanderllel.
627 4273 653 4326 1.
666 4290 695 4341 q.
707 4272 751 4325 67.
764 4288 801 4324 m.
814 4272 841 4324 3.
858 4288 884 4325 u.
899 4272 925 4323 l.
937 4274 1051 4338 praeter
1064 4268 1296 4334 similitudinem,
1312 4267 1346 4321 de

195 4360 275 4423 §niu
293 4350 375 4416 textu
394 4362 557 4430 loquimur,
577 4363 719 4416 inducunt
737 4366 770 4416 ut
789 4364 911 4416 alterum
931 4361 1148 4415 tundamentum
1162 4358 1345 4412 dissimilitu-

191 4443 278 4505 dinem.
294 4453 445 4506 «Possunt
461 4452 643 4508 manifestari
661 4468 800 4521 personae
813 4452 929 4506 diuinae
943 4467 993 4520 por
1011 4449 1182 4506 essentialis
1200 4447 1344 4501 attributa
