3172 4950
706 126 745 144 -
767 93 829 157 452
848 125 887 143 -

208 206 247 271 in
270 203 407 295 Spiritu
430 204 567 273 Sosclo.
670 200 764 284 Quia
795 199 887 270 enim
918 219 1011 269 uuus
1040 202 1097 269 est
1124 197 1237 269 Filius
1252 202 1337 294 quiet

207 313 333 382 vivens
355 318 411 381 est
433 311 599 394 Verbum,
625 331 729 377 nnam
753 331 887 401 quoque
910 331 986 378 esse
1007 331 1148 379 necesse
1170 316 1224 378 est
1244 311 1338 400 perfec·

208 429 281 489 tam
303 427 339 488 et
361 419 522 509 plenum,
548 417 824 486 sanctificantem
848 424 885 485 et
907 416 1180 503 illuminantem,
1204 417 1341 487 uirentem

210 531 281 596 eins
303 531 464 594 oirlolem
489 542 520 592 cl
544 525 667 592 closum
695 520 853 616 (isepperas
879 520 971 589 αὐτευ
987 549 1039 587 aas
1055 520 1200 616 clorpcas),
1224 524 1300 620 quoii
1314 548 1342 592 ea

209 636 317 705 Polre
339 634 515 724 procedere
538 632 691 711 dicitur,
718 637 803 723 qnia
827 657 849 697 o
875 634 979 699 Verbo
1003 632 1096 724 qaod
1122 657 1165 701 es·
1188 635 1285 703 Potre
1301 654 1344 699 oa
1368 662 1372 671 ·

210 742 427 824 conceditur,
453 742 619 830 effrrlpcl,
645 755 676 806 et
699 743 878 821 mittitur,
903 756 935 807 et
959 739 1065 807 dolor
1103 740 1181 829 (ἡτις
1209 738 1240 806 ὲκ
1267 763 1345 830 arpa·

210 850 329 949 impersit
348 857 581 952 ἑκπιρευεσὲκι,
595 852 697 926 ἐπειδη
717 881 799 949 παρα
813 880 864 922 τευ
879 855 967 943 iopen
980 881 1032 922 can
1046 856 1080 925 ἑκ
1095 882 1207 950 sarpa
1224 856 1345 947 ipelrplr·

208 992 297 1056 pesco
311 966 474 1054 inlapsis,
495 992 546 1031 aar
571 964 806 1041 dnlcedinem,
838 989 889 1028 sac
906 958 1048 1053 illotas).
1074 967 1192 1036 Filius
1214 967 1347 1062 quippei

208 1078 314 1147 Patre
338 1077 518 1146 mittitur:
551 1076 602 1144 sio
625 1075 728 1156 enim,
755 1073 894 1165 inquit,
922 1074 1016 1143 Deus
1046 1074 1176 1145 dilexit
1206 1075 1346 1159 mundun,

209 1194 251 1255 ut
272 1185 404 1255 Filium
435 1209 536 1253 suum
570 1184 792 1274 unigenitum
823 1184 980 1251 mitteret
1012 1182 1244 1271 (insaniem
1264 1183 1348 1254 Pilius

209 1302 326 1363 antem
344 1294 456 1362 mittit
472 1293 644 1384 Spiritum
662 1293 849 1361 Sanctum:
876 1292 1036 1375 sienim,
1062 1293 1195 1385 inquit,
1212 1317 1272 1384 ego
1285 1292 1347 1362 elic·

209 1424 260 1487 ro,
287 1403 423 1470 mittam
447 1401 692 1486 Paracletum;
718 1400 834 1469 Filius
859 1400 940 1469 item
966 1401 1106 1469 Patrem
1129 1402 1303 1485 clarificat,
1313 1401 1347 1469 l·

210 1534 312 1581 cens:
349 1533 413 1600 ego
435 1519 471 1579 te
495 1509 714 1594 clarificavi3
741 1508 898 1598 Spiritus
922 1531 1005 1577 vero
1029 1508 1207 1579 clarificat
1226 1510 1345 1579 Filium:

210 1618 272 1688 ille
295 1617 410 1701 euim,
444 1617 584 1710 iuquit,
619 1638 671 1684 me
695 1616 926 1702 clarificabit3
960 1624 1148 1707 praeterea
1170 1619 1281 1688 Filius
1298 1617 1347 1687 sit:

211 1748 298 1819 qnae
322 1726 443 1794 audivi
468 1748 489 1792 a
514 1726 629 1809 Patre,
656 1725 740 1793 haee
764 1724 887 1816 loquor
911 1726 947 1793 in
972 1725 1119 1813 mundo;
1146 1727 1293 1818 Spiritus
1307 1746 1349 1795 aa·

209 1842 278 1904 tem
302 1855 324 1900 a
345 1833 440 1901 Filio
463 1834 613 1923 accipit:
640 1832 681 1901 cle
705 1855 777 1900 rneo
801 1832 905 1915 enim,
931 1833 1070 1924 inquit,
1096 1835 1245 1924 accipiet
1264 1842 1295 1903 et
1309 1854 1349 1899 an·

209 1940 390 2011 nuntiabit
406 1941 515 2025 vobis3
532 1940 673 2029 insuper
688 1939 805 2007 Filius
822 1936 920 2009 venit
939 1939 975 2007 in
998 1941 1136 2009 nomine
1148 1940 1272 2027 Patris;
1286 1939 1349 2030 peri·

209 2056 265 2118 ter
287 2048 393 2118 etiam
409 2048 451 2116 de
469 2048 608 2136 Spiritu
636 2047 766 2116 Sancto
789 2047 842 2116 ait
864 2049 994 2118 Filius:
1022 2072 1123 2141 quem
1140 2051 1257 2120 mittet
1276 2049 1349 2117 Prie

210 2158 247 2230 in
271 2158 408 2227 nomine
433 2180 517 2226 meo,
540 2157 624 2226 Cum
650 2160 762 2247 ipitor
785 2157 923 2224 eundem
946 2158 1100 2225 ordinem
1124 2175 1159 2226 el
1174 2158 1350 2227 mudasc-

211 2281 324 2333 lsrom
348 2265 503 2350 (eandem
528 2266 775 2355 proprietatem
799 2287 840 2333 ac
863 2265 1067 2335 relationem
1091 2267 1294 2351 naturalem)
1311 2264 1351 2329 ia·

211 2375 287 2443 leot
310 2375 465 2462 Spiritus
488 2373 534 2439 od
557 2375 703 2452 Filium,
729 2374 865 2465 qualem
889 2376 989 2441 lrobct
1012 2376 1129 2443 Filius
1153 2375 1200 2442 od
1222 2377 1352 2451 Palm,

210 2481 377 2576 quomodo
400 2481 460 2572 qui
489 2480 662 2570 Spiritum
686 2481 774 2550 licit
797 2487 1006 2567 creaturam,
1031 2505 1101 2551 non
1125 2483 1215 2552 illem
1232 2498 1354 2552 uectat·

208 2589 262 2659 rio
285 2589 325 2657 de
349 2588 443 2657 Filio
467 2587 627 2656 sentiat?
657 2591 697 2656 si
719 2593 808 2654 enim
832 2591 987 2678 Spiritus
1011 2591 1104 2657 Filii
1127 2606 1178 2657 est
1200 2605 1352 2659 creolsra,

209 2720 410 2789 corrupimus
433 2699 513 2778 erit,
531 2711 569 2760 ul
586 2711 617 2761 et
636 2698 775 2763 Verbum
800 2698 921 2765 Patris
944 2713 1140 2765 creaturam
1165 2698 1278 2767 dicarat
1292 2724 1305 2758 r
1317 2694 1355 2781 (l)

209 2806 382 2876 Athenas.
401 2829 455 2896 ep.
473 2806 504 2873 I.
523 2805 567 2873 acl
584 2806 705 2895 Serap.
725 2829 760 2877 u.
782 2805 893 2874 19-21.

263 2971 306 3046 (1)
324 2974 412 3028 Totus
433 2976 511 3027 locus
531 2978 561 3026 et
580 2974 747 3026 nominatim
769 2975 902 3027 ultimum
923 2976 976 3027 hoc
991 2976 1114 3028 incisum
1133 2976 1271 3043 patelpcit
1283 2975 1359 3029 slsu-

210 3065 330 3118 dilatem
347 3064 607 3129 Schismaticmnm,
621 3066 669 3132 qni
681 3066 711 3118 in
722 3064 872 3132 Scriptura
885 3069 914 3117 et
927 3066 981 3118 1³1³.
993 3067 1130 3130 Spiritum
1142 3067 1218 3117 Filii
1233 3066 1287 3120 dici
1297 3062 1361 3117 aiant

210 3155 256 3208 rel
279 3156 369 3208 solnm
389 3155 424 3206 ob
441 3156 775 3208 consubstantialitatem
796 3156 841 3207 vel
863 3156 898 3207 ob
917 3156 1082 3208 missionem
1099 3155 1134 3207 ad
1150 3161 1243 3219 satra,
1258 3152 1357 3223 quiris·

208 3243 342 3299 eluctatur
360 3243 477 3296 iuterna
496 3245 674 3311 processioa
694 3245 781 3296 Filio.
810 3244 988 3297 Athanasius
1007 3246 1084 3296 euim
1105 3246 1142 3296 1·.
1164 3246 1267 3311 argute
1286 3239 1359 3296 solu

211 3349 295 3389 sensu
325 3334 382 3387 dici
412 3335 546 3402 Spiritum
567 3335 659 3396 Filii,
683 3350 739 3401 quo
760 3334 867 3388 licitur
889 3336 1008 3386 Variam
1031 3336 1145 3397 Polo-ia,-
1165 3336 1247 3403 alqui
1267 3332 1361 3387 Virta·

209 3424 307 3478 Patria
326 3425 434 3480 dicitnr
454 3424 576 3477 relativo
595 3424 708 3475 rationo
729 3425 861 3489 originis,
888 3424 1026 3478 videlicet
1050 3425 1176 3479 Verbum
1199 3424 1366 3493 procederae

208 3514 315 3581 Patro;
338 3530 404 3578 orgo
423 3512 517 3566 eodem
540 3527 625 3564 sensu
651 3512 775 3566 relativo
795 3512 902 3566 dicitur
922 3515 1046 3579 Spiritus
1065 3516 1151 3567 Filii.
1176 3515 1255 3570 Unde
1272 3508 1363 3568 nisi

210 3606 310 3671 gnalto
328 3605 396 3656 hacc
414 3604 535 3669 Spiritus
553 3604 629 3654 Filii
648 3619 703 3655 nou
725 3604 869 3668 signifieat
898 3606 1106 3672 processionem
1135 3621 1187 3673 per
1204 3602 1365 3658 communica·

209 3696 317 3749 tionem
336 3697 456 3746 naturae
475 3693 602 3757 «livinae,
623 3695 884 3762 consequemini,
911 3699 944 3746 nt
963 3710 1054 3762 neque
1085 3689 1244 3762 appellatio
1267 3695 1371 3746 Veris»

210 3784 308 3838 Patris
335 3785 478 3850 significet
499 3784 704 3852 processionem
728 3800 778 3850 per
797 3785 1079 3838 communicationem
1103 3791 1235 3839 naturae.
1259 3785 1368 3839 ciima-

210 3878 272 3931 sius
292 3891 358 3941 crgo
380 3891 413 3926 ca
436 3877 560 3942 paritate
582 3877 726 3927 nominum
746 3874 868 3939 Spirilm
882 3874 965 3934 Filii,
986 3876 1103 3926 l'ertam
1119 3876 1223 3939 Patris,
1243 3878 1371 3945 quomm-

210 3982 264 4036 quc
284 3966 353 4018 orclo
372 3982 403 4018 ac
422 3966 526 4019 relatio
546 3981 683 4032 personae
703 3965 738 4018 ad
765 3980 912 4031 personam
939 3969 972 4016 nl
993 3965 1028 4017 sl
1053 3981 1134 4019 snum
1157 3967 1315 4035 principium
1331 3957 1366 4012 ll·

208 4058 369 4124 guiflcatnr,
391 4062 621 4122 argumentatur.
646 4057 693 4108 rel
715 4063 837 4122 utroque
860 4056 906 4108 vel
930 4060 1032 4108 neutro
1053 4056 1212 4123 significari
1234 4048 1365 4125 prostitit·

207 4163 271 4202 nem
292 4164 342 4217 per
363 4149 645 4202 communicationem
669 4147 850 4200 substantiae
873 4146 1001 4201 divinae:
1020 4148 1265 4203 Pueumatonarhi
1282 4144 1306 4200 tl
1322 4152 1358 4192 lt·

209 4243 280 4304 gant
299 4238 333 4292 ie
348 4237 457 4305 Spiritu
471 4237 546 4288 Filii
565 4251 647 4305 quem
668 4234 769 4291 dicunt
788 4241 958 4305 creaturam,
974 4252 1041 4304 erto
1060 4252 1112 4292 nec
1124 4223 1358 4307 manuscritti
