3172 4950
865 322 903 336 -
927 290 986 352 112
1006 323 1044 337 -

368 397 533 467 lationem
557 397 660 466 Pauli
684 395 924 485 Samosateni,
952 398 1012 489 qui
1035 398 1073 466 in
1096 395 1239 487 Synodo
1260 402 1297 467 et
1312 395 1456 482 iudicio,
1483 397 1542 490 qui

368 508 495 601 ubique
519 512 601 574 sunt
633 505 907 596 Episcoporum,
941 507 984 574 ab
1007 505 1166 576 Ecclesia
1188 513 1244 575 est
1274 507 1442 576 ciectus»
1470 512 1535 575 eto.

370 610 552 699 Queritur,
578 614 668 706 quod
684 614 794 684 Arius
806 621 843 682 et
853 614 968 683 adhuc
984 615 1086 706 pauci
1102 616 1178 685 eius
1191 620 1383 684 sectatores
1403 620 1542 684 ctotam

369 723 594 814 apostolicam
618 724 765 813 gloriam
789 723 1073 794 calumniantes»
1091 724 1316 795 divinitatem
1337 722 1475 792 Christi
1490 745 1542 792 ne

371 830 484 921 gando
511 861 527 896 c
545 831 685 922 impiam
710 831 917 901 Iudaeorum
940 839 976 900 et
998 832 1185 922 gentilium
1201 832 1242 902 de
1258 831 1402 926 Christo
1415 831 1543 923 opinio

370 962 447 1008 nem
472 938 676 1006 confirmant
690 966 706 999 n
731 938 779 1006 ib.
799 962 834 1028 p.
850 937 927 1007 525.
946 939 988 1006 In
1005 940 1118 1008 altera
1141 938 1290 1031 epistola
1302 938 1347 1008 ad
1360 939 1544 1008 universos

369 1045 561 1136 Episcopos
575 1044 700 1113 scribit
711 1045 911 1144 Alexander
928 1070 1005 1115 cum
1022 1070 1083 1116 suo
1101 1046 1267 1115 Concilio:
1288 1076 1304 1110 c
1320 1045 1453 1139 multae
1471 1047 1543 1139 qui·

372 1154 575 1223 demetiam
606 1161 687 1223 aute
719 1153 782 1222 hos
812 1155 979 1225 exstitere
1002 1155 1181 1240 haereses,
1216 1148 1304 1247 quaa
1327 1154 1409 1246 plus
1437 1177 1544 1248 aequo

369 1261 517 1330 audaces
540 1260 578 1329 in
602 1260 808 1330 dementiam
833 1262 951 1351 lapsae
975 1268 1068 1330 sunt.
1095 1261 1144 1330 Hi
1167 1285 1249 1330 vero
1285 1263 1446 1331 omnibus
1470 1261 1541 1330 suis

370 1369 662 1438 senteutiuncuiis
684 1368 865 1437 molientes
900 1369 1159 1439 subversionem
1194 1368 1399 1440 divinitatis
1422 1369 1542 1453 Verbi,

369 1482 490 1569 utpote
513 1476 775 1568 propinquiores
798 1475 1020 1545 Antichristo
1051 1476 1298 1568 quodammodo
1329 1476 1413 1546 illas
1443 1475 1542 1546 iusti·

369 1585 576 1672 ficaverunt;
588 1590 798 1676 quapropter
812 1583 1028 1652 condemnati
1043 1590 1079 1652 et
1094 1585 1197 1653 recisi
1214 1590 1296 1652 sunt
1311 1585 1355 1652 ab
1367 1583 1539 1654 Ecclesia.

369 1693 533 1761 Dolemus
556 1691 693 1784 quidem
725 1692 806 1775 hos,
833 1691 894 1782 qui
917 1690 1044 1780 stipsi
1068 1691 1229 1761 doctrina
1258 1691 1440 1762 Ecclesiae
1464 1691 1544 1760 olim

370 1801 497 1870 imbuti
520 1808 632 1885 erant,
657 1801 726 1868 iam
751 1800 794 1866 ab
817 1821 857 1867 ea
881 1799 1103 1869 descivisse»
1131 1806 1196 1870 etc.
1211 1828 1214 1831 ·
1229 1806 1242 1888 (
1257 1800 1345 1890 Opp.
1364 1799 1539 1868 Athenas.

372 1908 413 1978 T.
433 1908 463 1978 Ι.
482 1932 517 1998 p.
537 1907 603 1975 399
616 1913 641 1993 ).
669 1938 686 1972 c
701 1909 789 1991 Quis
805 1929 979 2000 umquam,
998 1908 1182 1994 exclamat,
1200 1909 1291 1977 talia
1307 1907 1468 1979 audivit?
1484 1915 1545 1977 aut

370 2017 449 2109 quis
471 2039 563 2085 nunc
586 2016 731 2085 audiens
754 2039 822 2084 non
839 2016 1060 2106 obstupescat
1074 2022 1111 2085 st
1125 2038 1228 2085 aures
1245 2017 1419 2101 obstruat,
1439 2021 1481 2085 ut
1497 2038 1539 2085 ne

369 2124 496 2193 talium
509 2126 692 2194 verborum
706 2124 824 2192 sordes
832 2124 993 2193 auditum
1003 2124 1257 2193 contaminent?
1269 2152 1285 2187 n
1298 2123 1539 2215 stc.ib.p.398.

436 2231 646 2302 Consensum
676 2232 910 2301 universalem
943 2231 1167 2301 manifestum
1197 2231 1429 2301 reddiderunt
1451 2232 1544 2324 Epi-

371 2341 465 2431 scopi
481 2342 550 2409 iam
566 2346 647 2409 ante
662 2339 856 2408 Concilium
868 2340 1060 2410 Nicaenum
1075 2338 1208 2409 litteris
1221 2339 1364 2430 scriptis
1375 2340 1420 2410 ad
1437 2341 1543 2410 Alex-

369 2449 529 2533 andrum,
544 2455 586 2517 ut
600 2448 673 2538 ipse
690 2453 844 2516 testatur
859 2447 897 2515 in
913 2470 967 2539 ep.
986 2447 1030 2516 ad
1047 2448 1282 2537 cognominem
1298 2446 1541 2518 Consmntino-

370 2557 563 2649 politanum
573 2557 636 2644 (1),
649 2579 727 2624 cum
739 2578 806 2624 non
819 2555 891 2622 nisi
907 2555 1108 2645 paucissimi
1125 2555 1219 2648 iique
1235 2555 1303 2645 ipsi
1320 2556 1385 2624 sub
1398 2557 1543 2626 vocibus

369 2665 543 2754 ambiguis
566 2663 738 2733 haeresim
761 2663 1066 2732 dissimulantibus
1089 2663 1178 2732 Ario
1200 2666 1373 2751 faverent,
1393 2665 1542 2733 maxims

370 2796 452 2843 vero
468 2795 654 2842 consensus
670 2771 863 2840 clarissime
880 2772 997 2862 patuit
1013 2772 1050 2839 in
1067 2763 1142 2862 ipso
1157 2771 1322 2840 Concilio.
1346 2800 1361 2835 u
1377 2771 1542 2864 Episcopi

370 2881 430 2974 qui
453 2881 534 2970 plus
556 2880 672 2948 miuus
695 2878 1124 2964 trecenticonvsnerant,
1159 2880 1277 2972 inquit
1297 2879 1539 2966 Athanasius,

370 2993 547 3057 mansuete
562 3009 603 3056 ac
618 2987 881 3078 perhumaniter
892 2987 936 3054 ab
951 2986 997 3054 iis
1009 2985 1247 3078 postularunt,
1262 2993 1304 3056 ut
1316 3007 1398 3055 suae
1412 2987 1542 3056 doctri·

369 3117 435 3164 nae
446 3095 618 3163 rationem
633 3094 818 3165 redderent
829 3099 865 3163 et
877 3094 954 3184 pias
967 3094 1289 3163 demonstrationes.
1305 3093 1376 3176 Qui
1388 3101 1432 3163 ut
1447 3095 1541 3188 ioqui

369 3208 567 3294 coeperunt,
585 3202 685 3292 digni
703 3203 984 3273 condemnatione
1001 3201 1113 3270 habiti
1130 3208 1225 3304 sunt,
1244 3200 1380 3293 ipsique
1396 3202 1492 3271 inter
1507 3225 1542 3270 se

368 3311 643 3398 altercabantur,
662 3312 875 3382 stridentes
898 3310 1176 3380 inextricabilem
1204 3333 1286 3380 suae
1313 3311 1473 3382 haeresis
1487 3312 1540 3380 ab

369 3420 579 3490 surditatem
598 3421 687 3489 muti
703 3419 1153 3511 permanebant...Abolitis
1168 3419 1286 3511 itaque
1303 3419 1486 3488 vocabulis
1500 3419 1541 3486 ab

368 3527 442 3597 illis
464 3528 675 3618 excogitatis
697 3526 861 3619 Episcopi
885 3532 1007 3596 contra
1030 3550 1088 3596 eos
1111 3534 1347 3618 exposuerunt
1370 3549 1491 3597 sanam
1507 3531 1541 3596 at

439 3777 481 3855 (1)
501 3783 610 3848 oIstos,
632 3779 738 3833 iratres
756 3778 899 3833 carissimi
918 3784 947 3833 et
966 3779 1019 3833 fide
1040 3780 1185 3833 nobiscum
1204 3779 1439 3850 consentientes,
1461 3796 1537 3836 over·

369 3874 426 3926 sati
444 3888 502 3926 uua
519 3873 664 3926 nobiscum
682 3875 781 3925 contra
800 3871 929 3924 insanam
948 3886 1043 3924 eorum
1063 3873 1252 3925 temeritatem
1272 3870 1424 3937 adiungita
1443 3873 1539 3926 sudro-

368 3964 416 4029 gia
435 3976 492 4015 non
512 3962 649 4015 aliterue
669 3963 721 4015 aiii
740 3962 865 4025 collegae
886 3962 995 4027 nostri,
1018 3961 1068 4028 qui
1092 3959 1304 4025 indignabundi
1333 3960 1475 4015 advorsus
1495 3977 1538 4015 cos

369 4052 439 4104 mihi
459 4052 637 4118 scripserunt
655 4051 794 4119 epistolas
814 4054 843 4103 ct
862 4050 962 4103 libello
982 4055 1082 4103 contra
1107 4065 1154 4103 sos
1182 4047 1259 4101 edito
1285 4049 1539 4117 subscripserunt,

369 4156 441 4207 quae
459 4141 554 4193 omnia
572 4156 622 4207 per
640 4141 730 4193 tilium
750 4156 840 4193 mcum
858 4139 996 4207 Apionem
1016 4138 1164 4192 diaconum
1183 4137 1218 4191 ad
1232 4154 1283 4192 vos
1303 4138 1379 4205 misi,
1401 4140 1539 4207 epistolas

368 4233 480 4285 scilicet
496 4226 724 4305 (Episcoporum)
743 4231 833 4284 totius
851 4230 976 4298 Aegypti
996 4234 1026 4283 et
1043 4228 1208 4295 Thebaidis,
1230 4228 1339 4296 Lybiae
1353 4245 1385 4282 ac
1399 4229 1539 4297 Panmpo·

367 4322 425 4388 lis,
446 4325 476 4374 et
493 4321 594 4388 syrice
613 4325 643 4373 ct
660 4321 766 4386 Lyciae
784 4327 814 4375 ct
831 4321 1036 4389 Pamphyliae,
1063 4320 1171 4388 Asiae,
1193 4318 1386 4388 Cappadociae
1406 4325 1436 4373 et
1455 4320 1540 4387 reric

368 4426 434 4467 uum
453 4411 664 4466 finitimarum»
685 4415 738 4465 stc.
