3172 4950
670 367 705 382 -
727 335 787 396 275
809 367 847 381 ..

190 443 269 514 inis.
286 469 305 506 n
319 441 431 513 Porro
454 447 510 513 est
530 440 686 532 potentia
709 440 753 510 ad
771 441 922 511 creanda
937 441 974 510 in
993 440 1147 533 singulis
1164 441 1346 533 speciebus

190 550 357 623 {dividua
379 549 521 619 infinita
543 547 697 638 numero;
723 572 807 640 ergo
830 550 945 620 adhue
968 550 1026 627 vis
1049 551 1204 620 creatrix
1227 550 1343 620 infini-

190 682 231 730 e·
254 657 402 728 infinita
426 656 687 749 multiplicatur
709 680 771 748 per
793 657 984 746 infinitum;
1004 681 1087 750 ergo
1110 659 1167 729 vis
1191 659 1344 729 creatrix

190 774 216 839 rt
234 797 254 833 a
265 766 448 838 inlinitum
465 766 565 835 tertii
582 766 716 835 ordinis
732 793 747 828 n
769 766 831 853 (1).
851 767 917 835 Vis
933 769 1087 837 creatrix
1103 774 1158 837 est
1173 768 1250 859 ipsa
1265 768 1344 836 sub·

190 876 302 946 entia
326 874 405 943 Dei.
420 873 518 962 Ergo
544 872 697 943 redivina
720 872 922 943 substantia
945 873 983 942 in
1015 898 1050 944 se
1080 882 1135 945 est
1165 876 1343 945 infinitum

190 984 268 1054 otii
291 982 478 1052 ordinis.»

229 1092 313 1164 Nou
337 1099 393 1163 est
414 1112 551 1161 neeesse
567 1142 575 1175 ,
601 1098 644 1159 ut
664 1111 913 1183 persequamur
929 1090 1029 1182 aegri
1045 1092 1178 1160 somnia
1193 1092 1231 1161 in
1244 1093 1344 1162 modo

189 1200 395 1284 celerandi,
422 1197 589 1291 quomodo
611 1221 653 1266 ex
678 1198 742 1269 hoe
766 1199 991 1268 fundamento
1013 1199 1241 1289 intelligatur
1265 1200 1344 1269 Tri-

189 1311 263 1380 iaus
285 1329 538 1400 personarum,
564 1328 640 1375 cum
664 1307 930 1401 fundamentum
952 1307 1067 1396 ipsum
1090 1308 1139 1376 sit
1167 1309 1343 1400 undequa-

190 1439 234 1487 ue
257 1413 462 1484 absurdum.
480 1411 599 1505 Neque
622 1414 714 1482 enim
736 1414 935 1484 absolutum
958 1415 1047 1482 Esse
1074 1437 1135 1484 seu
1158 1415 1342 1505 perlectio-

189 1525 224 1593 is
237 1521 420 1592 absolutae
435 1519 616 1611 plenitudo
635 1520 727 1589 ullos
742 1521 903 1590 admittit
926 1521 1058 1611 gradus
1081 1544 1123 1590 ne
1147 1521 1342 1591 considera·

188 1631 263 1701 ione
285 1628 426 1722 quidem
449 1627 561 1696 multo
585 1627 700 1696 minus
722 1652 760 1698 re
784 1629 990 1717 distinctos3
1016 1636 1052 1699 et
1075 1629 1233 1697 formalis
1249 1629 1342 1699 ratio

189 1735 440 1830 mnipotentiae
453 1742 588 1805 estune
601 1736 761 1807 absoluta
773 1743 809 1806 et
823 1736 1080 1828 simplicissima
1093 1737 1256 1822 essentia,
1267 1738 1343 1831 qui·

189 1868 313 1940 umque
327 1845 378 1914 sit
392 1844 564 1914 terminus
587 1845 821 1930 extrinsecus,
840 1846 884 1915 ad
899 1868 1003 1938 quem
1019 1847 1207 1914 referatur.
1222 1845 1342 1938 Neque

189 1975 332 2025 mnae
355 1952 497 2022 divinae
520 1959 604 2022 sunt
626 1953 758 2043 gradus
782 1953 915 2024 diversi
947 1953 1157 2038 infinitatis,
1184 1954 1245 2023 sed
1267 1975 1341 2023 rea·

188 2063 254 2133 iter
275 2069 361 2133 sunt
382 2067 459 2131 tum
482 2060 643 2151 singulae
666 2067 741 2131 tum
765 2085 882 2132 omnes
907 2061 1014 2131 simul
1047 2084 1116 2131 una
1148 2085 1189 2132 ac
1220 2063 1338 2132 eadam

188 2169 427 2262 implieiasima
450 2171 621 2255 essentia,
647 2169 740 2238 inter
764 2191 800 2238 se
823 2169 973 2239 invicem
997 2169 1184 2241 distinctae
1207 2193 1275 2240 uon
1298 2178 1341 2241 ut

188 2279 299 2370 padus
321 2278 437 2347 nescio
461 2277 522 2370 qui
538 2277 761 2369 quantitatis,
782 2277 842 2347 sed
857 2284 899 2346 ut
914 2286 988 2347 tres
1003 2278 1148 2347 relativi
1164 2284 1341 2372 tamquam

188 2387 381 2478 principium
404 2392 441 2456 et
462 2385 649 2476 procedens
672 2405 694 2452 a
716 2385 899 2476 principio.
920 2384 1084 2479 Adeoque
1100 2386 1137 2454 in
1154 2388 1341 2456 mathema·

188 2494 242 2565 lica
261 2496 327 2565 illa
357 2493 593 2565 declaratione
626 2491 815 2561 Trinitatis
847 2515 915 2562 non
947 2492 1059 2562 solum
1090 2493 1341 2563 demonstratio

188 2602 268 2673 rullo
289 2608 366 2687 eat,
392 2600 453 2672 sed
476 2623 586 2693 nequa
609 2600 711 2671 video
736 2602 902 2692 quomodo
925 2600 1063 2691 integer
1094 2607 1279 2692 conceptus
1302 2602 1340 2670 in

188 2711 379 2782 revelatione
403 2710 601 2802 propositus
634 2709 835 2779 conservari
867 2710 1000 2800 possit,
1027 2709 1058 2778 si
1089 2709 1202 2801 logice
1234 2709 1339 2779 dedu·

187 2826 293 2890 cantur
315 2842 359 2889 ex
383 2819 449 2887 illa
472 2841 588 2888 omnes
612 2816 889 2910 consequentiae.

233 2926 493 2997 Demonstratio
515 2926 625 2997 tertia
647 2934 683 2998 et
704 2933 879 3019 postrema
908 2927 999 2997 libro
1022 2928 1067 2998 V.
1094 2927 1238 2998 ducitur
1264 2952 1339 2998 aex

187 3034 449 3104 mnifesestions
472 3034 614 3105 divinae
637 3035 819 3124 gloriae.»
844 3034 1088 3104 Manifestatio
1106 3035 1248 3106 divinae
1265 3035 1338 3127 glo·

187 3141 238 3211 iae
259 3150 316 3213 ast
332 3144 471 3231 bonum;
498 3149 582 3234 argo
606 3143 844 3213 manifestatio
868 3143 1002 3233 gloriae
1032 3143 1174 3213 infinita
1204 3149 1259 3212 est
1282 3144 1338 3213 bo-

187 3272 246 3320 rum
258 3251 451 3338 infinitum;
469 3274 552 3340 ergo
564 3273 607 3320 ne
619 3250 976 3320 desitDeoinfinitum
996 3253 1133 3336 bouum,
1144 3253 1339 3322 necessario

187 3363 280 3428 meat
294 3358 437 3427 infinita
449 3358 688 3429 manifestatio
701 3357 847 3447 gloriae.
862 3357 1008 3428 Infinita
1021 3359 1259 3430 manifestatio
1270 3382 1338 3429 non

187 3473 360 3554 mrtem
370 3466 415 3535 ud
427 3472 529 3535 extra
540 3489 600 3556 per
612 3472 805 3551 creaturas,
822 3467 881 3537 sed
894 3466 1006 3535 solum
1019 3467 1063 3536 ad
1075 3467 1182 3537 intra.
1195 3467 1292 3558 Ergo
1301 3467 1338 3536 in

186 3571 683 3645 liviuasubstantiadebetesse
696 3574 1103 3667 aliquid,quodgloriam
1111 3576 1338 3666 Deiperieote
1455 3583 1458 3588 “

186 3683 378 3754 muifestat.
388 3684 663 3776 Deusquatenus
675 3682 750 3752 eius
762 3683 879 3772 gloria
890 3684 1150 3767 manifestatur,
1165 3686 1246 3751 aest
1258 3682 1336 3749 sub-

186 3789 302 3879 uene,
320 3792 525 3884 priusquam
541 3790 578 3859 id
595 3790 869 3876 consideremus,
890 3790 981 3883 quod
997 3790 1209 3860 cumulatam
1225 3788 1337 3881 ipsius

218 4005 258 4081 (1)
274 4011 371 4066 Verba
388 4009 572 4066 Mestrodnii:
596 4014 657 4063 cut
676 4011 842 4066 substantie
860 4026 1051 4080 quaeeunque
1070 4015 1251 4080 procreatur,
1274 4012 1336 4066 ind-

186 4095 230 4152 ua
238 4101 283 4154 ria
295 4101 467 4169 requiritur.
479 4101 555 4167 Ergo
568 4104 602 4154 nt
614 4102 739 4155 creatrix
750 4101 852 4155 divina
863 4102 909 4154 ris
923 4102 1100 4170 aestimetur,
1117 4101 1337 4169 multiplicanda

186 4185 227 4241 uo
242 4191 390 4258 quantitas
408 4191 551 4245 influities
570 4192 687 4245 induite
706 4208 757 4259 per
784 4191 946 4258 infinitum,
972 4192 1019 4244 val
1039 4191 1114 4261 quod
1133 4191 1251 4258 perinde
1270 4195 1333 4257 eat,

186 4278 286 4334 mula
304 4281 357 4335 Dei
377 4281 424 4335 via
443 4285 489 4334 est
508 4281 657 4354 infinitum,
680 4282 764 4336 tertii
782 4281 904 4335 ordinis.
923 4284 983 4336 Iam
1003 4282 1030 4334 ai
1049 4282 1277 4336 mathematicum
1304 4281 1335 4333 in

186 4362 276 4422 Μιι
292 4371 373 4440 loqui
396 4371 529 4439 velimus,
551 4372 677 4426 creatrix
697 4387 730 4427 cs
749 4373 795 4429 rie
815 4371 872 4443 erit
897 4354 936 4423 ω’
950 4386 999 4425 seu
1015 4370 1079 4435 15<
1090 4388 1116 4424 co
1131 4369 1173 4435 ><
1186 4388 1212 4424 cc
1227 4367 1270 4432 ><
1283 4385 1333 4420 ω»

187 4448 334 4514 laudii.
