3172 4950
697 345 735 362 -
755 312 816 376 519
835 346 873 362 -

206 441 305 512 quem
326 422 503 512 tamquam
524 441 586 509 per
608 439 706 488 suam
727 441 797 487 non
826 442 888 510 per
909 418 1059 489 alienam
1091 420 1260 490 virtutem
1290 443 1367 512 per·

204 525 289 594 lecit
311 524 493 594 miracula.
512 524 601 594 Tum
624 547 707 596 vero
730 524 773 594 1·.
792 524 1076 616 indignabundus
1099 525 1216 595 reiicit
1238 525 1367 596 calum·

203 633 309 717 niam,
335 632 438 725 quasi
459 632 534 723 ipse
555 653 718 725 umquam
740 637 899 722 putasset
914 632 1088 723 Spiritum
1111 631 1277 702 Sanctum
1299 655 1368 701 non
1451 642 1455 649 '

203 736 534 809 consubstantialem
556 739 657 809 Patri
679 747 714 808 et
729 739 835 809 Filio:
856 761 962 807 uuam
977 738 1068 830 quod
1088 738 1125 807 S.
1142 739 1300 809 Trinitas
1314 743 1369 809 est

201 844 524 930 consubstantialis,
550 845 722 937 uniusque
745 845 895 918 virtutis
917 849 954 914 et
975 843 1198 934 operationis,
1213 867 1283 913 non
1304 866 1366 935 per

199 957 359 1023 vestrum
381 950 517 1024 demum
534 973 722 1020 sermonem
737 951 934 1035 didicimus,
953 949 1013 1018 sed
1029 949 1229 1040 plenissime
1251 950 1367 1020 edocti

199 1082 322 1129 sumus
343 1073 388 1128 ex
411 1056 585 1128 divinitus
609 1059 783 1149 inspirata
796 1057 1026 1149 Scriptura.»
1051 1056 1095 1126 2⁴.
1122 1056 1252 1126 Contra
1282 1056 1368 1126 alte·

197 1188 275 1235 ram
299 1164 531 1251 calumniam,
557 1166 657 1257 quasi
680 1171 862 1256 suspectus
885 1164 959 1255 ipse
982 1168 1074 1233 esset
1103 1185 1181 1232 cum
1211 1163 1368 1234 Macedo·
1455 1213 1457 1219 s

196 1271 317 1341 nianis
331 1265 374 1341 de
384 1279 513 1361 negata
527 1270 741 1363 processione
757 1272 914 1364 Spiritus
931 1271 1052 1341 Sancti
1068 1293 1090 1338 a
1100 1271 1217 1357 Patre,
1232 1270 1368 1363 quando

197 1380 294 1449 dixit
312 1375 355 1445 iu
376 1379 664 1449 anathematismo
687 1380 859 1471 Spiritum
883 1380 1048 1449 Sanctum
1076 1376 1254 1469 proprium
1276 1381 1366 1449 Filii

196 1489 283 1566 Iesu
304 1488 461 1573 Christi,
486 1487 692 1577 respondet:
722 1487 918 1579 «proprius
941 1495 995 1559 est
1017 1476 1130 1582 ipsius
1153 1489 1249 1579 (Iesu
1265 1487 1365 1558 Chri·

197 1595 248 1664 sti
269 1589 375 1680 Filii)
400 1594 558 1685 Spiritus
581 1594 731 1663 Sanctus
754 1595 849 1664 sicut
871 1596 992 1689 utique
1015 1597 1121 1666 etism
1143 1595 1210 1665 Dei
1239 1616 1281 1664 ac
1303 1595 1367 1664 Pa·

196 1703 294 1790 tris3
320 1707 484 1792 operatur
506 1702 598 1772 enim
620 1726 682 1792 per
706 1702 878 1793 Spiritum
902 1703 995 1773 sicut
1023 1705 1129 1774 Pater
1158 1703 1212 1773 ita
1233 1706 1270 1772 et
1292 1702 1367 1791 ipso

197 1805 268 1896 (Io.
282 1809 329 1876 X.
348 1807 419 1894 aa,
434 1806 532 1877 XIV.
548 1807 617 1894 10.;
632 1809 717 1877 Mat.
731 1809 815 1878 XII.
830 1810 946 1893 28.)...
964 1809 1196 1901 operationem
1212 1831 1274 1899 per
1290 1807 1368 1898 Spi-

200 1914 315 1983 ritum
338 1913 382 1981 ad
406 1935 442 1980 se
464 1918 501 1981 et
522 1913 567 1982 ad
589 1913 730 1982 Patrem
752 1916 905 1984 referens
921 1920 1062 2005 propter
1077 1913 1298 1983 identitatem
1315 1935 1368 1982 es·

202 2020 365 2090 sentiae»
391 2019 520 2107 (Mansi
535 2018 577 2087 T.
595 2019 639 2088 V.
651 2044 685 2110 p.
697 2021 782 2104 58.).
800 2021 959 2110 Gyrillus
981 2023 1094 2111 igitur
1110 2021 1147 2089 iu
1163 2012 1280 2090 verbis
1291 2019 1367 2090 illis

201 2127 438 2196 Theodoreti:
465 2126 667 2216 «Spiritum
691 2151 733 2196 ex
756 2128 850 2196 Filio
872 2134 936 2197 aut
967 2151 1029 2218 per
1050 2127 1184 2197 Filium
1213 2126 1363 2198 existen·

200 2234 292 2302 tiam
314 2233 460 2319 hahere,
486 2239 527 2302 ut
549 2233 786 2323 blasphemum
807 2235 1032 2320 reiicimus,n
1057 2257 1125 2303 non
1141 2233 1238 2302 aliud
1261 2231 1365 2302 iutel-

201 2340 306 2425 lexit,
329 2362 431 2432 quam
454 2341 544 2432 quod
567 2340 635 2409 sibi
658 2347 854 2410 strueretur
877 2340 1062 2426 calumnia,
1089 2341 1190 2432 quasi
1204 2362 1282 2409 cum
1292 2339 1368 2409 hia-

199 2447 403 2515 cedonianis
426 2447 597 2538 Spiritum
620 2447 787 2517 Sanctum
802 2448 950 2517 dixisset
972 2453 1126 2517 creatum
1148 2469 1170 2515 a
1191 2446 1296 2531 Filio,
1315 2452 1369 2516 at·

200 2576 270 2646 que
293 2553 347 2623 ita
370 2577 447 2624 cum
469 2554 591 2623 iisdem
615 2554 801 2624 haereticis
831 2562 995 2644 negasset
1022 2553 1194 2643 Spiritum
1224 2554 1368 2624 consub-

200 2661 405 2731 stantialem
426 2662 527 2730 Patri
549 2667 586 2730 et
607 2661 843 2752 procedentem
865 2686 908 2731 ex
924 2661 1122 2731 substantia
1143 2661 1273 2748 Patris3
1298 2682 1368 2729 uon

200 2774 322 2839 autem
343 2770 451 2839 verba
474 2769 682 2838 'theodoreti
704 2768 883 2839 intellexit
898 2770 960 2854 ita,
980 2754 1079 2861 quadi
1103 2769 1134 2837 is
1157 2789 1368 2837 communem

201 2875 357 2943 omnium
379 2874 522 2943 Petrum
545 2873 644 2943 illius
667 2880 704 2943 et
725 2875 960 2944 antecedentis
975 2875 1103 2944 aetatis
1118 2874 1311 2943 doctrinam
1323 2874 1370 2942 de

200 2980 420 3074 processione
444 2980 599 3071 Spiritus
622 3003 664 3049 ex
686 2981 779 3050 Filio
801 2987 838 3050 et
859 3003 921 3073 per
942 2981 1074 3051 Filium
1104 2979 1252 3050 dixisset
1274 2979 1368 3049 blas·

201 3088 375 3179 phemam.

269 3196 326 3264 Ex
348 3196 406 3265 his
428 3201 544 3265 autem
566 3219 658 3266 nuno
681 3195 793 3265 obiter
814 3195 879 3266 fiat
900 3194 1068 3266 iudicium
1092 3197 1134 3266 de
1149 3194 1299 3266 ridiculo
1317 3215 1369 3266 sc·

201 3303 376 3394 phismate
409 3303 732 3388 schismaticorum,
758 3302 818 3394 qui
852 3303 997 3388 dicunt,
1023 3303 1197 3393 Cyrillum
1232 3302 1369 3372 monitu

203 3410 415 3480 Theodoreti
437 3432 459 3478 a
488 3411 662 3480 sententia
694 3411 735 3479 de
758 3411 974 3501 processione
1001 3410 1302 3501 SpiritusSanoti
1326 3433 1369 3479 ex

200 3517 297 3588 Filio
319 3518 531 3594 discessisse.
560 3518 610 3586 Ut
631 3517 723 3586 nihil
746 3517 859 3586 dicam
882 3518 923 3586 dc
945 3541 1007 3602 eo,
1034 3518 1124 3609 quod
1148 3516 1184 3586 S.
1203 3517 1309 3585 Pater
1331 3516 1369 3584 in

201 3624 366 3716 operibus
377 3624 519 3715 scriptis
531 3630 610 3715 post
621 3624 812 3693 calumnias
825 3624 1033 3693 Theodoreti
1047 3621 1277 3691 disertissime
1291 3644 1369 3712 pro·

200 3733 326 3801 fitetur
352 3730 603 3822 processionem
626 3733 764 3800 aPatre
785 3730 946 3822 Filioque
960 3730 1056 3819 (vide
1075 3728 1230 3820 Lequien
1242 3728 1369 3796 Dama·

201 3839 329 3909 scenio.
348 3839 487 3908 dissert.
501 3837 533 3906 Ι.
547 3862 583 3906 n.
598 3839 631 3906 5.
647 3839 709 3925 6.);
735 3838 945 3927 inspiciatur
961 3835 1036 3905 sola
1051 3836 1212 3927 apologia
1224 3835 1369 3905 anathe-
1480 3891 1494 3920 „

200 3945 367 4014 matismi.
392 3945 542 4014 Dixerat
554 3944 727 4035 Spiritum
745 3944 911 4014 Sanctum
931 3944 1111 4035 proprium
1133 3943 1232 4032 Filii5
1259 3942 1370 4012 Theo·

201 4050 345 4119 doretus
368 4057 485 4120 movet
507 4050 761 4141 suscipionem‚
786 4074 830 4119 ne
862 4052 953 4120 sorte
976 4049 1013 4118 id
1036 4049 1167 4119 dixerit
1189 4072 1292 4119 sensu
1314 4072 1370 4118 ao·

201 4157 346 4227 cedente
368 4156 412 4225 ad
438 4186 455 4221 a
470 4157 663 4228 Macedonii
679 4157 871 4248 malignam
886 4157 1074 4246 culturam,
1094 4185 1111 4222 n
1129 4157 1219 4251 quod
1235 4155 1372 4229 scilicet

201 4263 361 4355 Spiritus
383 4264 547 4355 procedat
572 4286 594 4332 a
613 4265 686 4333 solo
708 4264 813 4350 Filio,
838 4270 876 4333 et
897 4287 964 4333 non
989 4264 1038 4333 sit
1060 4261 1371 4334 consubstantialis

200 4372 305 4442 Patri
327 4379 364 4442 et
385 4371 491 4441 Filio.
502 4370 661 4462 cyrillus
676 4372 713 4440 in
728 4370 888 4462 apologia
903 4372 1025 4443 reiicit
1046 4369 1217 4462 imprimis
1240 4367 1369 4439 calum·
