3172 4950
675 358 713 376 -
734 330 795 392 417
814 359 852 381 ι-

203 434 336 525 ideoque
359 432 501 504 dilectio
523 455 586 525 per
608 455 712 526 quam
734 435 893 526 procedit
916 436 1073 528 Spiritus
1097 437 1261 523 Sanctus,
1291 446 1348 509 est

202 542 315 615 dilectio
337 541 479 612 divinae
501 543 673 612 essentiae
696 548 801 630 (cum
824 546 981 615 omnibns
1003 546 1236 634 attributis);
1271 554 1347 616 tum

200 658 229 721 ot
244 656 291 720 eet
312 650 350 718 in
373 649 500 734 Patro,
526 654 582 718 est
604 648 746 720 dilectio
769 653 825 721 sui
849 659 884 721 et
905 651 1013 739 Filii,
1040 660 1081 723 ut
1103 661 1157 723 est
1180 654 1217 723 in
1239 653 1345 741 Filio,

199 758 301 829 iterum
332 763 387 827 est
417 757 560 828 dilectio
591 757 647 828 sni
671 766 708 828 et
729 758 860 829 Patris.
894 761 969 829 Hoc
992 761 1106 852 ipsum
1130 761 1197 831 sibi
1223 762 1349 831 volunt

197 864 310 953 latres,
336 864 474 959 qnando
490 865 604 951 aiunt,
624 864 806 934 dilectione
828 883 948 935 moenio
969 870 1087 939 Patris
1109 891 1151 939 ac
1166 868 1253 939 Filii
1271 892 1348 959 pro·

198 973 261 1045 duci
281 973 453 1065 Spiritum
478 972 656 1043 Sanctum.
682 974 803 1067 Neque
826 976 918 1045 enim
942 976 1031 1046 hano
1055 977 1248 1047 doctrinam
1266 978 1352 1049 licet

198 1082 238 1153 in
255 1081 464 1173 intelligere,
481 1103 523 1152 ac
538 1081 569 1150 si
592 1082 721 1174 duplex
736 1084 921 1163 ,diceretur
945 1085 1109 1170 dilectio,
1136 1108 1225 1177 quas
1249 1085 1351 1157 velut

198 1189 403 1282 conspirando
435 1189 642 1281 produceret
672 1212 821 1261 amorem
852 1203 893 1260 ut
916 1215 1022 1260 nuum
1050 1193 1260 1279 terminum
1286 1195 1346 1264 sed

198 1294 330 1387 intelligi
354 1296 475 1382 debet,
499 1318 664 1387 personas
687 1298 775 1367 duas
798 1298 985 1368 distinctas
1018 1300 1166 1389 diligere
1190 1301 1350 1370 snbstan-

198 1402 261 1474 tieli
281 1404 480 1489 dilectione,
508 1426 595 1497 quae
622 1412 677 1474 est
703 1427 773 1474 una
796 1430 938 1476 numero
962 1407 1146 1499 utriusque
1169 1413 1346 1500 tamquam

199 1510 336 1597 subiecti,
354 1518 391 1581 et
405 1510 510 1582 babet
522 1518 709 1605 utrumque
721 1537 783 1606 pro
802 1515 946 1599 obiecto,
962 1521 1037 1584 tum
1054 1522 1227 1607 quatenus
1243 1538 1351 1584 unum
1432 1572 1435 1583 .

199 1625 266 1688 tunt
284 1617 436 1688 essentia
464 1625 539 1688 tum
571 1626 744 1712 quatenus
766 1620 1037 1711 distinguuntur
1061 1620 1258 1713 hypostasi.
1292 1621 1348 1691 In·

201 1746 285 1818 snper
304 1748 374 1795 nou
396 1726 512 1795 minus
534 1727 653 1797 eadem
676 1728 818 1798 dilectio
841 1728 1085 1820 complectitur
1102 1728 1200 1798 velut
1222 1729 1350 1800 reflexo

200 1828 397 1903 ddeetionem
420 1834 530 1924 ipsam
555 1841 597 1904 ut
618 1835 888 1925 producentem,
926 1835 1098 1929 simulque
1123 1844 1162 1906 ut
1185 1837 1260 1906 eius
1283 1846 1353 1907 ter·

203 1939 310 2011 uiuum
332 1940 562 2011 intrinsecum
586 1942 757 2033 Spiritum
781 1943 950 2014 Sanctum
984 1944 1211 2014 aeternaliter
1235 1967 1351 2036 proce·

204 2046 327 2120 deutem.
355 2049 507 2120 Dileotio
530 2050 622 2119 enim
645 2057 719 2137 est,
746 2058 787 2121 ut
810 2052 974 2138 diximus,
998 2054 1171 2123 essentiae
1195 2054 1349 2140 divinae,

205 2162 238 2225 et
255 2158 286 2227 in
312 2181 348 2229 se
370 2165 435 2244 est,
461 2159 649 2229 secundum
685 2182 801 2229 omnes
831 2161 986 2231 rationes
1018 2162 1268 2249 amabilitatis3
1303 2163 1354 2233 sio

207 2270 298 2335 subm
319 2266 471 2337 essentia
492 2272 548 2336 est
570 2274 606 2336 et
621 2268 732 2336 omnis
748 2268 916 2358 perfectio
931 2269 1092 2339 absoluta
1108 2276 1232 2340 altres
1248 2268 1353 2340 simul

188 2358 190 2369 ¹
208 2392 344 2463 mnae
360 2374 478 2460 Pater,
495 2374 613 2443 Filius
628 2382 665 2445 et
681 2376 836 2466 Spiritus
854 2376 1017 2447 Sanctus.

218 2516 222 2523 ¹
256 2482 447 2554 Difficultas
470 2484 582 2577 quoad
606 2484 670 2554 hoc
694 2484 857 2553 ultimum
881 2485 1012 2553 oboriri
1035 2483 1142 2552 solita
1164 2505 1205 2551 ex
1229 2482 1353 2575 imper-

211 2588 278 2660 leeto
291 2600 409 2662 nostro
433 2592 530 2663 modo
546 2591 783 2682 intelligendi,
802 2616 870 2686 quo
886 2592 1083 2683 concipitur
1099 2592 1195 2682 prior
1218 2590 1354 2660 ratione

212 2690 325 2768 dilectio
346 2697 541 2791 producens
565 2721 668 2791 quam
691 2721 787 2768 amor
810 2701 1013 2792 productus,
1039 2697 1259 2787 exsuperius
1282 2696 1353 2767 dio·

210 2796 478 2897 beexpedienda
512 2811 578 2875 est.
605 2807 706 2876 Sicut
739 2806 831 2876 onim
862 2805 1056 2876 intellectio
1091 2804 1284 2896 producens
1313 2826 1355 2874 ao

211 2900 338 2980 Verbum
361 2913 588 3004 productum,
614 2914 724 2991 itaet
747 2913 890 2984 dilectio
924 2912 1077 2983 relative
1107 2916 1143 2981 et
1175 2917 1355 2980 aeternum

210 3017 406 3106 motum,
432 3018 458 3090 i.
475 3044 506 3090 e.
526 3042 622 3090 amor
637 3043 679 3089 ex
695 3021 887 3091 intrinseca
903 3021 1111 3090 necessitate
1128 3017 1355 3088 aeternaliter

209 3126 269 3193 teto
288 3128 457 3218 completo
486 3128 685 3217 procedens,
712 3152 780 3197 non
804 3128 915 3197 solum
946 3128 1130 3198 duratione
1161 3126 1220 3195 sed
1250 3126 1356 3196 etiam

209 3232 319 3305 naono
341 3234 448 3306 simul
472 3242 555 3305 sunt
577 3236 851 3305 simultaneitcec
868 3240 905 3302 in
921 3261 1008 3329 qno,
1026 3243 1063 3306 et
1079 3236 1162 3306 ordo
1184 3242 1239 3306 est
1256 3235 1357 3306 unice

210 3342 369 3413 mnndum
396 3344 565 3434 originem
590 3370 612 3411 o
635 3370 712 3436 quo.
740 3346 840 3415 Unde
864 3344 953 3438 qnod
976 3344 1018 3413 da
1041 3344 1278 3414 intellectione
1306 3342 1357 3412 di·

209 3442 321 3538 lium,
354 3450 470 3521 adhuc
499 3452 644 3527 facilius
667 3453 844 3543 concipere
867 3475 1048 3544 possumus
1078 3452 1120 3521 da
1143 3450 1355 3538 dilectione;

210 3546 327 3631 dilectio
349 3558 487 3628 scilicet
509 3559 756 3628 substantialis
772 3563 855 3628 actu
872 3557 1040 3649 completo
1064 3557 1214 3626 fecunda
1230 3554 1357 3623 amoris

211 3668 412 3738 “eruditor
434 3668 653 3758 procedentis
676 3667 855 3757 diligendo
878 3690 914 3735 se
937 3668 1032 3735 etin
1056 3688 1092 3734 se
1115 3686 1264 3732 amorem
1280 3683 1356 3754 pro·

212 3770 360 3845 Mentem
384 3781 438 3846 est
460 3776 671 3867 principium
696 3777 825 3845 amoris
847 3775 1077 3866 procedentis.

261 3879 437 3955 &Eadem
460 3884 603 3956 dilectio
626 3884 821 3953 formaliter
845 3890 887 3952 ut
909 3883 1103 3973 producens
1131 3904 1281 3950 amorem
1305 3885 1359 3949 est

214 3980 294 4057 llltm
314 3991 454 4077 dilectio
478 3993 660 4079 essentiae,
687 4001 858 4087 qnatenus
882 3991 968 4061 haec
988 3998 1042 4060 est
1059 3989 1196 4059 bonitas
1219 4010 1357 4055 commo-

215 4088 352 4167 tleobilic
380 4100 427 4169 ad
457 4117 557 4169 extro
579 4124 640 4193 per
665 4103 789 4170 bonum
812 4100 1086 4192 participatum,
1119 4096 1267 4166 maxime
1299 4117 1359 4184 per

217 4203 433 4299 »diciplinam
449 4209 685 4295 sanctitatem,
706 4231 793 4302 quae
810 4209 964 4298 proxime
982 4208 1145 4275 imitatur
1169 4203 1359 4272 bonitatem

218 4304 466 4386 llberotitatem
491 4318 758 4388 substantialem
782 4317 950 4387 divinam.
971 4314 1070 4383 Unde
1091 4313 1184 4382 sicut
1206 4309 1359 4379 Verbum

202 4420 264 4527 'per
280 4417 542 4496 intellectiouem
566 4426 724 4514 procedit
748 4449 824 4495 cum
848 4429 1009 4513 respectu
1032 4419 1076 4488 ad
1093 4425 1193 4489 ostra
1209 4404 1359 4484 radicali

1179 4560 1209 4598 00
