3172 4950
703 374 740 386 -
762 339 823 402 559
843 371 881 384 -

201 461 278 508 cors
301 440 395 509 Deus
420 442 480 532 qui
504 445 663 532 gratuito
687 444 802 513 abluit
823 448 860 512 et
882 442 1081 513 sanctificat
1104 447 1247 535 siquam
1268 461 1300 513 et
1314 471 1373 513 uu-

199 570 283 635 peua
307 548 445 636 Spiritu
468 553 710 639 promissionis
744 552 868 619 Sancto
904 549 966 642 qui
996 555 1051 619 est
1077 550 1207 640 pignus
1238 553 1373 623 heredi·

199 653 288 721 tatis
302 660 486 724 nostrae...
501 656 637 725 demum
653 659 756 724 arnico
767 657 935 746 formatio
950 682 1053 724 causo
1069 664 1122 726 est
1137 657 1278 728 iustitia
1291 660 1368 745 Dei,

197 783 266 829 non
290 783 360 853 qua
382 763 457 853 ipse
480 764 596 833 iustus
619 771 675 834 est
697 765 757 834 sed
781 786 851 857 qua
873 788 937 835 nos
959 765 1072 833 iustos
1096 765 1196 835 facit:
1223 787 1293 858 qua
1321 767 1373 836 vi·

200 868 329 938 delicet
350 871 394 937 ab
417 894 456 939 eo
479 872 600 941 donati
623 895 874 942 renovamur...
902 875 1076 940 iustitium
1108 874 1146 938 in
1169 874 1266 940 uobis
1289 877 1372 941 reoi-

193 981 332 1066 pienteo
353 982 588 1071 uuuoquisquo
610 1005 732 1047 suumn
760 980 981 1049 Conc.'Trid.
1001 978 1160 1050 aess.VI.
1176 982 1250 1049 c.7.
1267 981 1375 1049 Porro

199 1107 242 1151 ex
267 1084 425 1154 omnibus
449 1085 619 1156 hactenus
642 1087 748 1156 dictis
772 1087 877 1156 facile
906 1092 1079 1178 apparet,
1105 1109 1172 1178 quo
1196 1109 1300 1165 sensu
1322 1087 1376 1156 in·

200 1190 472 1280 intelligendum
495 1193 566 1278 sit,
593 1195 684 1285 quod
707 1193 813 1263 etiam
835 1193 903 1261 PP.
919 1192 1124 1284 quandoque
1149 1191 1270 1278 aiunt,
1297 1192 1375 1283 Spi-

198 1296 311 1366 ritum
334 1298 501 1369 Sanctum
523 1295 671 1372 ὀυσιωδως
700 1301 726 1370 i.
741 1325 771 1370 e.
797 1301 1019 1370 substantive
1035 1299 1073 1366 in
1089 1299 1195 1368 iustis
1213 1299 1374 1369 habitare

199 1406 320 1498 eisque
333 1408 512 1498 coniungi.
525 1409 615 1479 Vide
623 1410 734 1479 Baail.
747 1416 858 1480 contr.
873 1409 1019 1478 Ennom.
1032 1408 1076 1477 V.
1089 1432 1122 1498 p.
1138 1408 1215 1476 297.
1229 1408 1276 1476 of.
1291 1408 1375 1477 Gra·

198 1535 277 1602 gor.
295 1513 381 1583 Naz.
397 1536 448 1582 or.
462 1515 519 1584 41.
541 1516 588 1585 al.
615 1518 672 1585 44.
698 1542 734 1585 n.
761 1516 816 1585 11.
835 1515 1025 1586 Verissime
1048 1514 1086 1582 id
1109 1513 1267 1599 dicitur,
1294 1514 1376 1583 dum

197 1623 406 1692 adverbium
428 1623 584 1693 refertur
607 1625 651 1694 ad
675 1625 881 1708 subiectum,
900 1646 961 1692 seu
985 1622 1122 1690 ratione
1146 1621 1375 1690 terminorum

200 1730 262 1821 qni
286 1732 471 1817 uniuntur,
489 1733 548 1809 sul
573 1731 702 1801 falsum
725 1740 828 1817 esset,
844 1731 875 1799 si
892 1733 1085 1799 referretur
1108 1729 1153 1798 ad
1176 1730 1291 1819 ipsum
1304 1752 1371 1798 mo·

200 1838 284 1905 dum
319 1838 482 1926 unionis;
509 1839 573 1908 hoo
597 1840 688 1909 enim
712 1863 816 1908 sensu
847 1839 930 1908 unio
966 1839 1193 1908 substantiva
1213 1861 1291 1909 ‘non
1323 1845 1377 1908 est

200 1946 272 2014 nisi
296 1947 380 2015 unio
403 1948 680 2016 substantiarum
704 1949 748 2017 ad
772 1947 944 2016 unitatem
975 1954 1146 2032 naturae,
1182 1946 1375 2016 cuiusmodi

201 2054 402 2123 coniunctio
425 2061 606 2124 creaturae
630 2079 708 2125 cum
730 2055 802 2123 Deo
826 2060 1023 2145 repugnat,
1050 2056 1108 2125 vel
1131 2055 1175 2123 ad
1206 2054 1377 2123 unitatem

201 2161 445 2251 hypostaseos,
461 2163 655 2233 cuiusmodi
668 2170 722 2233 eat
734 2163 817 2233 unio
830 2163 1001 2232 humanae
1013 2170 1161 2233 naturae
1176 2186 1252 2232 oum
1264 2162 1379 2232 Verbo

205 2269 269 2354 (cf.
289 2269 408 2339 Tract.
425 2270 466 2339 de
477 2270 618 2338 Incarn.
633 2271 686 2339 th.
697 2271 792 2358 XX).
808 2271 932 2339 Patres
948 2269 1037 2338 alios
1050 2270 1131 2340 vide
1147 2270 1239 2360 apud
1251 2270 1374 2340 Petav.

204 2375 350 2446 LVIII.
370 2403 401 2449 o.
417 2380 503 2465 4-7.;
530 2378 797 2447 Thomassinum
820 2379 862 2447 de
878 2379 1057 2448 Incarnat.
1074 2378 1107 2445 1.
1121 2378 1185 2447 VI.
1198 2399 1227 2445 o.
1249 2376 1374 2444 10-20.

269 2485 440 2575 Theologi
463 2486 667 2555 scholastici
691 2486 863 2555 communi
887 2508 1054 2555 consensu
1071 2485 1266 2554 doctrinam
1283 2483 1374 2552 hano

198 2592 349 2662 tradunt
371 2614 513 2684 eamque
530 2591 734 2661 distinctius
750 2593 939 2682 explicant.
959 2592 1057 2661 Inter
1080 2598 1212 2661 ceteros
1241 2589 1377 2660 consuli

197 2700 520 2791 possuntS.Thom.
537 2701 569 2768 1.
581 2725 614 2792 q.
632 2701 689 2769 43.
704 2723 737 2768 a.
752 2700 785 2768 3.
800 2706 836 2769 et
848 2699 1054 2790 praesertim
1068 2700 1100 2767 l.
1114 2699 1201 2780 dist.
1217 2698 1272 2766 14.
1292 2723 1326 2789 q.
1340 2699 1375 2786 23

199 2807 402 2875 Alexander
422 2807 568 2876 Halens.
584 2806 617 2874 1.
633 2832 667 2897 q.
686 2807 741 2875 73.
762 2830 807 2876 m.
825 2807 859 2895 43
879 2804 916 2874 S.
935 2807 1129 2876 Bonavent.
1154 2805 1185 2875 1.
1209 2806 1292 2874 dist.
1319 2805 1374 2873 14.

200 2937 235 2983 a.
253 2915 316 3001 2.;
342 2913 527 3005 Compend.
546 2914 699 3005 theolog.
729 2915 874 2983 veritat.
900 2939 930 2983 c.
949 2914 997 3000 9.;
1023 2920 1099 2982 tum
1121 2912 1255 2982 Molina
1271 2913 1309 2980 in
1338 2911 1371 2980 l.

202 3047 236 3114 q.
250 3022 310 3093 43.
328 3044 361 3089 a.
381 3022 430 3108 3.;
450 3021 594 3091 Suarez.
616 3022 641 3090 l.
669 3023 753 3090 XII.
770 3045 799 3092 c.
820 3024 852 3089 b.
876 3021 935 3114 qui
958 3044 1031 3089 rem
1055 3021 1146 3089 hanc
1169 3020 1297 3111 optime
1322 3019 1378 3088 de-

201 3128 341 3214 clarat;
368 3128 512 3196 hessius
535 3128 577 3196 de
600 3130 746 3218 perfect.
766 3128 878 3199 divin.
893 3130 919 3196 l.
935 3128 1020 3196 XII.
1035 3152 1065 3198 o.
1081 3127 1152 3214 11.;
1179 3127 1220 3196 de
1244 3148 1377 3195 summo

201 3237 290 3304 bono
301 3234 327 3303 l.
349 3235 400 3303 Π.
415 3259 445 3305 ο.
466 3235 498 3302 1.
514 3258 549 3302 n.
560 3233 610 3321 4.;
625 3234 716 3303 Ruia
734 3235 824 3325 disp.
840 3235 917 3304 109.
933 3242 1019 3304 sect.
1035 3235 1067 3303 1.
1083 3258 1172 3326 sqq.;
1192 3234 1379 3302 Ysambert

201 3341 283 3411 inl.
303 3368 336 3433 q.
354 3342 410 3410 43.
426 3363 459 3410 a.
474 3343 523 3429 3.;
542 3341 678 3412 Cornel.
694 3343 860 3433 aLapide
874 3342 910 3412 in
928 3345 962 3412 2.
979 3344 1055 3413 Pet.
1074 3343 1104 3412 Ι.
1120 3343 1155 3413 4.
1175 3348 1212 3412 et
1234 3342 1272 3410 in
1295 3365 1374 3432 epp.

201 3448 306 3518 Pauli
330 3449 460 3539 passim
483 3456 549 3520 etc.
881 3477 884 3483 ·

203 3634 361 3703 dispositio
379 3633 415 3687 ad
438 3632 679 3686 inhabitationem
705 3631 842 3699 Spiritus.
862 3629 906 3684 Ad
934 3632 986 3685 hoc
1014 3629 1167 3697 respondet
1185 3629 1213 3682 S.
1235 3629 1376 3681 Thomas:

201 3740 236 3778 ex
256 3727 339 3791 parte
359 3723 526 3790 recipientis
546 3721 659 3775 rationo
678 3720 801 3788 priorem
813 3735 875 3773 ease
889 3719 1079 3786 receptionem
1093 3717 1228 3771 donorum
1240 3720 1273 3769 ut
1283 3715 1378 3782 dispo·

202 3813 347 3880 citiorem,
372 3812 421 3865 sed
441 3828 474 3865 ex
494 3815 575 3878 parte
595 3811 661 3863 finis
681 3809 843 3875 atagartis
864 3825 939 3877 uper
958 3808 1039 3877 prius
1058 3808 1211 3875 recipimus
1237 3805 1378 3874 Spiritum

202 3901 338 3956 Sanctum
357 3917 440 3969 quam
459 3900 534 3954 dona
553 3900 649 3953 ciue...
664 3902 693 3952 et
711 3899 763 3953 hoc
784 3902 829 3953 est
848 3898 1020 3967 simpliciter
1033 3913 1096 3952 esse
1111 3896 1218 3965 prius»
1239 3896 1268 3950 S.
1283 3895 1336 3949 rh.
1351 3893 1377 3947 1.

202 3989 273 4044 dist.
291 3990 335 4043 14.
349 4006 378 4056 q.
390 3992 417 4043 2.
428 4007 455 4048 a.
468 3991 492 4043 1.
507 3990 594 4043 solut.
612 3991 639 4042 2.
