3172 4950
687 376 725 390 -
746 343 808 406 535
828 376 866 390 -

199 447 301 515 mium
324 446 365 534 (l.
383 447 465 533 III,
490 471 526 517 u.
545 446 604 534 1),
631 448 673 516 de
696 470 765 539 qua
788 455 891 517 antea
914 447 1009 517 dixi:
1036 449 1248 540 interpolata
1270 450 1371 519 nobis

198 555 394 624 videbatur.
408 555 645 625 Adduxerunt
657 555 852 625 doctrinam
865 556 1132 626 occidentalium
1148 558 1369 627 Sanctorum:

196 668 273 730 tota
295 669 417 731 nostra
439 663 602 752 apologia
625 667 713 747 erat,
732 664 846 731 omnia
862 686 936 732 esse
952 663 1086 752 spuria,
1105 671 1141 733 et
1164 665 1256 734 nihil
1272 665 1371 734 aliud

199 766 298 851 (aava
323 768 405 854 ἡμων
430 767 579 858 &eloym
603 792 636 834 το
660 769 767 848 roboc,
795 792 846 832 και
867 764 955 834 criden
982 767 1106 860 ἕτερον).
1140 772 1208 841 Per
1242 771 1373 842 multos

197 876 311 966 igitur
333 877 409 946 dies
432 879 526 947 inter
556 899 618 945 nos
641 877 902 947 considerantes
933 884 970 947 et
1001 878 1261 964 consultantes,
1288 880 1372 972 quid

195 984 239 1052 sd
262 983 350 1054 haec
371 986 675 1075 responderemus,
701 985 838 1053 nullum
861 991 1000 1074 praeter
1024 986 1088 1056 boc
1111 985 1374 1056 inveniebamus

194 1112 411 1181 responsum.
440 1091 515 1160 Hoc
539 1114 623 1162 vero
645 1113 770 1160 rursus
792 1096 969 1182 tamquam
999 1091 1137 1159 omnino
1161 1093 1371 1178 absurdum,

195 1220 264 1269 nou
287 1199 413 1266 bonum
436 1198 535 1267 nobis
558 1198 764 1284 videbatur;
784 1197 1110 1289 primumpquidem,
1137 1199 1220 1291 quia
1236 1223 1278 1267 ex
1295 1224 1372 1269 oon·

195 1305 421 1397 sequentibus
444 1311 481 1374 et
502 1305 787 1374 antecedentibus
804 1304 1007 1393 apparebat,
1026 1304 1118 1374 huno
1142 1328 1216 1374 esse
1234 1329 1372 1375 sensum

194 1411 375 1481 doctrinae
398 1412 626 1498 Sanctorum3
652 1411 776 1480 deinde
792 1434 870 1480 cum
891 1410 1036 1500 plurimi
1060 1412 1193 1482 codices
1216 1419 1254 1485 et
1271 1419 1371 1483 vetu-

196 1517 346 1586 stissimi
370 1517 424 1586 ita
447 1517 638 1602 haberent,
663 1541 731 1586 non
754 1524 951 1608 poteramus
982 1525 1103 1588 contra
1126 1541 1184 1588 eos
1199 1519 1299 1590 velut
1322 1521 1372 1589 in·

195 1625 389 1715 terpolatos
420 1625 591 1716 excipere.
624 1625 674 1694 Et
703 1624 859 1717 alioquin
891 1648 969 1695 cum
998 1648 1061 1694 nos
1083 1626 1218 1695 nullum
1244 1627 1373 1696 librum

195 1733 377 1802 ostendere
400 1756 596 1822 possemus,
629 1756 698 1801 non
721 1754 845 1821 graece
868 1757 936 1801 non
959 1733 1069 1802 latine
1093 1734 1286 1824 scriptum,
1313 1736 1374 1828 qui

194 1840 301 1909 aliter
332 1839 478 1910 haberet
506 1863 609 1931 quam
638 1839 760 1908 Latini
783 1840 1058 1931 produxissent,
1096 1843 1262 1934 quomodo
1295 1843 1374 1912 iure

197 1953 322 2017 contra
344 1969 402 2016 eos
424 1947 712 2037 exciperemusi.
731 1999 765 2016 ..
788 1949 861 2018 Nos
883 1948 973 2018 alios
989 1949 1136 2019 Sanctus
1159 1951 1374 2020 contrarium

197 2055 354 2123 diceutes
377 2078 446 2123 non
469 2061 667 2146 poteramus
688 2056 867 2144 proferre,
902 2056 997 2141 ipsos
1027 2056 1260 2126 occidentales
1287 2057 1374 2126 alibi

196 2162 304 2232 aliter
326 2163 488 2232 docentes
509 2161 608 2231 nullo
632 2164 730 2232 modo
754 2163 1039 2249 ostendebamus,
1072 2164 1297 2233 naturalibus
1319 2187 1374 2233 ra·

197 2269 356 2339 tionibus
377 2270 524 2360 probare
546 2292 603 2339 eos
627 2269 720 2338 falsa
743 2269 872 2338 dixisse
903 2271 1054 2339 omnium
1077 2271 1217 2340 minime
1240 2278 1376 2361 potera·

197 2401 303 2465 mus;
325 2400 404 2446 cum
427 2377 541 2467 igitur
563 2378 697 2445 nullam
721 2377 964 2446 rationabilem
987 2398 1128 2446 causam
1150 2377 1250 2445 nobis
1273 2379 1373 2449 relic·

198 2495 271 2552 tam
294 2507 369 2554 esse
391 2484 612 2569 videremus,
648 2490 831 2575 propterea
861 2490 897 2554 et
927 2484 1170 2555 conticuimus.
1202 2485 1370 2556 Attamen

197 2615 266 2660 nou
290 2591 447 2676 deerant,
472 2591 599 2682 quibus
621 2592 696 2659 alia
718 2592 896 2683 responsio
918 2592 956 2660 in
978 2598 1142 2682 promptu
1157 2599 1260 2680 esset,
1279 2593 1373 2665 vide·

198 2698 283 2768 licet
305 2720 440 2768 errasse
464 2698 611 2767 Sanctos
634 2698 865 2768 occidentales
887 2703 923 2767 et
944 2697 981 2765 in
1005 2698 1069 2767 hoo
1101 2699 1260 2789 deceptos
1286 2723 1371 2770 esse.

198 2806 273 2876 Hoc
298 2828 381 2875 vero
404 2806 597 2876 universim
620 2807 720 2874 nobis
743 2806 843 2874 fidem
868 2811 1038 2891 evertere,
1065 2806 1287 2875 manifestum
1305 2814 1372 2896 est,

199 2914 231 2981 si
252 2913 346 2983 enim
380 2913 467 2982 fides
489 2919 610 2983 nostra
637 2914 765 3004 pendet
795 2934 816 2980 a
839 2913 1001 2982 doctrina
1032 2913 1240 2982 Sanctorum
1270 2921 1373 3003 (cou-

199 3020 427 3091 sentientium
450 3021 487 3090 in
509 3020 591 3089 fidei
613 3019 820 3106 doctrina),
853 3019 892 3087 hi
915 3043 998 3091 vero
1020 3025 1142 3088 errent
1165 3020 1259 3090 circa
1283 3020 1374 3091 veri·

198 3134 319 3214 tatem,
344 3128 430 3197 fides
452 3150 575 3198 eversa
597 3134 663 3197 est.
698 3128 887 3217 Propterea
918 3126 1031 3216 igitur
1061 3133 1155 3196 recte
1190 3127 1273 3196 unio
1298 3151 1375 3197 cum

196 3235 339 3304 Latinis
361 3241 546 3305 consecuta
567 3240 640 3320 est,
667 3240 704 3304 et
731 3256 847 3303 omnes
868 3232 969 3302 nulls
992 3234 1030 3302 vi
1054 3234 1190 3320 coacti,
1216 3239 1258 3303 ut
1280 3236 1375 3304 Deus

197 3342 303 3413 testis
317 3349 383 3429 est,
403 3348 663 3412 consenserunt.
682 3341 753 3424 Qui
765 3364 849 3411 vero
861 3341 1057 3411 consentire
1072 3342 1248 3428 nolebant,
1273 3349 1376 3412 erant

196 3451 313 3520 iiduo
336 3474 405 3519 non
428 3449 547 3541 plures
565 3450 628 3538 (1),
645 3448 778 3518 nullam
796 3450 868 3519 vim
891 3448 987 3538 passi
1010 3449 1048 3517 in
1072 3471 1138 3518 sua
1159 3449 1323 3519 libertate
1339 3458 1376 3519 et

196 3559 235 3628 in
259 3580 325 3628 sua
347 3559 522 3629 sententia
544 3565 777 3627 manseruntn
794 3565 859 3626 etc.
874 3558 1015 3627 Bessar.
1030 3557 1072 3626 de
1085 3580 1235 3648 process.
1263 3556 1373 3648 Spiri-

195 3673 257 3736 tus
273 3666 397 3736 Sancti
411 3692 444 3758 p.
464 3666 542 3735 221.
558 3689 633 3759 sqq.
649 3667 695 3736 cf.
711 3665 796 3735 ibid.
812 3690 847 3756 p.
866 3666 944 3734 207.

257 3834 301 3910 (1)
321 3838 376 3902 Qui
396 3841 510 3906 praeter
524 3839 648 3892 Marcum
667 3836 822 3904 Ephesium
842 3851 877 3888 ex
896 3834 1011 3888 Graecis
1034 3835 1234 3902 praesentibus
1248 3835 1376 3889 Ooncilio

199 3928 441 3996 subscriptionem
455 3928 643 3995 recusaverit,
659 3927 825 3994 suspicabar
838 3925 959 3993 primum
977 3924 1101 3978 indicari
1120 3925 1270 3991 Georgium
1290 3925 1374 3980 Sobo-

197 4018 305 4071 larium
325 4019 445 4084 posthae
463 4020 609 4086 assumpto
628 4017 740 4070 nomine
757 4015 899 4069 Gennadii
922 4015 1119 4069 Patriarcbam
1137 4015 1376 4083 Constantinopo-

198 4108 325 4160 litonum
343 4106 396 4178 (de
416 4123 472 4174 quo
490 4108 614 4173 consule,
641 4107 666 4158 si
692 4106 782 4173 lubet,
805 4105 934 4172 Lequien
953 4106 1145 4159 Damascenis.
1166 4106 1374 4173 1.n.cssqq.;

197 4198 303 4253 Oriens
314 4196 422 4250 Christ.
434 4197 466 4249 Τ.
476 4199 500 4250 Ι.
510 4214 538 4265 p.
549 4197 613 4250 312.
623 4212 678 4264 sq.;
692 4198 821 4249 auctores
833 4196 935 4263 Operis
948 4195 982 4249 de
993 4197 1193 4264 Perpetuitste
1205 4196 1271 4250 fidei
1282 4196 1314 4248 Τ.
1324 4197 1374 4249 1v.

196 4288 219 4340 l.
233 4288 272 4341 V.
282 4302 307 4339 c.
321 4285 347 4338 1.
362 4284 398 4339 ci.
409 4284 551 4339 Allatium
569 4285 603 4338 de
621 4285 757 4338 consens.
772 4285 898 4349 1.111.‚c.
913 4286 939 4336 2.
954 4284 970 4335 5
984 4280 1084 4356 etc.);·
1097 4284 1147 4338 sed
1164 4285 1202 4338 ol.
1217 4283 1377 4337 (lenonicus

197 4378 310 4442 Eugen.
323 4374 440 4429 Oacconi
454 4390 488 4428 ex
509 4374 609 4429 (lodice
622 4373 791 4428 Florentino
810 4372 861 4427 me'
873 4374 979 4442 docuit,
1000 4375 1075 4429 hunc
1088 4376 1181 4429 Marco
1200 4374 1378 4428 foederatum

197 4466 291 4520 fuisso
310 4465 481 4533 Episcopum
501 4464 776 4532 StauropoIitsnum.
