3172 4950
662 374 701 391 ..
725 343 787 406 485
806 371 845 389 ..

189 449 259 521 sinn
277 445 460 519 insisteret
489 448 778 520 demonstrandae
808 448 1024 540 genuiniteti
1055 448 1218 521 leotionis
1247 472 1270 521 a
1297 476 1334 527 ss

190 556 322 648 prolatae
349 577 392 624 ex
414 555 531 626 oodioe
553 555 753 625 Cardinalis
766 555 907 642 cusani,
926 577 1033 649 neque
1056 562 1173 626 tamen
1188 580 1232 627 ex
1248 559 1333 629 aliis

189 660 256 733 loeis
274 668 311 733 et
333 685 377 733 ex
399 662 477 753 ipsa
498 662 647 732 leetione
676 664 720 733 ab
749 662 902 754 Ephesio
930 667 1152 755 propugnata
1182 666 1337 737 ostendit

191 771 376 841 astantiam
387 768 528 840 minime
542 771 741 861 ambiguam
756 771 884 842 Besiiii
895 771 937 841 de
947 772 1164 862 processione
1179 771 1337 863 Spiritus

192 877 289 951 deuoti
311 901 355 949 ex
377 878 483 948 Filio.
502 878 592 949 Vide
616 900 704 971 quea
720 879 910 949 sitavimns
925 879 1334 970 suprepsieoaasos.

238 985 448 1076 Appendieis
474 985 589 1056 instar
614 987 673 1056 hie
703 986 818 1057 adhue
845 987 1109 1056 memorabimus
1139 987 1334 1057 doctrinam

194 1093 415 1179 uientaiium,
441 1093 503 1187 qui
525 1116 594 1162 nou
616 1115 740 1184 grasse
763 1095 823 1164 sed
839 1094 976 1184 syriaoe
999 1093 1056 1165 vel
1074 1094 1211 1165 arabioe
1226 1095 1337 1187 serip-

195 1206 302 1271 sermt.
324 1201 568 1271 Renaudotius
589 1207 755 1272 memorat
778 1203 927 1272 eodioem
958 1202 1136 1292 syriarum
1165 1203 1336 1296 antiquis·

196 1305 295 1381 duum
314 1306 560 1379 Florentinum
583 1307 633 1395 (1)
656 1307 888 1379 eontinentem
903 1329 1048 1379 oenones
1071 1309 1197 1399 synodi
1218 1310 1336 1379 Seleu·

197 1411 297 1483 densis
317 1414 355 1483 in
377 1414 626 1507 Mesopotamia
648 1415 713 1484 sub
734 1415 835 1484 Isaeo
852 1413 1065 1486 Seleueiensi
1081 1420 1118 1484 et
1131 1415 1207 1485 eius
1223 1416 1336 1486 fratre

199 1517 392 1591 Siiarutha
413 1522 607 1592 celebratae
629 1544 651 1590 a
672 1522 718 1592 40
740 1522 910 1613 episeopis
933 1522 1028 1592 cirea
1049 1544 1177 1592 annum
1198 1523 1336 1592 410.1n

200 1623 254 1696 eius
272 1650 398 1698 esnone
421 1629 465 1697 2·.
490 1629 690 1700 continetur
713 1629 882 1720 professio
897 1628 990 1715 fidei,
1010 1629 1184 1721 quainter
1199 1631 1337 1723 reliqua
1408 1678 1412 1687 -

200 1728 313 1805 dieitur:
341 1763 359 1800 u
372 1735 575 1805 eonfitemur
597 1735 635 1805 in
657 1736 831 1828 Spiritum
854 1736 976 1809 vivum
991 1735 1336 1823 stsnnotum,1²ara-

202 1837 302 1910 oletum
323 1842 447 1914 vivum
471 1842 512 1911 de
534 1844 641 1912 Patre
665 1858 697 1910 eo
719 1844 815 1911 Filio
835 1870 851 1906 a
876 1842 992 1913 Menai
1018 1843 1061 1913 Τ.
1081 1843 1152 1935 111.
1177 1867 1213 1935 p.
1232 1843 1333 1932 11683

200 1942 364 2020 Remudot.
382 1951 525 2041 Liturg.
538 1950 711 2020 orient'i.
725 1950 775 2020 11.
789 1975 824 2042 p.
839 1951 917 2020 272.
933 1951 1027 2039 274.;
1041 1951 1223 2022 Assemen.
1238 1951 1333 2021 Bibi.

200 2049 304 2128 Orioni.
322 2057 366 2126 Τ.
379 2057 449 2126 ΙΠ.
461 2059 501 2127 P.
515 2058 564 2126 H.
575 2081 611 2127 u.
627 2058 705 2126 235.
719 2057 852 2127 Ibidem
864 2058 982 2128 adfert
992 2058 1218 2129 Assemeniue
1230 2061 1338 2129 verba

200 2176 230 2228 ox
246 2162 355 2235 Officio
377 2163 640 2251 Chaldaeorum,
665 2164 727 2233 ubi
749 2163 794 2233 ad
816 2163 1030 2235 Matutinum
1044 2164 1248 2236 Dominieae
1263 2163 1335 2233 An·

198 2270 406 2341 imtiationis
427 2270 562 2362 legitur
583 2270 790 2362 protestatio
812 2270 895 2341 fidei
916 2270 955 2340 in
983 2295 1091 2341 unum
1112 2272 1246 2358 Deum,
1273 2271 1334 2365 qui

194 2381 571 2449 sauromatarum
594 2380 655 2471 qui
676 2381 815 2448 Patrem
837 2402 906 2450 non
928 2378 1044 2464 habet,
1069 2401 1112 2449 ex
1134 2378 1198 2448 iiio
1220 2378 1336 2448 Filius

194 2481 242 2570 qui
258 2485 391 2557 Filium
419 2486 637 2573 nonhabet,
662 2492 700 2556 et
730 2486 887 2579 Spiritus
921 2486 1072 2556 Sanetus
1101 2487 1164 2576 qni
1193 2486 1337 2553 abillis
1435 2490 1438 2496 '

188 2593 335 2673 medic.
353 2621 369 2657 r
389 2594 439 2682 (2)
455 2593 510 2662 Ex
525 2594 691 2664 Ieoobitie
706 2593 914 2664 Patrieroha
928 2593 1122 2684 Dionysius
1136 2593 1205 2662 ΙΠ.
1224 2593 1337 2662 medio

188 2701 306 2772 naulo
327 2701 374 2770 X.
392 2701 543 2795 adeoque
565 2708 718 2793 ternpore
734 2702 824 2796 quod
839 2701 976 2793 lapsum
991 2706 1046 2771 est
1060 2700 1154 2770 inter
1168 2699 1334 2769 Photium

188 2808 538 2895 scandarionis
559 2808 708 2899 epistola
730 2804 910 2898 synodica
928 2807 972 2877 ad
994 2807 1154 2878 ideunem
1176 2807 1333 2876 Patriar·

188 2911 270 2984 dram
304 2915 489 3005 Coptorum
520 2914 649 2984 diserte
683 2915 868 3005 profitetur
897 2913 1147 3004 processionem
1176 2912 1336 3005 Spiritus

188 3019 291 3093 iuneti
302 3045 324 3092 a
335 3024 442 3093 Patre
457 3028 493 3092 et
507 3022 614 3092 Filio:
635 3023 759 3093 «Pater
775 3022 909 3092 anullo
919 3024 1025 3092 habet
1040 3021 1262 3091 existentiam
1277 3021 1337 3090 sed

188 3131 291 3201 xistit
312 3130 511 3220 ingenitus,
536 3135 573 3200 et
594 3130 710 3199 Filius
733 3136 788 3201 est
809 3130 950 3222 genitus
965 3152 987 3199 a
1002 3131 1107 3200 Patre
1121 3132 1165 3200 ab
1180 3134 1333 3214 aeterno,

188 3243 203 3308 t
224 3236 384 3329 Spiritus
408 3238 561 3308 Sanetus
577 3237 735 3328 procedit
766 3262 807 3306 eur
829 3238 938 3307 Patre
967 3252 999 3305 at
1029 3239 1125 3308 Filio
1150 3264 1167 3302 n
1193 3237 1245 3327 (3)
1266 3237 1335 3307 As·

188 3367 250 3415 em.
264 3345 308 3413 B.
326 3344 367 3414 O.
386 3343 428 3413 Τ.
443 3343 640 3435 inp-131.
655 3344 734 3414 132.

235 3451 526 3523 «Meminerimus
556 3453 675 3544 itaque
706 3457 768 3542 (nt
796 3453 983 3524 Bessariou
1013 3475 1112 3523 suam
1141 3453 1332 3523 orationem

188 3560 400 3652 ogmatieam
422 3559 596 3631 eouelusit
616 3560 728 3630 Hand.
742 3560 808 3629 IX.
822 3585 857 3652 p.
872 3561 980 3647 363),
1004 3560 1197 3630 necessario
1212 3560 1338 3628 Patres

188 3668 340 3741 utendos
361 3690 437 3738 esse
460 3666 529 3737 sibi
550 3667 702 3739 invioem
724 3668 943 3754 consentire,
968 3690 1032 3737 neo
1061 3666 1167 3735 aliter
1196 3687 1259 3734 nos
1282 3664 1335 3733 di·

214 3828 260 3906 (1)
277 3832 454 3886 iiurstorius
473 3831 523 3900 qui
542 3847 577 3885 ex
595 3829 783 3885 Ambrosians
802 3829 895 3884 edidit
913 3830 1072 3884 versionem
1094 3829 1216 3884 latinam
1234 3829 1336 3883 horum

188 3934 377 3988 monum‚uou
389 3920 507 3975 videtur
521 3918 685 3974 adtendisse
699 3919 734 3972 ad
747 3921 799 3974 hoo
811 3919 986 3974 Rsuaudotii
996 3917 1191 3974 testimonium
1205 3916 1238 3970 de
1251 3914 1336 3970 «Ood.

188 4013 278 4067 uinco
297 4011 351 4064 700
367 4025 506 4065 annornm
517 4030 542 4076 ι,
563 4025 644 4064 seona
662 4025 720 4064 nnn
735 4011 873 4064 movisset
890 4008 1088 4077 suspicionem,
1103 4025 1140 4062 ne
1152 4009 1226 4063 iorte
1239 4008 1335 4062 ohau-

188 4106 238 4157 Ιτοι·
258 4100 371 4168 aliquis
387 4100 482 4155 latino
500 4099 553 4154 ilio
571 4098 738 4156 dooumento
756 4100 927 4170 imposuerit
944 4100 1033 4155 bonae
1051 4099 1118 4154 fidei
1135 4096 1221 4154 dard.
1235 4096 1336 4152 Fride·

188 4191 218 4249 ei
235 4191 398 4247 Boromsei.
528 4248 533 4255 ,

220 4290 725 4409 (vailadedais.

225 4411 984 4550 ‹oiaibeiiminipasiem
