3172 4950
722 264 881 323 „72-

228 386 347 461 cassu.
359 382 387 449 1.
407 404 437 469 p.
453 374 529 443 aas.
548 324 627 454 scr)
652 375 686 435 a
711 367 903 436 consutum
928 366 1042 456 ipsum
1058 366 1265 435 uicenam.
1288 364 1382 433 Inn-

228 502 271 569 lis
292 494 379 565 enim
402 479 557 577 epistolis
581 500 648 544 nou
672 477 713 543 de
736 475 852 544 tribus
875 475 1030 564 personis
1053 474 1091 542 in
1113 475 1290 544 communi
1313 475 1382 564 agi·

226 622 305 688 tur,
331 598 404 667 ideo
425 610 532 681 neque
555 585 621 653 Mt.
637 581 808 650 XXVIII.
829 581 871 649 19
895 582 1047 669 citatur3
1072 583 1140 650 imo
1156 605 1220 672 pro
1235 582 1315 672 ipsu
1338 580 1382 649 di·

228 714 370 783 vinitate
392 697 477 769 Filii
502 696 538 762 in
564 691 765 759 Sardieensi
788 697 909 758 tentus
941 690 1144 781 Scripturas
1175 689 1382 757 adhibentm

224 800 703 917 parcissimaDisputationes
727 822 809 867 vero
833 800 874 868 de
899 800 1038 889 Spiritu
1061 798 1201 883 Sancto,
1227 820 1317 890 quas
1333 819 1382 864 ve·

223 934 276 1001 lut
297 926 333 993 in
355 912 506 987 Concilio
529 910 682 979 Nicaeno
707 906 846 975 habitas
871 932 948 976 cum
964 905 1182 996 philosophis
1199 905 1382 996 gentilium

223 1032 380 1105 (lelusius
401 1019 596 1111 Cyzicenus
620 1016 756 1083 labente
781 1016 919 1084 saeculo
937 1017 981 1086 V.
1001 1014 1150 1099 retulit,
1177 1014 1253 1082 sine
1285 1012 1382 1082 dubi<

222 1150 300 1215 sunt
313 1128 567 1225 supposititiae,
584 1123 754 1215 quidquid
771 1124 819 1191 sit
835 1124 876 1191 de
894 1122 1077 1192 omissione
1095 1124 1277 1192 commatis
1290 1122 1382 1190 Ioan-

221 1253 275 1325 nis
285 1250 321 1315 in
336 1242 430 1309 hisce
446 1232 746 1325 disputationibus
762 1232 962 1301 (lelasianis
976 1233 1100 1320 (Hard.
1114 1234 1144 1301 Ι.
1157 1258 1192 1323 p.
1203 1233 1382 1324 407sqq.)2

221 1352 385 1443 Quamvis
408 1352 524 1413 autem
547 1341 680 1430 singuli
705 1342 828 1409 Patres
852 1364 913 1432 per
937 1364 973 1410 se
996 1348 1032 1410 e't
1060 1364 1212 1410 seorsum
1236 1341 1382 1432 spectati

220 1464 403 1562 positivum
427 1458 669 1541 argumentum
693 1450 736 1517 ad
761 1451 990 1520 evincendum
1014 1451 1192 1520 commatis
1214 1451 1382 1519 defectum

219 1598 285 1645 non
307 1562 529 1657 suppeditent
552 1560 623 1627 nisi
647 1560 873 1647 paucissimi3
900 1560 1126 1628 nihilominus
1149 1582 1216 1627 non
1241 1562 1382 1649 negabo

220 1680 307 1777 quod
330 1672 432 1743 initio
456 1668 620 1751 concessi,
636 1690 676 1734 ex
695 1666 835 1735 silentio
852 1668 1024 1735 conrmuni
1041 1668 1134 1736 inter
1150 1666 1277 1736 Patres
1291 1690 1382 1758 grae·

218 1814 273 1861 oos
297 1806 355 1877 pro
378 1801 416 1848 eo
440 1784 605 1865 tempore,
632 1798 698 1865 quo
725 1775 810 1842 data
833 1798 938 1864 opera
954 1800 1021 1844 non
1040 1776 1108 1843 iam
1127 1775 1237 1842 solum
1256 1776 1298 1844 de
1316 1798 1382 1865 per

219 1916 299 1969 sona
322 1884 406 1957 Filii
430 1884 489 1951 sed
515 1882 555 1949 de
580 1882 719 1971 Spiritu
743 1882 870 1951 Sancto
895 1889 930 1951 et
954 1883 995 1951 de
1019 1884 1133 1951 tribus
1157 1884 1315 1971 personis
1340 1884 1382 1951 di·

219 2000 310 2075 vinis
333 1998 454 2063 coratru
477 1988 671 2056 haereticos
695 1990 914 2079 disputat-um
937 1997 1004 2074 cst,
1023 1997 1059 2058 et
1081 2014 1122 2057 ex
1146 2013 1213 2081 quo
1236 1998 1382 2081 tempore

217 2098 528 2181 demonstrationes
552 2096 717 2165 catholici
740 2098 914 2187 dogmatis
932 2099 1021 2166 satis
1038 2098 1170 2188 amplae
1187 2105 1382 2189 supersunt:

217 2218 364 2303 celsoque
389 2230 449 2295 prro
474 2206 611 2272 labente
635 2205 772 2273 saeculo
795 2207 859 2274 IV.
886 2213 921 2274 et
945 2206 1107 2296 deinceps
1129 2228 1227 2296 posse
1251 2207 1382 2289 confici

219 2314 427 2397 versiculum
452 2312 521 2379 iam
546 2313 583 2380 in
607 2313 729 2381 mult-is
754 2314 930 2383 codicibus
959 2315 1095 2404 graecis
1118 2321 1154 2384 et
1176 2316 1256 2383 inde
1288 2317 1382 2384 etian

216 2424 346 2503 ulieubi
373 2424 408 2489 in
434 2421 557 2489 latinis
580 2422 746 2492 defuisse.

283 2532 432 2603 Silentia
449 2529 507 2598 hic
523 2531 715 2621 praeterire
732 2530 822 2615 nolo,
842 2532 931 2621 quod
950 2532 991 2601 de
1009 2534 1045 2602 S.
1060 2534 1172 2602 Leone
1188 2532 1236 2599 M.
1255 2532 1382 2600 iactent

216 2640 424 2717 culversarii.
448 2638 549 2705 «Leo
571 2638 635 2723 M.‚
659 2639 776 2731 iuquit
799 2639 990 2709 Griesbach
1015 2647 1062 2730 (p.
1084 2640 1159 2726 13),
1186 2639 1382 2708 universum

216 2758 414 2823 contextum
439 2748 631 2833 exscribit,
659 2750 718 2817 sed
742 2748 834 2817 huno
859 2748 1072 2818 versiculum
1096 2747 1257 2817 transilit
1280 2748 1316 2814 in
1340 2768 1382 2814 ce·

218 2858 301 2931 latui
327 2855 477 2945 epistola
493 2858 537 2925 ad
553 2856 765 2925 Flavianum
783 2857 819 2924 in
836 2880 1000 2946 graecum
1019 2878 1207 2925 sermonem
1225 2875 1382 2923 converse

215 2980 250 3039 at.
275 2968 307 3035 iu
334 2966 436 3031 (lorus.
457 2966 731 3035 (llralcedoncnsi
755 2964 930 3055 praelecta
949 2994 980 3033 n.
1001 2965 1040 3033 Si
1064 2966 1116 3032 ita
1139 2969 1240 3046 esset,
1268 2985 1382 3031 neces-

216 3076 307 3149 sario
330 3072 497 3141 dicandus
520 3079 611 3141 osset
635 3073 797 3141 Pontifex
821 3073 866 3141 sd
890 3075 1041 3142 Graecos
1066 3072 1220 3141 scribens
1236 3072 1382 3139 versicu-

217 3188 285 3253 lum
311 3180 469 3247 aoaaulto
493 3182 737 3271 praeteriisse;
764 3205 844 3249 narn
869 3182 905 3250 in
930 3182 1107 3252 codicibus
1129 3180 1253 3248 latinis
1280 3179 1382 3248 medi<

216 3288 354 3361 uraaaulo
384 3288 422 3358 V.
442 3291 654 3359 versiculum
676 3316 744 3359 non
768 3291 959 3377 exstitisse,
986 3291 1137 3358 absurde
1164 3294 1255 3358 esset
1280 3288 1382 3378 suspi

216 3399 280 3466 vio.
309 3395 438 3464 'l'ribue
462 3398 639 3465 decenniis
667 3406 746 3488 post
773 3399 939 3490 scriptam
968 3397 1149 3488 epistolam
1177 3395 1221 3463 cd
1247 3395 1382 3464 Flavio·

217 3538 296 3583 aaran
319 3510 473 3579 vidcmus
485 3514 620 3575 textum
637 3508 673 3575 in
690 3506 837 3575 lectione
854 3507 1025 3575 communi
1040 3504 1277 3574 Ecclesiarum
1293 3504 1382 3572 Afri

217 3731 284 3811 lia,
318 3726 453 3791 slruabus
485 3724 770 3813 generationibus
793 3732 872 3815 post
894 3724 1042 3791 Leonem
1068 3721 1106 3788 in
1129 3720 1237 3788 Italia
1268 3719 1382 3788 habuit

213 3834 442 3903 tlraasiodorus
467 3833 516 3919 (1)
542 3834 578 3901 in
602 3832 780 3903 codicibus
809 3838 903 3901 certo
936 3829 1089 3901 vetustis
1119 3835 1154 3897 et
1185 3828 1382 3897 emendatis·

214 3946 336 4027 siricis,
362 3942 524 4033 deinceps
547 3947 694 4033 apparet
712 3942 747 4009 in
772 3941 919 4010 lectione
944 3937 1119 4010 communi
1141 3936 1254 4006 totius
1271 3935 1382 4007 Eccle-

213 4056 286 4125 siae
311 4050 465 4141 latiuae;
492 4052 659 4143 quomodo
694 4074 778 4141 ergo
812 4050 921 4119 Leoni
956 4046 1122 4116 Pontifici
1153 4045 1382 4115 testimonium

217 4164 344 4234 t'aiesat
366 4162 644 4251 incompertum?
668 4162 718 4228 At
742 4160 833 4228 enim
857 4183 899 4227 ex
929 4156 1082 4247 epistola
1113 4155 1157 4223 ad
1180 4152 1382 4223 Flavianum

288 4312 331 4377 (l)
349 4306 511 4361 Cassiodori
532 4316 612 4375 peter
634 4308 691 4361 tuit
705 4308 734 4359 in
760 4306 895 4360 comitatu
914 4305 1038 4373 Leonis,
1061 4301 1176 4371 quando
1190 4302 1325 4370 impetum
1340 4300 1382 4351 At·

221 4404 289 4455 rum
310 4402 459 4469 suprema.
