3172 4950
885 284 1044 343 „38-

853 473 998 533 THESIS
1020 472 1074 533 IV.

557 626 615 686 Eoo
631 627 810 703 principiis
831 627 1019 703 theologicis
1040 634 1150 685 tentes
1171 625 1202 684 1.
1216 623 1264 685 Io.
1283 623 1317 683 V.
1330 621 1364 682 7.

743 728 909 801 pecorinus
929 726 1182 785 demonstratur.

449 924 462 951 ι
473 902 632 957 Secundum
650 904 794 971 principia
811 906 953 959 catholica
971 905 1005 959 de
1023 920 1138 959 munere
1151 905 1295 959 Ecclesiae
1307 904 1362 956 sub
1379 903 1567 957 assistenti·

378 1012 391 1039 e
408 991 537 1059 Spiritus
556 992 654 1046 Sancti
674 993 837 1062 Scripturas
864 1012 960 1049 sacras
983 997 1065 1050 velut
1086 996 1203 1064 publica
1227 986 1424 1048 revelationis
1446 991 1559 1047 instru-

377 1101 390 1129 s
406 1088 501 1135 menta
526 1084 706 1138 custodiendi
725 1092 755 1139 et
765 1086 945 1140 discernendi
967 1104 983 1140 a
1002 1087 1133 1141 textibus
1146 1086 1289 1151 humanis,
1301 1085 1382 1138 locus
1403 1084 1560 1137 110.·v.7

377 1191 390 1218 ι
405 1173 547 1236 genuinus
567 1177 677 1229 censeri
700 1176 847 1229 ‹lebethd
867 1177 978 1231 modum
999 1176 1227 1230 conserationis
1246 1174 1321 1243 qnod
1341 1179 1466 1242 spectat,
1488 1189 1553 1240 snp-

376 1275 389 1303 a
405 1260 509 1323 petunt
525 1264 716 1327 monumenta,
726 1277 798 1328 qnae
810 1263 944 1314 lectionis
957 1262 1205 1316 immemorabilem
1215 1261 1425 1328 antiquitatem
1439 1259 1551 1312 ‹lemon-

376 1363 389 1389 π
404 1349 501 1400 strant
519 1353 548 1401 et
566 1349 711 1403 sniticiens
728 1354 796 1402 sunt
817 1351 991 1417 praesidinm
1018 1352 1202 1418 historicum,
1223 1354 1257 1404 ut
1273 1367 1291 1404 a
1308 1350 1454 1414 legitimis
1478 1348 1549 1400 iudi-

377 1437 485 1491 ·cibus
505 1438 540 1491 (le
559 1443 657 1492 textus
676 1441 841 1509 apostolica
859 1443 972 1508 origine
991 1442 1105 1495 decerni
1129 1442 1265 1510 potuerit.
1287 1443 1465 1495 Documenta
1483 1454 1545 1492 rere

375 1547 389 1574 s
404 1530 551 1583 contraria
571 1546 644 1597 quae
664 1533 849 1599 obiiciuntnr,
870 1534 1123 1600 interpolationem
1144 1549 1202 1587 non
1215 1532 1435 1596 demonstrant;
1455 1545 1545 1596 qnam-

375 1637 388 1664 ι
403 1618 450 1670 ris
463 1634 498 1671 ea
519 1621 583 1672 illis
602 1625 710 1689 pateat,
732 1623 912 1676 omissionem
926 1628 1023 1675 textus
1043 1624 1073 1675 in
1091 1621 1317 1690 transcriptione
1338 1618 1475 1672 Codicum
1495 1619 1543 1670 ian

376 1728 389 1753 n
404 1709 567 1775 antiquitus
586 1713 651 1777 plns
671 1713 802 1765 minusve
821 1715 880 1766 late
899 1719 1084 1781 propagatam
1103 1712 1205 1765 tuisse.

439 1878 469 1946 Ι.
496 1878 667 1962 Quoniam
690 1881 807 1950 critici
830 1883 948 1973 plures
971 1883 1076 1953 etiam
1099 1883 1193 1952 inter
1215 1881 1428 1964 Catholicos,
1449 1901 1543 1972 praa·

373 1990 494 2060 sertim
510 1992 782 2082 posteditionem
795 1994 840 2063 N.
861 1993 903 2060 Τ.
917 1993 1121 2061 adornatam
1134 1993 1178 2061 ab
1188 1990 1393 2081 Augustino
1407 1989 1542 2073 Scholn,

372 2099 428 2167 ias
450 2122 524 2169 esse
547 2107 675 2192 putant
697 2101 913 2190 genuitatem
935 2100 1139 2185 testimonii,
1165 2100 1206 2169 de
1230 2122 1297 2190 quo
1319 2098 1484 2187 agimus,
1510 2097 1545 2164 in

373 2206 517 2277 dubium
540 2230 687 2293 vocare,
717 2207 829 2299 aliqui
857 2208 962 2277 etiam
993 2207 1108 2297 palam
1138 2207 1238 2276 velut
1267 2207 1428 2296 spurium
1457 2203 1545 2272 illud

372 2323 555 2406 respuere
581 2316 815 2386 necessarium
830 2316 954 2406 putavi
969 2314 1144 2406 principia
1160 2313 1333 2384 catholica
1348 2314 1385 2381 in
1403 2314 1545 2382 Tracta·

371 2423 469 2493 tibus
492 2423 533 2493 de
550 2423 755 2493 Traditione
767 2430 803 2492 et
818 2423 860 2491 de
876 2422 1062 2512 Scriptura
1076 2421 1237 2512 exposita
1253 2443 1293 2490 ae
1309 2420 1546 2489 demonstrata

372 2530 417 2598 ad
440 2537 656 2620 praesentem
679 2530 914 2622 quaestionem
949 2528 1146 2619 applicare,
1182 2535 1225 2597 nt
1253 2524 1337 2618 quid
1359 2527 1546 2596 tenendum

371 2638 440 2722 eit,
466 2637 719 2728 intelligamus.
747 2638 986 2706 Protestontes
1024 2637 1085 2729 qui
1120 2634 1306 2726 repudiata
1332 2634 1546 2704 anctoritate

371 2745 549 2814 Ecclesiae
572 2746 727 2815 custodis
750 2752 787 2814 et
809 2745 1014 2835 interpetris
1037 2744 1137 2813 verbi
1159 2743 1226 2812 Dei
1248 2766 1310 2811 suo
1341 2744 1472 2836 quique
1494 2743 1546 2811 in·

372 2855 474 2945 genio
497 2876 537 2923 ae
566 2854 714 2925 arbitrio
748 2855 1043 2923 circumferuntur
1078 2853 1172 2921 omni
1205 2860 1309 2922 vento
1344 2851 1543 2938 doctrinae,

371 2961 570 3031 methodum
605 2961 811 3031 catholicam
846 2985 888 3031 ex
919 2963 1115 3031 oeconomia
1149 2984 1170 3030 a
1204 2960 1345 3030 Christo
1378 2959 1548 3031 instituta

371 3068 453 3138 fidei
477 3069 690 3138 christianae
712 3070 931 3139 essentialem
955 3092 1018 3140 nec
1040 3068 1242 3158 intelligere
1277 3091 1339 3138 nec
1362 3075 1404 3138 et
1426 3069 1546 3138 iurari

372 3183 535 3268 possunt,
561 3178 726 3269 quamdiu
749 3177 786 3245 in
811 3201 873 3247 suo
903 3200 1019 3248 errore
1056 3178 1311 3248 fundamentali
1341 3184 1544 3249 versantur.

372 3285 473 3368 Quod
496 3307 578 3355 vero
601 3284 774 3354 Catholici
795 3285 955 3354 nonnulli
977 3285 1157 3355 tutissima
1179 3286 1354 3376 principia
1368 3287 1406 3355 in
1424 3287 1546 3357 huius·

370 3392 463 3462 modi
487 3393 747 3486 quaestionibus
769 3417 838 3462 non
860 3417 993 3485 semper
1020 3401 1104 3464 sunt
1134 3393 1257 3483 secuti,
1282 3401 1319 3463 et
1341 3394 1547 3489 quandoque

371 3501 494 3572 fallaci
515 3502 706 3572 eruditioni
721 3502 802 3592 plus
816 3503 962 3572 nimium
973 3503 1171 3597 tribuentes
1182 3502 1336 3574 ordinem
1353 3503 1546 3594 dependen-

371 3609 443 3679 tiae
466 3610 560 3678 inter
593 3610 839 3679 auctoritatem
862 3632 902 3679 ac
925 3610 1106 3679 scientiam
1135 3610 1174 3679 in
1196 3600 1299 3679 rebus
1336 3609 1546 3699 theologicis

372 3716 612 3802 inverterunt,
650 3718 686 3787 id
711 3724 804 3786 certe
838 3718 987 3786 tuendae
1024 3717 1170 3787 veritati
1204 3724 1241 3787 et
1270 3716 1414 3808 proinde
1438 3717 1545 3787 etiam

371 3823 538 3894 scientiae
561 3847 630 3893 non
652 3826 799 3915 profuit.

437 3929 480 3998 In
503 3932 680 4022 praesenti
696 3933 915 4023 quaestione,
942 3939 1060 4002 utrum
1076 3956 1119 4002 ex
1135 3933 1319 4024 principiis
1336 3933 1545 4025 theologicis

371 4044 506 4108 constet
534 4039 576 4108 de
603 4039 784 4127 genuitate
806 4045 926 4108 textus
950 4039 1051 4109 1.10.
1071 4039 1117 4109 V.
1137 4042 1179 4126 7,
1216 4037 1344 4109 solutio
1374 4043 1544 4131 pendete

366 4148 546 4237 principio
571 4149 660 4213 istrie
682 4153 719 4215 et
740 4168 762 4214 a
784 4150 930 4214 veritate
946 4149 1056 4236 facti.
1082 4148 1298 4239 Principium
1331 4149 1421 4218 iuris
1444 4171 1466 4217 a
1487 4173 1543 4218 ne-

371 4254 463 4324 mine
485 4252 666 4323 Catholico
693 4254 884 4323 vocandum
908 4255 945 4323 in
969 4257 1238 4326 controversiam
1268 4262 1323 4325 est
1352 4256 1443 4327 illud
1466 4259 1543 4327 iun-

372 4362 589 4431 damentale:
614 4363 659 4432 ad
683 4386 809 4432 munus
840 4362 1017 4433 Ecclesiae
1045 4367 1219 4454 pertinere
1249 4366 1315 4435 sub
1341 4365 1544 4435 assistentia
