3172 4950
704 349 742 363 -
765 316 827 378 558
849 349 887 366 ..

207 420 463 489 Iustificatione
487 420 582 507 (vide
606 421 737 491 Suarsa
753 422 796 491 de
813 421 1177 510 Gratial.V1.v11.;
1201 421 1359 512 Ripuldan

209 531 251 599 ds
272 529 364 597 Ente
388 536 611 620 supernatur.
626 530 652 601 l.
669 530 734 601 VI.
746 531 837 623 disp.
850 531 928 601 132.
947 536 985 600 ot
1006 536 1170 618 cetoros).
1189 532 1241 600 At
1252 533 1360 601 verosi

209 637 346 727 gratiae
363 638 618 707 sanctificantis
635 639 749 728 ipsum
767 638 941 729 Spiritum
954 639 1123 709 Sanctum
1140 640 1360 710 communicari

208 753 246 815 et
267 744 412 835 speciali
436 745 534 813 modo
558 746 725 835 coniungi
756 769 835 822 oum
861 747 985 831 iustis,
1015 746 1257 816 indubitatum
1277 747 1359 816 otiam

209 857 316 921 estex
330 851 491 919 doctrina
503 849 780 941 Scripturarum,
795 875 838 921 ax
854 852 1039 923 intellectu
1055 853 1233 924 catholico
1245 854 1303 923 SS.
1315 855 1360 922 Po·

209 965 331 1042 trum,
357 979 398 1025 ac
422 957 664 1048 theologorum
688 982 869 1029 consensu.

276 1067 306 1135 Ι.
323 1065 509 1155 Scriptura
532 1066 663 1135 diserta
685 1066 796 1136 docet:
824 1067 867 1140 l‘.
886 1067 999 1158 ipsam
1022 1089 1208 1156 personam
1230 1069 1361 1158 Spiritus

211 1174 334 1244 Sancti
363 1172 463 1242 nobis
498 1175 758 1243 communicari.
787 1175 875 1243 Nam
899 1197 941 1244 ax
966 1195 1036 1242 una
1068 1181 1172 1265 parte
1203 1175 1361 1244 exhibeto

209 1283 316 1351 Patre
339 1288 376 1351 et
397 1281 492 1351 Filio
516 1281 724 1352 distinctum
747 1282 982 1365 Paracletum,
1009 1283 1071 1374 qui
1093 1282 1197 1352 nobis
1219 1284 1317 1352 datur
1334 1289 1362 1350 ut

211 1394 350 1456 maneat
371 1387 409 1455 in
433 1387 560 1473 uobis;
586 1411 627 1456 ax
652 1394 752 1478 parte
775 1387 889 1457 altera
912 1388 1132 1457 coniunctam
1166 1388 1300 1481 quidem
1319 1388 1362 1457 sod

211 1495 414 1565 distinctam
449 1495 604 1564 ostendit
638 1495 813 1563 internam
848 1495 1194 1566 communicationem
1229 1496 1364 1586 Spiritus

211 1600 334 1671 Sancti
357 1607 533 1693 tamquam
557 1622 682 1670 causas
705 1608 742 1670 et
764 1602 1108 1671 communicationem
1124 1603 1291 1672 donorum
1304 1623 1364 1693 gra·

209 1710 280 1778 tiae
304 1715 482 1800 tamquam
505 1710 680 1779 effectum.
709 1710 784 1778 «Et
807 1733 870 1798 ego
894 1711 1023 1799 rogabo
1046 1710 1189 1780 Patrem
1220 1717 1257 1782 et
1278 1711 1365 1777 oliuu

212 1817 432 1884 Paracletum
445 1816 544 1884 dabit
557 1817 668 1901 vobis,
683 1823 725 1885 ut
741 1821 879 1886 maneat
893 1816 1072 1885 vobiscum
1090 1818 1127 1885 iu
1145 1823 1362 1886 saturnum...

211 1946 273 1994 vos
296 1929 413 1992 autem
436 1924 653 2012 cognoscetis
676 1946 770 2009 oum,
796 1925 880 2015 quia
904 1923 996 2012 opud
1027 1948 1085 1991 cos
1107 1926 1262 1992 monebit
1292 1941 1321 1990 et
1338 1926 1366 1987 ts

211 2033 305 2098 vobis
335 2035 402 2098 erit
439 2029 523 2122 (παρ’
543 2032 609 2118 ὗμιν
629 2055 708 2118 praua
725 2055 775 2095 και
807 2026 836 2094 ἐν
862 2029 929 2116 ὐμιν
950 2026 1048 2116 ἐσται)
1072 2059 1089 2095 n
1114 2033 1168 2100 Io.
1199 2033 1297 2102 XIV.
1324 2032 1363 2100 16.

214 2136 416 2205 «Oios-itas
439 2139 506 2204 Dei
530 2136 661 2225 diffracto
684 2153 732 2203 est
757 2141 794 2202 iu
812 2135 968 2203 cordibus
990 2141 1119 2204 uostris
1131 2163 1198 2228 per
1219 2141 1367 2229 Spiritum

211 2247 385 2327 Sanctum,
411 2248 474 2336 qui
505 2246 606 2314 dutus
630 2261 678 2312 eat
705 2245 835 2311 nohis»
865 2241 898 2331 (d
925 2240 1032 2332 ἀγαπη
1061 2245 1138 2310 θεον
1168 2247 1324 2334 ἑκκεχυται
1343 2241 1366 2306 ἐν

211 2374 276 2424 ταις
309 2346 446 2441 καρδιαις
484 2352 566 2438 ἡμων
600 2346 652 2416 δια
688 2372 852 2437 πνευματος
892 2349 978 2439 &sou
1020 2373 1072 2416 rou
1113 2347 1257 2426 δοθεντες
1292 2349 1364 2438 spu)

212 2458 366 2528 RomV.
382 2460 414 2525 ὅ.
447 2457 618 2540 Quamvis
641 2458 761 2549 itaquo
783 2461 929 2547 spiritus
953 2479 1053 2549 saepe
1086 2459 1269 2550 significet
1288 2459 1366 2527 hobi·

212 2564 342 2633 tuaiem
355 2565 491 2632 animae
504 2563 781 2653 dispositionem,
791 2569 828 2632 et
839 2567 987 2653 spiritus
1004 2567 1108 2632 bouus
1123 2566 1369 2656 dispositionem

211 2669 513 2763 supernaturalem
536 2693 598 2760 per
621 2670 711 2738 dona
734 2669 894 2758 gratiae,
921 2670 958 2737 in
982 2669 1038 2738 his
1061 2677 1182 2740 tamon
1205 2672 1292 2742 locis
1311 2671 1367 2740 eri·

211 2774 332 2842 dantar
356 2772 537 2861 significat
559 2772 669 2862 ipsam
694 2793 873 2861 personam
898 2779 1062 2864 quaeest
1094 2781 1220 2843 auctor
1253 2774 1367 2864 gratia·

210 2903 315 2961 rum,
340 2878 440 2946 nobis
465 2877 764 2946 communicatam.
778 2878 965 2947 Praeterea
988 2880 1026 2947 in
1049 2879 1212 2949 omnibus
1227 2879 1367 2951 locisad·

209 2986 364 3056 ferendis
388 3008 471 3074 prae
495 2985 608 3054 oculis
640 2985 828 3070 habeatur,
862 2987 953 3075 quod
982 2988 1070 3056 alibi
1102 2995 1281 3058 ostensum
1309 2995 1366 3068 est,

208 3097 381 3183 Spiritum
405 3116 481 3161 oum
505 3086 673 3182 epithetis
696 3095 850 3182 Spiritus
866 3095 1030 3177 Sanctus,
1053 3095 1212 3184 Spiritus
1237 3098 1367 3172 Putris,

209 3202 361 3288 Spiritus
370 3201 462 3267 Filii
473 3205 539 3268 eto.
552 3222 671 3267 noman
689 3222 762 3268 esse
779 3223 847 3267 non
860 3199 1057 3269 absolutum
1076 3202 1137 3270 sed
1151 3202 1368 3292 personalem

209 3308 389 3396 proprium
412 3307 540 3375 tertiae
562 3328 729 3395 personae
751 3307 789 3373 in
806 3307 980 3376 Trinitate
1004 3315 1127 3398 (supra
1151 3335 1186 3400 p.
1203 3310 1259 3377 12.
1274 3308 1366 3390 389).

276 3413 319 3481 2⁰.
338 3414 433 3482 Haeo
457 3414 577 3482 missio
600 3414 638 3481 iu
661 3414 765 3483 corda
780 3421 901 3483 nostra
916 3420 953 3484 et
968 3416 1239 3486 communicatio
1254 3424 1306 3485 ost
1319 3415 1368 3482 hu·

209 3521 382 3605 iuamodi,
410 3528 451 3590 ut
474 3542 620 3610 persona
643 3520 766 3590 divina
790 3524 828 3585 iu
852 3522 949 3587 uobis
978 3525 1187 3590 mansionem
1206 3524 1324 3611 facias
1342 3527 1371 3588 et

210 3631 246 3696 in
270 3629 370 3697 nobis
395 3630 527 3695 habitet
549 3633 726 3720 tamquam
749 3635 883 3697 amator
907 3650 947 3698 ac
978 3636 1115 3699 amatus
1140 3631 1179 3699 in
1211 3638 1324 3700 amato
1342 3634 1371 3696 ot

209 3743 371 3821 amante,
397 3743 573 3827 tamquam
597 3741 772 3824 protector
796 3757 835 3804 ac
859 3741 957 3804 tutor
981 3743 1017 3805 at
1040 3736 1195 3826 largitor
1219 3740 1372 3807 donorum

209 3843 346 3932 gratiae
362 3893 370 3927 ‚
397 3850 573 3933 tamquam
598 3843 754 3929 Spiritus
777 3843 974 3932 adoptionis
989 3850 1129 3912 nostrae
1145 3845 1184 3913 in
1200 3845 1296 3915 filios
1306 3844 1370 3926 Dei,

208 3956 384 4039 tamquam
409 3971 513 4019 causa
536 3972 577 4020 ac
601 3953 680 4018 fons
703 3951 799 4019 vitas
823 3952 1115 4040 supernaturalis,
1144 3959 1324 4045 tamquam
1337 3951 1373 4020 si·

209 4054 336 4143 gillam
360 4061 397 4124 et
419 4056 526 4124 arrha
549 4058 736 4147 promissae
760 4058 988 4148 possessionis
1009 4057 1075 4126 Dei
1098 4058 1223 4148 planas
1247 4083 1288 4130 ao
1311 4063 1374 4129 bu·

209 4161 340 4246 tificae,
367 4167 545 4254 tamquam
569 4164 663 4233 Deus
686 4166 724 4232 in
747 4165 876 4255 templo
899 4165 1068 4234 rationali
1092 4166 1162 4235 sibi
1186 4173 1375 4239 consecrato

209 4269 397 4338 secundum
421 4275 530 4340 totam
553 4277 716 4342 naturam
739 4272 902 4343 hominis.
932 4273 1033 4356 «Qui
1048 4278 1169 4343 autem
1184 4275 1310 4367 diligit
1320 4295 1373 4357 mc,

209 4374 419 4465 diligatura
441 4378 546 4448 Patre
569 4401 665 4465 meo,
690 4384 727 4450 et
749 4401 813 4470 ego
836 4379 983 4470 diligam
1007 4400 1085 4448 eum
1102 4385 1140 4450 et
1154 4380 1376 4452 manifestabo
