3172 4950
650 346 686 361 -
706 316 727 374 3
749 316 764 374 1
788 346 826 360 -

191 418 305 487 aeresis
320 417 533 487 Sabelliana.
551 316 774 488 Recentiodss
791 400 1002 487 Scholastici
1018 415 1086 501 illi,
1107 416 1167 507 qui
1184 415 1319 499 docent,

189 526 340 595 elationes
364 549 432 594 non
448 526 582 594 includi
606 527 642 594 in
666 528 828 611 essentia,
847 549 914 595 non
929 531 1077 616 possunt
1091 524 1206 594 eodem
1225 521 1323 592 modo

189 658 226 726 ,no
246 634 281 703 S.
295 634 458 720 Thomas,
484 634 618 704 solvere
642 634 731 705 hanc
755 635 1007 704 difficultatem.
1028 634 1099 703 Nos
1115 639 1229 701 tamen
1246 653 1323 701 eum

189 742 276 811 rnltis
296 743 472 834 theologis
503 744 716 812 manebimus
747 744 783 812 in
817 744 976 812 doctrina
1004 741 1222 810 lucidissima
1251 739 1323 807 An·

189 850 272 938 plici,
286 852 347 943 qui
366 851 550 921 obiectioni
566 853 619 920 ita
634 853 836 942 respondet:
865 882 881 915 a
896 854 976 920 licet
991 852 1117 918 relatio
1133 875 1200 916 uon
1217 847 1325 915 addat

189 984 260 1049 apro
283 964 461 1026 essentiam
485 962 642 1052 aliquam
672 985 741 1027 rem
771 959 827 1028 sed
856 962 964 1028 solum
993 962 1185 1040 rationem,
1210 964 1326 1027 tamur
1386 997 1394 1013 ·

189 1066 279 1135 elatio
302 1074 357 1136 est
380 1068 500 1160 aliqua
523 1091 600 1155 res,
627 1069 720 1138 sicut
754 1068 860 1139 etiam
892 1068 1029 1137 bonitas
1052 1074 1106 1136 est
1128 1066 1248 1158 aliqua
1270 1087 1327 1134 rea

189 1175 298 1260 nDeo,
325 1175 409 1245 licet
431 1199 499 1243 non
523 1177 667 1246 differat
688 1177 732 1244 ab
755 1177 907 1246 essentia
922 1176 992 1244 nisi
1015 1175 1161 1259 ratione,
1180 1180 1216 1242 et
1233 1172 1326 1241 simi·

189 1281 242 1351 iter
261 1290 314 1352 est
337 1283 379 1353 de
403 1286 587 1374 sapientia.
610 1286 659 1353 Et
682 1285 759 1354 ideo
782 1286 875 1354 sicut
897 1306 938 1354 ea
961 1307 1049 1376 quae
1079 1282 1260 1374 pertinent
1281 1279 1325 1348 ad

189 1392 343 1462 unitatem
367 1394 425 1461 val
449 1394 667 1484 sapientiam,
693 1393 838 1462 realiter
860 1393 932 1461 Deo
960 1391 1184 1474 conveniunt,
1209 1397 1252 1459 ut
1274 1390 1326 1457 in·

189 1496 315 1588 elligere
339 1508 421 1585 etc,
439 1501 493 1569 ita
515 1502 621 1570 etiam
638 1501 673 1568 id
691 1502 781 1593 quod
797 1506 852 1570 est
869 1500 977 1569 realis
992 1499 1175 1568 relationis
1191 1496 1327 1568 scilicet

188 1608 279 1697 epponi
295 1616 331 1677 et
349 1609 535 1699 distingui,
553 1608 698 1678 realiter
713 1608 750 1676 in
768 1608 900 1677 divinis
924 1609 1106 1679 invenitur
1120 1634 1152 1674 a.
1167 1605 1327 1675 Ulterius

188 1718 378 1808 ¹reosequitur
410 1717 446 1786 S.
465 1719 594 1787 Doctor
627 1719 688 1804 (ib.
704 1716 836 1802 ad11):
866 1716 994 1785 anullo
1018 1717 1116 1784 modo
1144 1714 1326 1784 conceden-

188 1819 241 1891 lun
261 1833 325 1912 est,
352 1825 443 1916 quod
466 1826 564 1894 aliud
589 1827 637 1895 sie
661 1850 727 1893 esse
748 1825 931 1893 relationis
955 1825 993 1891 in
1015 1822 1148 1891 divinis
1170 1827 1207 1891 et
1229 1818 1327 1889 aliud

188 1933 337 2002 assutiae.
356 1934 461 2001 Ratio
485 1942 600 2002 autem
627 1957 694 2001 non
726 1932 905 2023 signifieat
928 1955 1014 2013 esse,
1040 1929 1100 1998 sed
1131 1954 1197 1996 ease
1227 1926 1326 2021 quid,

188 2036 272 2109 idest
294 2039 379 2132 qnid
403 2041 544 2132 aliquid
567 2057 626 2110 cst.
653 2042 750 2111 Unde
775 2042 863 2109 duae
886 2040 1041 2108 rationes
1063 2039 1170 2107 unius
1192 2037 1244 2106 rei
1260 2060 1328 2105 non

188 2143 396 2219 demonstrant
418 2150 548 2240 duplex
573 2175 639 2217 ease
661 2150 748 2235 eius,
774 2148 833 2217 sed
856 2149 1097 2217 demonstrant
1110 2145 1199 2239 quod
1215 2145 1328 2235 dupli·

188 2255 247 2321 eiter
266 2256 305 2323 de
329 2259 397 2324 illo
411 2281 448 2323 re
468 2272 581 2346 potest
604 2258 675 2324 dici
698 2255 785 2348 quid
807 2271 867 2338 eet,
893 2256 987 2325 sicut
1010 2255 1052 2324 de
1071 2261 1200 2345 puncto
1215 2258 1330 2344 potest

188 2357 236 2431 liei
254 2365 416 2456 quidest,
436 2366 529 2433 sicut
549 2364 760 2455 principium
776 2369 812 2433 et
834 2370 877 2433 ut
898 2363 980 2431 finis
995 2368 1138 2454 propter
1154 2362 1328 2432 diversam

188 2469 325 2541 rationem
349 2472 517 2563 principii
539 2479 575 2540 et
598 2472 679 2540 finis
697 2501 728 2543 n.

231 2579 338 2649 Habes
362 2579 452 2648 hanc
475 2578 669 2648 doctrinam
694 2580 730 2648 S.
747 2580 897 2649 Thomae
913 2579 1020 2648 etiam
1037 2578 1153 2649 lucide
1175 2576 1328 2647 declara-

188 2688 238 2755 hn
250 2688 339 2780 apud
360 2688 463 2757 Card.
480 2687 735 2757 Pallavicinum
753 2686 867 2773 (Cure.
882 2686 1035 2777 theolog.
1052 2687 1077 2755 l.
1092 2685 1195 2755 VIII.
1210 2709 1241 2755 c.
1256 2685 1326 2772 52),

188 2810 216 2860 rx
232 2820 291 2888 qno
313 2818 425 2886 pauca
458 2797 571 2865 citabo
603 2795 802 2886 speciminis
831 2796 969 2884 gratia.
998 2794 1068 2862 uSi
1091 2793 1328 2886 praedicatum

188 2896 262 2988 illud,
288 2905 378 2995 qnod
406 2904 498 2973 inter
523 2904 714 2994 producens
737 2911 773 2973 et
801 2905 1006 2994 productum
1035 2908 1090 2973 est
1119 2901 1329 2995 principium

188 3004 398 3081 distinctionis
428 3013 661 3100 (paternitas,
696 3011 823 3080 filiatio
854 3015 939 3097 etc.)
967 3011 1118 3080 addatur
1149 3009 1223 3079 enti
1252 3008 1329 3077 infi-

188 3115 248 3203 nu,
270 3120 362 3188 nihil
395 3120 557 3188 entitatis
573 3119 629 3187 illi
648 3119 825 3209 adiungit;
847 3141 926 3186 nam
950 3144 1011 3188 ens
1034 3119 1211 3187 inlinitum
1226 3117 1332 3185 hahet

188 3240 231 3310 ptr
251 3252 285 3297 se
313 3252 444 3298 omnem
473 3229 653 3296 entitatem
682 3235 718 3296 et
744 3251 875 3296 omnem
896 3227 1142 3317 perfectionem
1166 3225 1217 3314 (h.
1232 3247 1262 3294 a.
1280 3246 1331 3294 es·

188 3336 275 3403 tentia
296 3337 438 3406 infinita
461 3337 612 3406 includit
639 3360 769 3406 omnem
791 3337 1001 3421 realitatem,
1020 3337 1125 3405 etiam
1153 3356 1240 3428 quae
1268 3333 1331 3401 sub

190 3434 301 3511 tonali
324 3446 461 3514 ratione
484 3445 667 3514 relationis
683 3445 817 3537 concipi
841 3450 981 3536 potest).
998 3444 1127 3528 Quare,
1146 3450 1188 3511 ut
1203 3439 1331 3512 acutis·

191 3543 250 3622 tine
271 3553 363 3622 vidit
386 3554 423 3622 S.
440 3554 590 3623 Thomas
603 3556 635 3623 1.
651 3580 683 3647 q.
702 3556 757 3623 28.
781 3578 813 3622 a.
837 3555 870 3639 2,
889 3554 981 3622 nihil
1006 3550 1210 3644 superaddit
1226 3548 1331 3640 perti·

191 3674 252 3731 hene
265 3666 305 3734 ad
321 3666 605 3756 complementum
622 3665 733 3754 ipsius
748 3670 784 3734 et
800 3664 846 3732 ad
862 3689 928 3732 ease
945 3668 995 3747 ia,
1014 3662 1074 3731 sed
1091 3661 1191 3728 addit
1207 3679 1332 3747 purum

192 3784 240 3834 aee
257 3772 298 3838 od
320 3773 356 3843 h.
372 3797 401 3842 e.
424 3780 618 3863 respectum
640 3773 684 3841 ad
706 3772 827 3839 alium.
855 3772 925 3854 Qui
952 3774 1129 3860 respectus
1145 3764 1332 3835 secundnm

193 3888 219 3939 te
231 3883 263 3946 'et
281 3902 387 3970 supra
411 3904 479 3947 esee
503 3883 539 3945 io
564 3903 631 3947 non
648 3878 735 3947 dicit
751 3878 862 3945 ullam
882 3878 1083 3964 entitatem
1101 3896 1180 3943 nam
1197 3895 1258 3941 ens
1275 3870 1334 3942 vel

194 3986 232 4047 tal
243 3985 366 4080 aliquid
383 3981 581 4056 absolutum
596 3988 633 4054 h.
648 4010 677 4056 e.
694 3985 903 4070 substantia,
922 3984 980 4053 vel
996 3983 1130 4076 aliquid
1150 3982 1334 4050 inhaerens

195 4079 244 4173 itti
262 4097 415 4165 absoluto
438 4096 474 4163 h.
497 4119 526 4165 e.
551 4095 729 4182 accidens3
756 4093 792 4163 id
816 4116 898 4163 vero
922 4091 1012 4184 qnod
1037 4114 1147 4183 neque
1175 4095 1229 4159 est
1255 4089 1333 4157 suh·

196 4196 299 4271 euntia
320 4227 429 4297 nsque
452 4204 612 4273 inhaeret
634 4203 851 4271 substantiae
867 4203 925 4270 sed
949 4208 1003 4269 est
1026 4222 1141 4268 merus
1156 4204 1334 4287 respectus

197 4296 367 4403 itleliquid
379 4312 501 4397 'aliud,
519 4335 586 4381 non
610 4312 716 4381 habet
732 4312 902 4380 rationem
919 4309 1054 4379 entis...
1073 4307 1140 4376 Sed
1156 4310 1333 4394 respectus

198 4407 242 4493 Ili
257 4414 352 4489 datur
376 4420 412 4489 in
435 4421 507 4490 Deo
529 4419 753 4511 producentis
782 4418 826 4487 ad
854 4416 1060 4508 productum
1088 4412 1145 4483 vel
1173 4409 1333 4502 producti
