3172 4950
649 299 827 364 ..245-

612 498 755 561 THESIS
776 501 863 562 XVI.

220 640 263 703 lle
284 644 496 722 aequalitate
516 652 546 704 et
566 646 786 707 similitudine
807 646 1002 706 diuinorum
1022 642 1248 724 personarum.

207 815 301 868 scum
321 815 484 882 aequalitas
502 829 534 870 ac
551 815 708 868 similitudo
731 820 875 885 supponet
895 815 1110 872 distinctionem
1130 821 1160 871 et
1178 818 1323 884 significet

189 906 308 973 aliquam
328 907 493 974 unitatem,
515 905 569 959 illa
591 906 706 973 quidem
726 907 913 974 perlectionis
941 907 1083 961 unitatem
1105 909 1167 961 sine
1187 924 1322 977 excessu,

186 995 245 1050 huc
265 996 315 1049 vel
337 995 480 1049 unitatem
501 993 615 1048 eandem
635 996 683 1049 vel
696 996 926 1050 convenientiam
940 996 1116 1050 interiorem:
1133 995 1250 1051 divinae
1263 1012 1325 1065 per-

188 1102 264 1141 sonae
284 1088 364 1141 sicut
383 1085 538 1140 secuudum
558 1088 712 1140 essentiam
736 1087 894 1151 identieoe,
923 1088 966 1140 ita
995 1087 1168 1154 simpliciter
1196 1088 1326 1154 aequales

187 1176 389 1244 praedicandae
404 1179 474 1231 suat
487 1194 493 1242 ;
514 1178 615 1232 similes
626 1181 722 1232 antem
735 1178 767 1230 in
781 1193 836 1230 ano
856 1176 970 1245 quidem
983 1191 1069 1230 sensu
1082 1179 1212 1244 possunt,
1224 1176 1255 1229 in
1266 1176 1325 1230 elio

186 1282 233 1320 nen
251 1273 378 1336 possunt
396 1267 465 1321 dici.
477 1266 558 1322 Unde
571 1267 619 1321 SS.
632 1269 734 1322 Patres
753 1271 818 1322 orta
837 1267 894 1321 iem
914 1267 1028 1322 haeresi
1048 1265 1158 1320 Aniene
1183 1269 1213 1318 et
1237 1264 1324 1318 Semi·

186 1356 278 1409 ariaua
296 1371 355 1410 uon
374 1355 583 1423 professionem
600 1356 803 1409 similitudinis
816 1357 998 1427 simpliciter,
1013 1356 1063 1410 sed
1076 1354 1275 1409 similitudinis
1286 1370 1326 1406 se·

186 1446 301 1498 mudum
317 1447 466 1499 essentiam
484 1449 514 1499 et
533 1448 684 1500 secundnm
697 1447 896 1514 aequalitatem
913 1443 1156 1519 (ἀπαραλλακτως)
1174 1443 1325 1499 admittere

187 1537 352 1592 solebant.»

217 1717 390 1809 theologi
402 1717 541 1788 scholae
556 1741 633 1809 eam
649 1718 821 1809 Magistro
836 1718 868 1788 1.
879 1720 963 1789 dist.
975 1720 1030 1789 19.
1046 1727 1083 1791 et
1098 1721 1325 1791 111181111-

184 1847 209 1895 a
227 1827 259 1895 1.
279 1853 313 1919 q.
327 1827 386 1896 42.
404 1826 601 1899 doctrinam
623 1829 665 1898 de
682 1828 1005 1898 circuminsessioue
1026 1829 1244 1919 coniungant
1267 1853 1324 1899 ve·

184 1941 210 2004 rt
242 1936 433 2006 membrum
472 1958 662 2006 connexam
693 1960 771 2007 cam
804 1937 1006 2030 quaestione
1038 1938 1079 2007 de
1110 1938 1324 2031 aequalitate

184 2063 385 2112 menarum.
399 2042 452 2141 ‚Et
475 2064 558 2113 sane
580 2034 665 2114 lieet
688 2044 810 2114 modus
833 2043 1076 2114 considerandi
1091 2067 1257 2141 personas
1272 2069 1322 2116 se·

184 2150 299 2220 ntum
324 2156 509 2243 utramque
532 2150 631 2220 illam
646 2152 818 2222 rationem
835 2152 884 2221 sit
899 2152 1102 2240 eliminatae,
1122 2155 1324 2224 fundamen·

184 2280 226 2326 am
248 2266 366 2329 tamen
389 2259 574 2353 utriusque
601 2266 655 2330 est
685 2260 788 2329 idem.
818 2288 834 2324 a
861 2259 1070 2352 aequalitas
1100 2260 1137 2329 in
1166 2261 1321 2347 divinis,

184 2366 267 2459 equit
287 2366 466 2436 Aureolus
489 2365 639 2453 (1.1111.
663 2366 718 2436 19.
745 2366 784 2435 P.
812 2367 862 2436 H.
886 2389 918 2436 a.
945 2367 978 2437 1.
1000 2390 1137 2459 propos.
1160 2368 1324 2453 2.),111

184 2475 324 2545 etaliad
348 2497 452 2568 quam
475 2475 734 2562 distinctorum,
752 2481 840 2566 puta
855 2475 1125 2567 suppositorum,
1144 2475 1323 2544 indistinc

184 2580 207 2649 io
226 2582 261 2651 in
285 2584 435 2677 quadam
458 2606 497 2653 re
520 2583 710 2653 omnimode
733 2583 942 2654 indistincta
965 2584 1017 2670 (iu
1040 2583 1219 2671 essentia);
1237 2581 1324 2653 haee

184 2695 266 2759 11111
289 2691 511 2761 indistinctio
535 2698 589 2761 eet
604 2692 694 2761 idem
711 2691 802 2784 quod
818 2691 1000 2777 identitas,
1020 2690 1207 2761 secandum
1220 2711 1322 2783 quam

184 2818 221 2865 aa
240 2819 388 2889 persona
403 2798 536 2869 dieitur
550 2799 657 2869 alteri
672 2799 823 2869 identice
839 2797 1037 2868 immanere.
1050 2797 1246 2895 chundam
1259 2799 1323 2868 hoc

184 2903 429 2975 acumiucessio
452 2915 488 2975 et
509 2906 706 2999 aequalitas
730 2906 821 2976 idem
846 2913 952 2992 saut,
978 2907 1228 2999 propterquod
1250 2905 1322 2974 Ma·

184 3011 260 3083 teter
282 3014 321 3082 iu
343 3014 522 3105 praesenti
537 3013 621 3083 dist.
636 3014 691 3083 19.
710 3037 787 3085 cam
810 3015 886 3104 egit
901 3015 942 3083 de
957 3014 1181 3107 aequalitate,
1201 3014 1323 3083 statim

184 3120 379 3188 1111111111
401 3120 447 3189 ad
470 3119 844 3191 circuminaessioncm.
864 3119 963 3188 Unde
979 3119 1041 3210 qai
1056 3118 1210 3209 concipit
1232 3118 1323 3186 indi-

184 3226 292 3298 idaam
309 3228 533 3315 Trinitatem,
553 3252 614 3298 scu
631 3226 1064 3299 Trinitatem-distinctam
1088 3226 1273 3318 (personis)
1285 3227 1322 3294 in

184 3336 295 3406 nodam
318 3336 597 3427 indistiuguibili
621 3337 803 3425 (essentia)
819 3335 1073 3420 indistinctam,
1099 3334 1203 3404 habet
1225 3356 1323 3403 omne

184 3443 238 3514 lad
256 3497 264 3531 ,
291 3445 382 3537 qaod
409 3445 601 3535 important
616 3468 732 3515 omnes
748 3443 974 3514 habitudines
990 3443 1105 3512 illesa
1125 3442 1319 3529 (identitas,

184 3552 366 3645 equalitas,
393 3552 614 3638 similitudo,
641 3552 948 3639 circumlucessio).

217 3661 246 3730 Ι.
265 3661 462 3744 Identitas,
499 3662 717 3753 aequalitas,
752 3657 945 3726 similitudo
975 3657 1169 3749 generatim
1200 3656 1324 3750 dicant

184 3777 200 3835 ¹.
215 3769 366 3862 aliquam
390 3769 655 3839 distinctionem
677 3767 929 3854 terminorum
961 3768 1005 3836 2’.
1028 3766 1224 3836 eorumdem
1250 3771 1320 3836 ter·

184 3875 321 3948 ineram
344 3876 499 3970 aliquam
522 3879 696 3948 unitatem
718 3900 780 3947 sea
812 3875 1090 3947 convenientiam
1121 3876 1159 3944 in
1185 3874 1321 3945 ratione

184 3987 301 4073 1111111,
322 3986 510 4057 secudum
527 4008 629 4079 quam
653 3986 828 4071 identice,
855 3984 1037 4077 aequalia,
1064 3983 1196 4052 similia
1217 3982 1321 4052 intel-

184 4089 323 4181 igantur.
341 4094 515 4164 Identitas
539 4093 747 4185 simpliciter
764 4093 859 4162 dicte
875 4115 943 4160 non
959 4091 1113 4162 includit
1127 4090 1322 4160 distinctio

184 4200 377 4270 1111111111
401 4200 460 4268 sed
483 4200 596 4269 solam
619 4199 879 4269 distinctionem
901 4196 1063 4281 rationis,
1080 4196 1174 4266 sicut
1186 4193 1322 4286 aliquid

184 4300 278 4378 11111111
302 4307 495 4377 identioam
519 4307 704 4398 sibiipsi,
730 4329 878 4398 persona
901 4304 1025 4374 diviua
1059 4302 1215 4373 identice
1245 4322 1322 4370 oum

184 4415 298 4485 acum
315 4439 325 4503 3
344 4419 460 4505 potest
481 4420 598 4485 tamen
622 4413 805 4484 distinctio
833 4411 940 4483 realis
967 4409 1192 4480 terminorum
1223 4427 1321 4498 prae·
