3180 4944
888 377 926 392 ..
947 342 1009 406 550
1028 376 1067 392 ..

388 454 555 524 ditionem
586 473 668 522 vero
698 450 736 520 in
766 450 842 541 ipso
871 449 1029 538 symbolo
1061 447 1453 539 Constantinopolitano
1481 448 1557 519 lieet

387 582 455 628 non
480 560 609 629 diserte
633 556 893 648 improbarent,
919 578 1027 648 neque
1050 561 1166 623 tamen
1188 554 1426 624 admittebant
1449 554 1486 622 in
1500 555 1556 624 Ec·

387 666 495 736 clesia
518 667 684 733 Romana.
700 662 830 732 Habito
853 661 1032 731 annosos
1055 661 1276 754 Aquisgrani
1291 661 1450 732 Concilio
1473 685 1557 732 ocea-

388 775 483 844 sione
505 773 713 854 turbarum,
733 792 821 862 qnae
844 776 966 839 contra
989 770 1237 860 professionem
1268 769 1502 859 processionis
1522 792 1556 838 ex

386 884 480 953 Filio
504 881 672 950 insertam
695 880 732 947 in
756 879 912 968 symbolo
934 878 1109 949 excitatae
1131 884 1235 946 erant
1258 900 1281 945 a
1303 879 1476 948 monacho
1486 876 1556 946 Hie·

387 988 640 1079 rosolymitano
650 991 772 1077 (supra
784 986 916 1077 puae),
928 986 1074 1056 Carolus
1084 985 1132 1055 Μ.
1145 987 1189 1054 ad
1201 985 1462 1076 impetrandam
1471 1007 1556 1055 sanc·

387 1100 516 1169 tionem
540 1094 732 1167 additionis
754 1094 890 1184 legatos
913 1094 1011 1162 misit
1033 1095 1077 1163 ad
1100 1093 1303 1164 Pontificem
1327 1095 1480 1164 Leonem
1496 1094 1554 1161 III.

387 1207 439 1274 At
464 1226 546 1275 vero
568 1205 638 1272 Leo
662 1202 755 1271 hunc
779 1203 969 1272 articulum
993 1203 1031 1271 in
1055 1203 1132 1293 ipsa
1161 1202 1386 1294 professione
1403 1202 1488 1272 fidei
1508 1222 1554 1270 ea·

388 1314 464 1382 dem
488 1311 664 1382 occasione
696 1312 802 1379 missa
829 1313 904 1380 aad
928 1334 1044 1380 omnes
1070 1310 1252 1380 -Ecelesias
1277 1311 1508 1380 orientales»
1529 1317 1559 1378 et

388 1443 502 1499 coram
525 1419 612 1509 ipsis
635 1418 764 1507 legatis
777 1418 893 1487 Caroli
908 1420 1029 1511 utique
1050 1418 1204 1488 asseruit
1215 1425 1250 1488 et
1263 1418 1489 1488 confirmavit
1499 1419 1553 1505 (1),

388 1527 447 1596 sed
475 1524 687 1595 additionem
719 1524 757 1593 in
789 1525 933 1594 solemni
957 1532 993 1595 et
1022 1523 1220 1617 antiquitus
1248 1525 1386 1594 sancito
1410 1523 1554 1613 symbolo

388 1633 504 1703 noluit
526 1634 717 1723 approbare
742 1632 805 1719 (2),
832 1633 900 1700 imo
924 1632 1037 1702 suasit
1060 1639 1101 1701 nt
1124 1653 1164 1701 ea
1193 1632 1309 1700 minus
1332 1630 1491 1722 legitime
1511 1631 1553 1698 in-

388 1744 496 1812 ducta
518 1763 622 1831 penes
645 1740 799 1809 Francos
821 1740 992 1830 paulatim
1024 1740 1265 1826 omitteretur,
1295 1746 1467 1832 quantum
1488 1739 1551 1808 fieri

388 1856 504 1941 posset
537 1851 665 1940 absque
700 1848 881 1937 dispendio
916 1871 1019 1919 verae
1053 1849 1233 1917 doctrinae
1268 1849 1333 1935 (3).
1375 1849 1548 1940 Postquam

440 2025 482 2101 (1)
501 2028 569 2081 Cum
598 2028 689 2092 legati
717 2028 888 2082 recitassent
916 2029 1083 2084 testimonia
1101 2031 1137 2084 ad
1159 2030 1336 2098 probandam
1356 2030 1543 2097 processionem

388 2118 516 2185 Spiritus
536 2118 633 2171 Sancti
653 2132 686 2168 ex
708 2119 794 2170 Patre
813 2124 842 2171 et
860 2118 947 2187 Filio,
967 2121 1103 2173 Pontifex
1122 2119 1280 2186 respondit:
1305 2140 1318 2167 a
1330 2120 1375 2172 ita
1395 2120 1492 2184 sendo,
1509 2119 1540 2169 itu

389 2211 471 2260 teneo
490 2217 551 2260 eum
570 2207 617 2258 bis
637 2207 802 2259 auctoribus
822 2209 851 2259 et
869 2207 898 2260 S.
912 2208 1077 2276 Scripturas
1096 2209 1330 2261 auctoritatibus.
1351 2208 1383 2261 Si
1397 2205 1539 2276 quisaliter

389 2295 422 2348 de
439 2297 493 2348 hac
510 2311 541 2347 rs
561 2295 668 2347 sentire
689 2296 735 2347 rsl
751 2294 849 2347 docere
870 2298 1004 2364 voluerit,
1027 2297 1156 2363 defendo,
1177 2301 1207 2349 et
1224 2297 1283 2349 nisi
1302 2292 1533 2350 conversusfuerit

387 2391 416 2440 ct
435 2384 586 2440 secandum
605 2386 682 2437 hunc
699 2399 812 2437 sensum
832 2390 928 2439 tenere
949 2388 1083 2454 voluerit,
1098 2387 1245 2440 contraria
1257 2388 1429 2439 sentientem
1442 2383 1531 2452 penitus

388 2476 524 2530 abiicio...
537 2474 674 2541 Quisquis
694 2473 798 2527 adhoc
816 2491 901 2527 sensu
921 2477 1073 2529 subtiliore
1089 2477 1254 2544 pertingere
1274 2479 1380 2544 potest,
1399 2480 1428 2529 et
1440 2474 1466 2526 id
1478 2472 1530 2525 scire

386 2571 437 2619 aut
459 2565 502 2617 ita
529 2563 622 2616 sciens
649 2562 763 2615 eredere
784 2565 931 2632 noluerit,
954 2566 1053 2617 salvus
1079 2581 1140 2618 esse
1167 2582 1222 2619 non
1242 2567 1376 2633 poterit„
1397 2562 1477 2617 Haud.
1494 2559 1527 2611 ll.

387 2674 415 2724 p.
428 2655 490 2709 969.
503 2667 567 2721 sqq.
589 2653 683 2706 blansi
699 2653 777 2708 XIV.
799 2670 826 2720 p.
844 2654 886 2705 18.
900 2670 964 2721 sqq.

439 2739 482 2816 (2)
492 2743 560 2796 Cam
570 2756 604 2794 ex
615 2736 830 2796 commemorata
842 2745 1025 2811 responsione
1038 2745 1181 2799 inferrent
1194 2747 1295 2812 legati:
1310 2748 1359 2800 «si
1373 2746 1479 2812 ergoita
1489 2744 1528 2795 est,

387 2836 469 2887 immo
485 2833 553 2900 quia
566 2833 608 2884 ita
618 2834 671 2897 est,
688 2832 762 2898 quod
774 2847 829 2884 non
841 2831 953 2905 credere
966 2849 1021 2885 non
1038 2834 1114 2900 lieet,
1130 2837 1159 2888 et
1172 2851 1228 2887 non
1240 2834 1358 2888 tacendo
1373 2835 1460 2888 docere
1470 2832 1524 2890 licet¹

386 2939 436 2977 cur
455 2937 512 2974 non
532 2922 600 2973 licet
613 2923 728 2973 cantare
742 2923 789 2974 vel
802 2922 943 2976 cantando
958 2922 1069 2976 dooere?
1084 2925 1234 2992 »reposuit
1247 2927 1314 2978 Leo:
1329 2946 1341 2972 u
1354 2926 1523 2988 licetinqusa

387 3013 457 3065 licet
475 3009 597 3064 docendo
618 3014 743 3077 eantare,
765 3014 795 3062 et
813 3011 953 3064 cantando
974 3011 1083 3078 docere;
1106 3011 1155 3064 sed
1179 3013 1281 3064 illicite
1300 3015 1332 3064 in
1345 3011 1526 3078 prohibitura

386 3103 531 3153 scribendo
549 3119 599 3153 nec
618 3100 760 3152 cantando
781 3102 846 3151 licet
865 3103 1009 3153 inserere»
1032 3103 1052 3154 l.
1071 3118 1094 3154 c.
1112 3101 1283 3169 appellavit
1303 3103 1407 3157 ibidem
1425 3097 1525 3154 Pontifex

386 3191 421 3243 ad
444 3191 586 3244 decretum
613 3196 741 3244 veterum
760 3191 970 3258 Consiliorum,
993 3208 1064 3258 quae
1086 3192 1117 3244 in
1138 3194 1266 3259 symbolo
1289 3194 1459 3261 «quidquam
1475 3191 1525 3241 inse⁴

386 3296 449 3333 rere
469 3281 713 3348 prohibuerunt»,
739 3280 863 3348 adeoque
882 3288 957 3336 certe
976 3283 1050 3335 illud
1071 3282 1212 3336 decretam
1233 3285 1276 3336 ita
1294 3285 1449 3348 intellexit,
1462 3285 1525 3332 utsu-

386 3384 439 3436 pra
457 3369 663 3435 explicuimus,
687 3369 761 3435 quod
788 3384 844 3423 non
863 3373 954 3423 solnm
973 3372 1118 3438 corruptio
1137 3388 1188 3438 per
1208 3373 1311 3425 falsam
1330 3359 1525 3426 doctrinabat

385 3459 470 3512 etiam
489 3459 611 3512 insertio
631 3458 775 3511 doctrinae
795 3471 880 3512 veras
899 3476 930 3513 ac
948 3462 1093 3514 revelatae
1114 3463 1155 3514 sit
1167 3462 1329 3528 prohibita,
1355 3463 1414 3516 nisi
1431 3462 1525 3512 detaut·

385 3550 503 3602 toritata
522 3549 594 3615 pari,
612 3550 837 3615 quaaymbolum
851 3551 993 3603 sancitum
1008 3554 1061 3618 est,
1077 3550 1215 3605 videlicet
1234 3554 1408 3606 auctoritate
1429 3557 1528 3616 suprcu⁸

384 3639 532 3692 Pontificis
552 3640 598 3691 vel
618 3639 739 3691 Concilii
766 3641 954 3706 oecumenici,
978 3657 1034 3707 quc
1052 3641 1114 3707 ipse
1134 3642 1190 3694 Leo
1218 3646 1288 3694 tunc
1307 3643 1352 3694 uti
1371 3643 1468 3696 noluit.
1493 3635 1527 3686 Est

384 3729 519 3781 nimirum
538 3729 607 3781 haec
626 3744 670 3782 res
691 3727 861 3795 disciplinae
881 3730 929 3782 sed
950 3729 1121 3796 disciplinae
1147 3732 1321 3798 pertinentis
1333 3731 1378 3785 'ad
1398 3731 1527 3783 universam

385 3819 558 3883 Ecclesiam,
580 3822 609 3871 et
628 3818 691 3871 ideo
711 3831 766 3871 non
789 3820 848 3872 nisi
867 3836 998 3886 suprema
1029 3837 1060 3874 ac
1086 3821 1245 3875 universali
1270 3823 1439 3875 auctoritate
1456 3812 1526 3870 node·

385 3907 501 3961 randae.

438 3993 480 4068 (3)
501 3997 556 4050 «si
576 3998 742 4065 priusquam
762 4000 805 4053 ita
823 4003 997 4066 cantaretur,
1020 4001 1215 4066 interrogatus
1235 4018 1338 4067 essem;
1361 4018 1397 4055 ne
1416 4003 1524 4054 inserere·

386 4091 449 4152 tur,
474 4086 572 4153 utique
600 4088 819 4154 respondissem.
846 4089 885 4142 At
904 4106 994 4156 nune,
1019 4091 1092 4158 quod
1117 4096 1212 4144 tamen
1235 4108 1292 4145 non
1323 4089 1476 4145 affirmando
1494 4076 1526 4134 nd

386 4176 530 4230 vobiscum
550 4175 659 4242 pariter
678 4177 827 4229 tractando
848 4177 920 4244 dico,
943 4184 1080 4245 quantum
1099 4181 1190 4233 menti
1210 4181 1343 4247 occurrit,
1365 4182 1407 4233 ita
1424 4175 1483 4232 nihi
1497 4167 1526 4221 vi·

386 4265 469 4319 detur
498 4281 581 4333 posse
610 4271 760 4335 utrumque
791 4269 873 4320 fleri:
896 4272 929 4320 ut
947 4268 1088 4335 paulatim
1107 4270 1138 4322 in
1159 4271 1288 4337 palatio,
1314 4272 1382 4337 quia
1405 4271 1433 4322 in
1455 4264 1526 4318 nostr·

386 4361 484 4410 sancta
502 4356 630 4410 Ecclesia
651 4371 708 4409 non
728 4361 870 4425 ceantur,
891 4358 1028 4412 cantandi
1048 4360 1220 4414 consuetudo
1240 4360 1366 4413 ciusdem
1381 4352 1488 4426 symboli
1497 4349 1526 4401 in·

386 4446 611 4502 terminetur...
625 4445 656 4499 Si
678 4446 843 4501 dimittatur
861 4464 879 4499 a
898 4448 990 4515 vobis,
1003 4447 1167 4503 dimittetur
1186 4450 1222 4502 ab
1242 4447 1380 4517 omnibus;
1394 4452 1421 4502 ct
1437 4445 1473 4498 its
1485 4438 1525 4492 ler-
