3172 4950
715 363 754 378 ..
775 329 837 391 550
857 360 896 375 .-

218 438 374 528 Spiritus
397 437 548 507 Sanetus
571 437 699 507 missus
722 441 778 505 est
798 431 992 524 Apostolis,
1019 432 1077 502 vel
1101 431 1174 501 iem
1197 431 1316 516 imtae,
1338 438 1366 501 ut

218 546 355 640 quando
388 547 483 615 fecte
518 551 573 616 est
607 545 761 616 visibilis
796 542 917 612 missio
950 541 988 610 in
1022 541 1207 610 Christum
1239 539 1364 631 baptiza·

218 660 305 722 tum.
331 655 519 743 Propterea
541 653 773 743 theophanias
795 650 928 721 veteris
951 649 1172 719 Testamenti
1203 649 1366 742 dequibus

217 760 353 848 egimus
378 758 432 827 th.
446 759 526 845 VL,
541 760 680 828 etiamsi
700 757 890 848 «Angelus
906 756 1047 826 Domini
1060 783 1078 820 n
1097 755 1241 826 dicatur
1253 777 1319 825 esse
1331 755 1365 845 ip

217 890 295 936 sum
317 866 494 952 Verbum,
521 873 689 938 verentur
711 866 889 957 appellere
922 865 1099 932 missiones
1129 865 1226 934 Filii
1253 869 1287 932 et
1315 883 1365 930 me·

218 973 300 1042 lunt
321 974 436 1043 dicere
458 976 709 1064 apparitiones.
735 973 842 1043 Ratio
865 978 948 1057 est,
974 972 1058 1065 quia
1088 970 1174 1040 illae
1203 969 1365 1062 apparitio

217 1103 279 1149 nes
314 1103 383 1148 non
418 1081 672 1150 ordinabantur
706 1081 751 1149 ad
781 1080 1050 1168 significandam
1081 1076 1367 1148 sanctificationem

217 1196 256 1256 et
277 1187 476 1258 missionem
498 1188 725 1272 invisibilem,
752 1210 841 1280 quae
864 1195 940 1256 tum
962 1186 1063 1256 fieret
1090 1192 1158 1255 eut
1189 1190 1293 1255 antee
1318 1183 1368 1251 iau

218 1295 313 1362 facte
335 1299 428 1363 esset
439 1296 500 1382 (of.
515 1293 551 1362 S.
569 1293 635 1362 Th.
648 1293 680 1361 1.
696 1319 729 1386 q.
742 1294 798 1362 43.
814 1315 847 1362 a.
863 1295 896 1362 7.
908 1293 952 1361 ad
966 1292 1014 1379 o,
1031 1293 1165 1362 Suerez
1181 1291 1208 1360 1.
1219 1290 1299 1360 XII.
1309 1314 1335 1359 c.
1343 1290 1366 1356 6.

217 1424 253 1468 n.
274 1401 346 1487 234
361 1401 451 1469 Ruiz
470 1400 562 1492 disp.
575 1402 653 1469 109.
664 1407 749 1471 sect.
761 1402 841 1470 θαι.
853 1401 908 1470 10.
920 1404 1024 1494 sqq.).
1036 1400 1105 1470 Sed
1121 1400 1368 1493 quoniamtheo

216 1509 364 1599 phenice
379 1507 602 1599 pertinebant
613 1508 735 1600 utique
742 1509 786 1577 ad
797 1508 951 1577 ordinem
961 1507 1279 1599 supernaturalem,
1288 1514 1323 1577 et
1330 1508 1370 1576 io

187 1618 190 1628 '
216 1616 364 1685 mediate
388 1615 510 1696 saltem
535 1615 780 1684 connexionem
802 1613 977 1683 hebebant
999 1637 1076 1684 cum
1099 1614 1368 1697 sanctificatione,

216 1722 263 1790 lis
287 1723 328 1791 de
351 1724 450 1792 modo
472 1723 637 1815 loquendi
659 1743 702 1791 ex
725 1722 791 1791 hec
807 1729 908 1812 parte
922 1745 991 1790 non
1006 1722 1197 1811 estmagni
1213 1721 1367 1790 momenti.

216 1830 339 1900 Potius
362 1830 546 1900 dicendum
570 1837 635 1915 est,
661 1831 751 1922 quod
768 1831 886 1899 missio
903 1829 991 1898 Filii
1006 1829 1072 1898 Dei
1088 1835 1170 1899 eret
1185 1829 1371 1921 principalis

216 1938 254 2005 in
276 1937 354 2027 ipse
376 1938 627 2023 incarnatione,
653 1938 885 2028 theophaniae
909 1961 992 2008 vero
1015 1938 1112 2023 illae,
1127 1945 1171 2008 ut
1193 1938 1219 2007 l.
1234 1963 1264 2008 c.
1279 1944 1371 2008 osten·

216 2044 343 2129 dimus,
363 2052 465 2113 erent
480 2046 648 2137 quaedem
663 2045 878 2136 prolusiones
894 2052 930 2116 et
943 2046 1233 2137 praeparationes
1244 2046 1288 2114 ed
1300 2047 1372 2113 hanc

216 2151 412 2220 missionem
435 2151 612 2220 visibilem
634 2151 671 2218 in
687 2157 816 2220 natura
830 2151 1053 2243 hypostatice
1068 2159 1264 2244 assumpta;
1290 2174 1370 2242 prop·

216 2264 313 2327 terea
337 2257 421 2327 illae
444 2258 481 2326 in
506 2258 762 2348 comparatione
786 2281 864 2328 cum
887 2257 953 2328 hac
976 2281 1043 2327 non
1060 2258 1232 2328 dicuutur
1255 2264 1291 2329 et
1312 2259 1370 2327 sine

217 2365 337 2435 addito
360 2365 526 2435 dicendae
548 2388 616 2435 non
640 2371 723 2435 sunt
745 2369 869 2433 missio·
886 2367 978 2434 Filii
1000 2368 1079 2434 Dei.
1095 2366 1221 2435 Simile
1236 2365 1319 2459 quid
1332 2364 1370 2433 di·

215 2473 358 2543 cendum
382 2479 474 2543 esset
496 2474 538 2542 de
561 2473 725 2543 missione
749 2473 905 2563 Spiritus
929 2473 1051 2544 Sancti
1075 2473 1112 2542 in
1136 2473 1253 2544 veteri
1270 2474 1371 2542 Testa·

214 2586 353 2664 mento,
380 2581 411 2648 si
435 2602 522 2672 qnae
546 2580 702 2651 visibilis
725 2580 775 2649 ibi
798 2582 894 2650 faeta
916 2585 971 2650 est
996 2582 1058 2667 (cf.
1083 2606 1117 2671 p.
1137 2581 1211 2667 94),
1237 2581 1275 2649 in
1297 2604 1370 2649 con·

216 2688 398 2778 paratione
422 2712 499 2757 curn
523 2688 685 2757 missione
709 2687 846 2758 visibili
870 2688 1021 2757 eiusdem
1047 2687 1208 2778 Spiritus
1236 2688 1274 2757 in
1296 2709 1372 2756 novo

214 2795 449 2865 Testamento.

282 2903 526 2972 Corollariom.
552 2903 606 2971 Ex
631 2904 737 2973 dictis
760 2904 990 2995 intelligitur,
1013 2905 1056 2972 l'.
1072 2903 1275 2973 missionem
1296 2901 1371 2972 divi·

212 3031 276 3077 nae
299 3031 466 3100 personae
489 3033 556 3078 non
580 3011 657 3079 fieri
680 3011 724 3079 ad
749 3012 846 3079 illam
869 3035 941 3081 rem
966 3009 1178 3095 sensibilem,
1199 3032 1261 3100 per
1284 3031 1371 3102 quan

212 3140 376 3208 praesens
398 3117 646 3207 significatum
673 3119 738 3187 illa
760 3120 852 3189 enim
874 3142 931 3187 res
953 3142 1021 3186 non
1042 3122 1097 3187 est
1113 3119 1290 3186 terminus
1305 3117 1372 3184 mis·

212 3225 321 3294 sionis
356 3226 415 3294 sed
447 3225 596 3294 medium
625 3232 842 3317 assumptum
871 3227 914 3295 ad
948 3224 1148 3295 sensibilem
1177 3225 1372 3294 reddendam

211 3332 407 3403 missionem
431 3334 627 3402 hominibus
651 3340 725 3403 tum
749 3334 823 3403 illis
839 3334 884 3402 ed
900 3357 986 3425 quos
1001 3333 1044 3402 fit
1058 3333 1193 3418 missio,
1212 3341 1288 3403 tum
1303 3332 1373 3400 aliis

209 3447 351 3531 propter
374 3463 459 3532 quos
483 3440 607 3510 saltem
638 3442 787 3511 mediate
809 3443 874 3528 fit3
907 3442 952 3509 2⁹.
979 3440 1156 3512 visibilem
1187 3441 1373 3510 missionem

211 3548 369 3638 Spiritus
393 3548 516 3617 Sancti
548 3571 646 3638 posse
676 3548 753 3616 fieri
782 3554 818 3617 et
849 3551 978 3618 factam
1006 3570 1080 3616 esse
1113 3547 1191 3616 sine
1222 3549 1374 3616 missione

209 3655 381 3743 (passiva)
397 3655 495 3739 Filii,
511 3662 547 3723 et
570 3655 739 3742 vicissim3
752 3654 836 3724 licet
848 3656 966 3724 missio
983 3653 1193 3740 invisibilis,
1207 3661 1252 3725 ut
1266 3662 1374 3746 postea

209 3761 383 3847 dicemus,
409 3763 604 3832 necessario
632 3763 681 3831 sit
715 3763 903 3833 coniuncta
933 3762 1119 3854 utriusque
1150 3784 1320 3853 personae
1346 3765 1375 3826 et

209 3867 421 3938 inhabitatio
438 3871 550 3938 totius
567 3870 769 3941 Trinitatis.
785 3872 956 3954 Quamvis
979 3871 1070 3941 enirn
1083 3871 1276 3941 efficientia
1291 3866 1375 3958 signi

208 3975 364 4044 visibilis
387 3977 438 4045 sit
461 3978 650 4045 communis
671 3978 787 4047 tribus
819 3979 1000 4068 personis,
1026 3978 1247 4067 significatio
1270 3985 1376 4048 temen

209 4084 336 4152 referri
360 4090 475 4175 potest
498 4086 542 4154 ad
565 4109 669 4155 unam
693 4086 897 4155 distinctam
913 4107 1093 4176 personam
1119 4093 1167 4176 (p.
1188 4084 1277 4172 Sin),
1302 4109 1373 4180 quo·

208 4191 306 4259 modo
330 4192 435 4260 etiem
459 4192 501 4261 de
524 4193 769 4262 lucernetione
787 4193 976 4283 efficienter
998 4198 1034 4262 et
1051 4194 1274 4262 terminatius
1293 4217 1376 4287 spec·

207 4301 284 4365 teta
306 4299 526 4369 sentiendum
548 4322 622 4369 esse
646 4300 733 4370 alibi
756 4300 1028 4370 demonstratum
1052 4306 1107 4369 est
1120 4300 1261 4388 (Trect.
1276 4303 1375 4372 deln-

207 4412 342 4475 cernat.
358 4406 605 4493 th.XXXH.).
626 4409 669 4476 32
687 4406 858 4492 Quoniam
883 4407 1111 4478 Sacramenta
1134 4414 1221 4478 sunt
1245 4410 1376 4501 quidem
