3180 4944
704 371 742 384 -
764 338 825 400 542
844 370 882 384 -

208 469 306 534 mns;
336 447 389 515 ita
412 445 450 513 in
474 444 664 535 hypothesi
680 449 862 534 assumpta
885 445 977 513 ratio
997 441 1222 534 procedentis
1249 463 1308 530 per
1323 463 1371 530 ge

208 553 422 622 nerationem
448 557 484 621 et
508 575 570 642 per
591 553 819 642 spirationem
839 574 908 619 non
937 550 1006 618 sibi
1036 553 1306 639 opponerentur,
1329 552 1372 614 at

208 683 274 751 qne
298 659 376 728 ideo
400 681 510 751 nsque
527 659 671 728 realiter
688 660 781 728 inter
803 682 840 728 se
852 658 1174 746 distinguerentur,
1190 678 1298 748 eoque
1309 655 1372 744 ipso

208 789 276 835 non
301 773 419 835 essent
447 767 535 836 duae
559 788 726 856 personae
745 766 969 857 procedentes
992 763 1140 833 realiter
1171 763 1369 847 distinctae,

208 873 268 942 sed
292 895 441 964 persona
469 874 657 963 procedens
681 880 723 943 ut
737 874 908 943 terminus
931 895 1119 962 expressus
1132 870 1370 940 intellectionis

209 981 314 1048 simul
342 1003 383 1050 aa
412 980 594 1050 volitionis
617 987 711 1051 esset
735 1003 818 1049 uns.

275 1086 392 1168 Quare
414 1087 452 1155 in
475 1087 610 1178 duplici
632 1088 698 1158 hac
721 1088 896 1173 veritate,
921 1086 1012 1179 quod
1034 1085 1153 1154 Filius
1175 1091 1214 1154 et
1229 1084 1365 1176 Spiritus

209 1194 360 1264 Sanctus
383 1200 468 1263 sunt
489 1217 652 1285 personae
675 1196 889 1280 distinctae,
915 1202 951 1264 et
977 1194 1067 1286 qnod
1084 1194 1269 1263 distinctio
1291 1194 1362 1262 inter

208 1301 349 1370 divinas
371 1323 535 1390 personas
558 1308 613 1371 est
636 1303 746 1371 solum
770 1326 812 1372 ex
835 1292 1065 1371 relationibus
1097 1301 1249 1391 originis
1280 1301 1360 1369 unios

208 1408 252 1475 ab
275 1408 409 1492 altaro,
428 1408 630 1478 continetur
645 1409 815 1500 implicite
833 1409 977 1493 veritas,
992 1409 1084 1500 quod
1102 1407 1263 1499 Spiritus
1278 1408 1357 1476 Sanc·

208 1518 268 1582 tus
290 1513 446 1605 procedit
468 1515 561 1584 sicut
583 1539 625 1584 ex
649 1517 754 1586 Patre
777 1519 830 1585 ita
851 1539 895 1585 ex
917 1516 1022 1599 Filio,
1049 1521 1086 1584 et
1109 1515 1202 1608 quod
1225 1517 1355 1583 Paterae

208 1621 325 1690 Filius
349 1622 540 1711 spiratione
563 1624 682 1693 activa
704 1646 773 1692 non
796 1625 889 1693 inter
913 1647 949 1692 se
972 1623 1066 1692 seda
1091 1623 1233 1712 Spiritu
1255 1623 1353 1690 Sancto

208 1750 270 1818 per
294 1728 517 1816 spirationem
542 1729 585 1796 ab
608 1730 660 1798 eis
682 1730 887 1820 procedente
920 1730 1064 1799 realiter
1095 1729 1350 1818 distinguuntur.

208 1834 405 1924 Propositio
428 1836 525 1925 prior
548 1836 712 1926 explicite
735 1838 893 1907 revelata
915 1844 993 1922 est,
1019 1844 1061 1905 ut
1082 1835 1290 1905 confitentur
1311 1855 1349 1900 no

210 1941 343 2011 biscum
374 1941 613 2030 schismatici,
639 1944 832 2034 propositio
864 1944 978 2012 altera
1007 1949 1132 2036 contra
1162 1964 1220 2010 eos
1247 1941 1347 2010 denon-

209 2055 345 2118 stratur
371 2055 445 2116 tum
475 2071 517 2118 ex
549 2051 719 2120 communi
751 2052 897 2120 Petrum
928 2050 1089 2119 doctrina
1115 2055 1193 2118 tum
1215 2071 1255 2116 ex
1281 2047 1346 2137 prin·

208 2156 311 2246 cipiis
334 2157 440 2225 certis
466 2156 508 2225 de
535 2158 671 2227 unitate
687 2165 723 2227 et
738 2158 964 2248 simplicitate
991 2157 1135 2227 divinae
1159 2152 1347 2245 perfeetionis

208 2261 246 2330 in
268 2261 448 2350 personis,
475 2284 561 2353 quae
585 2264 816 2334 relationibus
839 2264 1104 2333 constituuntur
1136 2263 1316 2332 distinctae.

274 2368 473 2436 Difficultas
497 2368 601 2437 unica
624 2370 787 2459 indigens
809 2370 931 2462 aliqua
958 2369 1200 2438 illustratione
1226 2367 1285 2437 ills
1300 2369 1345 2445 est,

209 2477 301 2567 quod
324 2474 446 2544 Sancti
471 2475 593 2544 Patres
618 2501 660 2545 ex
683 2476 760 2567 ipso
782 2478 921 2547 diverso
944 2477 1042 2545 modo
1069 2474 1291 2566 processionis
1311 2492 1346 2539 re

208 2591 324 2674 petere
353 2583 466 2653 solent
496 2583 755 2654 distinctionem
778 2586 867 2654 Filii
882 2592 918 2655 et
937 2585 1095 2675 Spiritus
1111 2583 1246 2652 Sancti.
1261 2579 1347 2650 Filius

210 2712 331 2778 nempe
364 2688 614 2777 generatione,
645 2691 802 2781 Spiritus
832 2691 983 2760 Sanctus
1014 2690 1085 2759 alio
1115 2690 1253 2760 diverso
1277 2683 1347 2755 nodo

206 2795 385 2886 procedit,
423 2795 483 2886 qui
510 2799 659 2886 spiratio
680 2804 744 2866 aut
765 2804 902 2871 retento
926 2798 1062 2866 nomine
1091 2797 1191 2866 velut
1217 2792 1346 2886 generice

202 2912 374 2996 processio
392 2908 463 2977 dici
480 2914 603 2998 potest.
622 2906 832 2976 Differentia
855 2907 1085 2975 eradiationis
1111 2902 1157 2991 (το
1174 2899 1296 2995 dmpopa
1309 2918 1345 2964 us

212 3013 400 3105 tapsenses)
431 3015 573 3083 diversa
596 3015 735 3082 nomina
759 3014 846 3103 ipsis
878 3015 1012 3082 fecit.»
1038 3013 1126 3082 Naz.
1148 3034 1199 3080 or.
1218 3011 1270 3077 31.
1284 3002 1347 3075 nl.

208 3149 225 3182 a
241 3119 328 3189 Exit
355 3121 512 3211 Spiritus
536 3120 687 3189 Sanctus
710 3142 777 3188 non
802 3121 969 3212 quomodo
992 3124 1098 3188 natus
1128 3119 1188 3188 sed
1215 3111 1348 3210 quomodo

209 3226 340 3311 datus,
375 3235 410 3296 et
437 3229 513 3296 ideo
544 3251 612 3295 non
641 3227 773 3297 dicitur
806 3228 946 3313 Filius,
976 3227 1060 3318 quia
1092 3249 1155 3295 nec
1189 3221 1349 3294 natusest

208 3332 302 3400 siout
322 3334 540 3422 unigenitus.
558 3362 573 3396 o
599 3332 695 3422 Aug.
716 3335 814 3403 Trin.
836 3335 880 3403 V.
900 3357 929 3402 c.
950 3334 1004 3401 14.
1022 3332 1072 3401 Et
1093 3354 1189 3417 sane,
1206 3351 1296 3421 qnam
1309 3324 1348 3392 ob·

209 3439 391 3507 iectionem
415 3440 589 3510 difficilem
613 3440 768 3531 appellat
789 3441 1055 3525 Pallavicinus,
1084 3442 1163 3508 ode
1195 3440 1283 3506 facto
1301 3430 1349 3520 spi·

209 3547 300 3615 ratio
324 3548 467 3636 passiva
493 3572 561 3616 non
589 3549 700 3616 solunr
728 3549 964 3638 distinguitur
987 3570 1009 3615 a
1035 3548 1229 3637 spiratione
1259 3541 1350 3611 activa

208 3654 268 3722 sed
299 3656 403 3723 etism
435 3677 456 3721 a
483 3654 673 3742 filiatione;
700 3679 783 3745 ergo
807 3655 947 3724 sublata
970 3655 1162 3744 spiratione
1186 3653 1296 3722 activa
1313 3644 1349 3731 (iu

207 3760 314 3847 Filio)
339 3761 454 3830 adhue
477 3768 671 3831 remaneret
688 3762 862 3831 sufficiens
888 3762 1069 3831 distinctio
1091 3762 1186 3829 inter
1209 3756 1349 3848 Spiritum

208 3867 375 3936 Sanctum
398 3875 434 3936 et
456 3869 637 3937 Filium.»
663 3869 836 3939 Pallavio.
855 3870 880 3938 l.
901 3894 930 3940 o.
950 3893 986 3938 n.
1005 3871 1084 3937 454.

274 3974 326 4041 At
348 3996 430 4042 vero
455 3975 497 4042 1·.
523 3977 647 4045 Patres
679 3977 913 4045 differentiam
937 3976 1178 4067 processionis,
1192 3997 1233 4042 ex
1248 3965 1351 4062 quatit

209 4076 391 4146 distinctio
415 4079 510 4148 inter
532 4080 664 4149 Filium
686 4088 722 4150 et
744 4082 916 4172 Spiritum
934 4082 1121 4166 Sanctum,
1148 4102 1189 4149 ex
1214 4080 1275 4147 heo
1294 4076 1351 4162 ips

208 4183 307 4255 velut
328 4186 446 4255 radice
469 4194 643 4278 repetunt,
675 4190 765 4280 quod
788 4189 905 4258 Filius
922 4188 1019 4257 solus
1041 4211 1083 4258 ex
1108 4187 1182 4256 solo
1208 4184 1296 4272 (posu
1313 4199 1351 4264 νῆ’

208 4285 342 4382 soporos)
361 4293 530 4381 procedit,
557 4292 714 4381 Spiritus
737 4292 888 4362 Sanctus
912 4316 1083 4362 veronen
1106 4317 1148 4362 ex
1173 4292 1244 4361 solo
1258 4286 1350 4356 sede¹

208 4399 313 4468 Patre
324 4421 386 4489 por
402 4397 534 4467 Filium
551 4399 662 4468 Basil.
678 4399 826 4488 Gregor.
840 4401 874 4470 N
874 4423 949 4490 yss.
966 4407 1032 4470 etc.
1049 4400 1145 4488 (vide
1157 4397 1274 4490 psas.
1287 4393 1348 4482 spl-
