3172 4950
662 352 701 368 -
722 322 782 384 303
802 354 841 370 -

193 420 401 494 indivinis...
415 423 519 495 Patet
540 446 635 515 ergo,
662 427 753 517 quod
776 447 923 517 persona
950 426 1177 496 communiter
1199 429 1338 515 sumpta

191 529 344 619 significat
366 533 600 602 substantiam
623 534 843 604 individuam
866 533 1053 602 rationalis
1077 543 1237 616 naturae,
1263 554 1338 622 per·

190 658 252 705 sona
265 660 348 707 vero
364 639 488 709 ‹livina
505 640 646 710 formali
663 640 921 730 significatione
937 641 1116 730 significat
1132 639 1338 708 distinctum

189 743 358 814 subsistens
381 746 419 815 in
442 758 571 817 natura
594 748 732 837 ‹livina3
758 755 794 817 et
822 749 905 841 quia
934 748 998 818 hoc
1028 771 1097 817 non
1127 753 1337 838 potestesse

189 850 241 920 nisi
259 852 386 923 relatio
414 855 473 925 vel
504 856 696 926 relativum
719 858 882 948 (quaein
906 858 977 926 Deo
1000 857 1091 927 idem
1114 861 1235 941 sunt),
1261 852 1338 923 ideo

189 960 342 1029 materiali
358 963 616 1052 significatione
627 964 807 1054 significat
822 964 1026 1034 relationem
1043 962 1100 1033 vel
1115 963 1305 1033 relativum
1320 986 1336 1022 n

190 1061 216 1134 b.
227 1066 286 1137 rh.
300 1068 439 1140 Potent.
454 1095 487 1163 q.
505 1071 538 1140 9.
552 1093 585 1141 a.
600 1071 634 1142 4.
652 1075 697 1141 cf.
714 1071 747 1141 1.
762 1097 794 1165 q.
810 1072 866 1139 29.
880 1093 913 1140 a.
924 1073 959 1140 4.

236 1175 356 1270 Itaque
372 1181 532 1271 quamvis
548 1181 655 1250 etiam
672 1181 710 1250 in
727 1182 799 1250 Deo
814 1203 936 1250 nomen
944 1204 1095 1270 persona
1107 1179 1224 1272 aliquo
1236 1199 1339 1247 sensu

190 1283 304 1353 licetur
326 1285 373 1352 ud
396 1311 442 1368 se,
458 1303 491 1354 et
508 1313 576 1355 non
600 1288 738 1356 dicatur
753 1290 900 1357 relative
915 1289 960 1358 ad
974 1288 1096 1373 alium,
1115 1286 1206 1356 illud
1221 1293 1338 1355 tamen

191 1393 259 1481 qnod
278 1394 487 1484 designatur
509 1396 574 1467 hoc
596 1398 745 1483 nomine,
766 1403 905 1465 nonest
927 1396 1124 1465 absolutum
1140 1395 1200 1464 sed
1217 1402 1271 1464 est
1285 1415 1338 1462 re·

192 1494 328 1570 lstimm.
355 1504 440 1570 Dici
462 1502 508 1570 od
530 1528 565 1571 se
586 1506 739 1575 sumitur
762 1506 799 1573 in
823 1504 956 1596 duplici
980 1526 1096 1589 sensu,
1122 1502 1180 1573 vel
1204 1502 1257 1570 ita
1285 1501 1337 1569 ni·

193 1607 313 1695 uirum,
339 1617 383 1679 ut
403 1611 624 1700 significetur
648 1612 806 1681 formalis
829 1613 921 1682 ratio
943 1610 1119 1695 absoluti,
1145 1631 1212 1702 quo
1235 1630 1338 1677 sensu

193 1712 270 1784 olor
289 1717 457 1787 dicuntur
479 1720 643 1805 essentia,
675 1721 859 1811 sapientia,
887 1719 1024 1788 bonitas
1047 1725 1084 1788 et
1106 1717 1220 1786 omnia
1235 1714 1337 1784 attri-

195 1818 257 1892 ton
275 1824 455 1912 absoluta;
474 1826 531 1896 vel
547 1827 678 1894 dicitur
701 1827 747 1894 ud
769 1853 804 1896 se
825 1828 889 1913 ita,
909 1835 951 1897 ut
965 1826 1186 1916 significetur
1200 1822 1337 1915 aliquid

195 1928 265 2002 irre
284 1956 359 2004 esse
382 1934 704 2005 incommunicabile
727 1943 831 2026 atque
847 1935 932 2004 adeo
954 1934 1160 2018 subsistens,
1180 1933 1265 2024 quin
1280 1954 1337 1999 ne·

196 2045 272 2127 retur
292 2041 447 2112 eiusdem
470 2042 629 2111 formalis
651 2043 745 2112 ratio
767 2042 936 2112 relativi:
962 2041 1027 2110 hoc
1050 2063 1154 2109 sensu
1172 2039 1218 2107 ud
1233 2064 1267 2107 se
1286 2037 1337 2105 dt-

196 2148 261 2214 o'tar
280 2165 312 2216 et
335 2164 386 2218 eet
407 2173 555 2240 persona
577 2149 712 2220 divina.
738 2151 899 2220 Profecto
914 2148 1014 2218 'enim
1037 2149 1143 2216 Pater
1165 2157 1219 2216 cst
1241 2146 1278 2215 in
1302 2169 1338 2216 se

196 2249 235 2323 lic
251 2280 338 2327 nnus
361 2257 733 2327 incommunicabiliter
756 2265 792 2327 et
814 2256 958 2348 proinde
981 2256 1126 2325 realiter
1149 2254 1338 2323 distinctus

195 2359 303 2432 rl'ilio
326 2371 364 2433 et
387 2364 527 2454 Spiritu
550 2364 679 2433 Sancto
703 2363 810 2456 (qnod
833 2363 924 2430 idem
947 2362 1045 2431 valet
1067 2362 1109 2432 de
1126 2383 1272 2452 persona
1287 2383 1337 2430 se·

195 2472 280 2540 eunde
294 2494 336 2543 ac
350 2473 486 2559 tertia);
504 2472 567 2542 hoc
590 2479 707 2542 autem
722 2478 777 2542 est
792 2472 856 2539 sub
873 2470 1015 2539 formali
1028 2470 1164 2538 ratione
1179 2469 1335 2538 relativi.

196 2571 364 2651 Discrimen
386 2580 505 2671 itaque
521 2580 615 2650 inter
631 2578 900 2670 appellationem
916 2579 1092 2669 propriam
1116 2576 1336 2647 uniuscuius-

195 2704 241 2773 que
250 2688 357 2757 trium
374 2687 631 2773 distinctorum,
651 2686 745 2756 inter
760 2686 901 2755 nomina
916 2686 1058 2778 inquam
1074 2685 1193 2764 Pater,
1207 2683 1336 2764 Filias,

195 2788 321 2880 Spiritus
336 2797 495 2879 Senator,
511 2803 548 2865 et
562 2796 656 2865 inter
670 2819 793 2864 nomen
808 2817 984 2864 commune
998 2816 1146 2883 persona
1161 2790 1252 2861 illud
1269 2796 1335 2874 est,

195 2902 260 2988 quod
280 2904 423 2996 propria
444 2903 510 2971 illa
532 2903 770 2972 nominatum
794 2901 1039 2972 subsistentem
1069 2905 1145 2968 tum
1167 2898 1336 2967 rationem

195 3006 321 3096 relativi,
339 3018 378 3080 et
401 3010 539 3101 quidem
554 3009 697 3100 singula
713 3007 958 3078 subsistentem
973 3014 1009 3076 et
1024 3007 1215 3077 relativum
1231 3028 1336 3074 unum

195 3108 436 3187 leterminatum
466 3119 686 3208 exprimunt:
711 3140 802 3187 unus
829 3117 934 3185 Pater
956 3139 1025 3184 non
1049 3123 1122 3185 tres
1142 3116 1277 3199 Patres,
1303 3120 1340 3182 et

195 3214 273 3295 later
286 3226 392 3310 Filii3
410 3248 502 3295 nnus
516 3224 634 3294 Filius
647 3247 716 3293 non
733 3233 806 3294 tres
820 3224 919 3306 Filii,
938 3230 974 3293 et
989 3223 1105 3291 Filius
1123 3221 1242 3291 Patris
1253 3227 1335 3307 eta,

194 3342 288 3402 rouen
310 3356 395 3405 vero
415 3357 562 3424 persono
584 3356 627 3404 ex
650 3355 724 3402 sese
747 3338 784 3402 et
806 3355 848 3401 ex
876 3331 974 3400 modo
1005 3328 1231 3420 significandi
1261 3328 1340 3397 sub

195 3433 345 3512 urentem
368 3441 606 3511 tantummodo
628 3441 896 3510 indeterminate
920 3438 1112 3529 significat,
1139 3437 1229 3506 unde
1245 3436 1337 3506 etde

194 3539 319 3639 tegulis
342 3549 414 3619 dici
437 3554 561 3640 potest,
587 3556 623 3618 et
644 3547 728 3640 quia
755 3548 984 3616 subsistentes
1000 3554 1072 3617 tres
1088 3551 1171 3614 sunt
1187 3544 1251 3613 sub
1268 3545 1336 3612 for·

193 3655 254 3727 mli
272 3658 408 3728 ratione
431 3656 694 3726 subsistentium
721 3655 866 3725 realiter
892 3654 985 3738 inter
1007 3676 1044 3723 se
1067 3651 1238 3733 distincti,
1263 3670 1338 3739 pos·

192 3772 253 3835 unt
272 3764 514 3837 connumerari
536 3764 725 3856 pluraliter
746 3787 923 3855 personae.
943 3760 1136 3831 Formalem
1152 3764 1267 3827 autem
1283 3746 1337 3824 ria·

189 3865 295 3942 liouem
317 3872 465 3944 relativi
488 3896 550 3942 seu
572 3872 775 3942 relationem
798 3870 948 3961 originis
963 3869 1068 3938 unius
1090 3869 1133 3936 ab
1156 3866 1280 3949 altero,
1298 3870 1340 3932 ut

188 3970 338 4067 diximus,
363 4002 485 4048 nomen
508 3979 573 4049 hoc
595 4002 664 4048 non
694 3979 872 4069 siqnifloat
894 3978 954 4047 sed
977 3976 1163 4065 supponit,
1188 3973 1339 4064 adeoque

188 4078 271 4158 Pater
285 4094 341 4158 est
356 4109 503 4178 persona
525 4086 563 4154 in
586 4109 622 4155 ss
645 4088 670 4155 i.
685 4108 715 4155 e.
735 4085 773 4154 in
795 4108 830 4155 se
847 4084 1051 4168 subsistens,
1069 4105 1138 4150 non
1154 4087 1269 4150 autem
1286 4086 1340 4148 est

188 4202 231 4264 tut
250 4196 322 4266 dici
345 4202 461 4286 potest
482 4215 629 4285 persona
651 4193 757 4281 Filii,
784 4193 820 4262 id
849 4193 940 4261 enim
956 4191 1175 4281 signiticaret
1190 4189 1254 4257 sub
1271 4189 1339 4255 for-

188 4302 250 4372 neli
272 4302 413 4372 ratione
443 4300 668 4371 subsistentis
698 4301 838 4369 Patrem
861 4306 897 4369 et
919 4297 1051 4366 Filium
1078 4318 1153 4366 esse
1176 4317 1281 4363 unum
1305 4298 1342 4362 et

188 4411 333 4498 undem
349 4410 412 4503 qui
435 4432 533 4481 error
548 4416 602 4481 est
618 4406 852 4480 sabellianus.
870 4405 928 4475 Ar
944 4425 1112 4475 summam
1127 4422 1249 4471 nomen
1260 4421 1339 4488 per·
