3172 4950
652 355 690 373 ·-
712 325 769 388 451
793 357 830 374 «-

188 431 251 527 quod
270 430 428 524 Spiritus
451 429 603 500 Sanetus
634 430 672 497 in
703 430 890 521 Scriptura
911 431 1096 500 exhibetur
1132 437 1174 499 ut
1207 429 1327 500 ordine

188 541 263 610 lsrtia
284 560 450 630 persona,
476 539 675 607 continetur
697 540 844 629 primam
868 545 904 607 et
927 537 1111 607 secundam
1139 561 1213 607 esse
1236 540 1328 627 prio·

188 669 235 718 ren
253 647 435 738 prioritate
459 671 482 712 a
504 670 571 737 quo
601 649 706 736 (quae
729 646 803 714 sola
830 645 935 714 datur
967 646 1004 713 iu
1035 645 1205 733 divinis),
1233 645 1267 715 h.
1295 669 1324 717 e.

188 757 301 849 prinam
324 764 360 825 et
382 754 568 824 secundam
591 775 665 823 esse
688 754 900 844 principium
923 755 1052 823 tertias
1077 775 1241 843 personae
1265 755 1326 838 (cf.

188 863 276 934 t'lh.
292 865 325 933 1.
339 888 373 956 q.
388 863 444 931 48.
460 884 493 930 a.
508 862 558 947 3).
576 862 672 929 Aliis
696 863 829 931 verbis:
855 887 897 932 ex
922 864 1112 932 intrinseco
1135 863 1330 931 necessario

188 971 276 1041 ordina
298 972 333 1040 in
359 971 555 1061 seripturis
578 970 710 1038 tradito
727 970 906 1060 generatio
922 970 1008 1039 Filii
1026 971 1329 1062 praeintelligitur

187 1080 366 1169 processioni
390 1077 547 1168 Spiritus
571 1076 711 1164 Sanoti;
738 1079 838 1170 atqui
861 1078 978 1147 Filius
1001 1078 1172 1147 nascendo
1189 1060 1330 1147 hdneta
1391 1132 1393 1139 Α

188 1184 263 1255 Patre
283 1187 553 1256 communicatas
569 1208 684 1254 omnes
700 1187 929 1275 perfectiones
945 1186 1150 1254 rorationes
1166 1185 1331 1254 formales

188 1293 253 1361 stin
275 1295 433 1362 omnibus
448 1316 556 1362 unum
583 1298 640 1362 est
662 1317 739 1361 cum
757 1293 862 1362 Patre
878 1302 1021 1382 excepta
1039 1292 1177 1362 formali
1194 1293 1330 1362 ratione

188 1396 276 1468 Patris
297 1408 333 1469 et
355 1400 456 1484 Filii,
474 1422 543 1492 qua
560 1400 634 1468 sola
649 1401 737 1469 duae
754 1423 919 1490 personae
940 1401 1033 1469 inter
1053 1423 1089 1468 se
1106 1401 1329 1489 distinguun-

188 1508 244 1593 trrp
263 1530 345 1598 ergo
380 1508 486 1576 habet
518 1507 636 1575 Filius
659 1531 680 1575 a
704 1509 809 1577 Patre
846 1509 1132 1578 communicatam
1167 1518 1329 1576 naturam

188 1613 266 1683 nan
286 1615 351 1685 sub
374 1614 514 1683 formali
545 1615 681 1683 ratione
716 1616 772 1683 vis
807 1615 1007 1704 spiratricis
1031 1620 1106 1701 (seu
1130 1613 1330 1684 dilectionis

188 1721 379 1810 macentia
401 1745 550 1792 amorem
576 1731 617 1792 nt
639 1723 827 1793 terminum
851 1725 1107 1809 intrinsecum),
1134 1730 1170 1793 et
1185 1723 1331 1813 proinde

188 1829 357 1899 conminus
370 1836 427 1900 est
444 1854 550 1899 unum
567 1855 644 1900 oum
661 1833 766 1901 Patre
786 1833 998 1923 principium
1020 1832 1176 1924 Spiritus
1193 1831 1327 1916 Sancti,

188 1954 261 2025 totu
283 1962 373 2009 unus
396 1961 473 2008 cum
496 1939 601 2008 Patre
625 1941 731 2009 Deus.

233 2045 281 2116 ad
303 2048 368 2116 hoc
400 2047 514 2136 ipsum
538 2046 602 2115 SS.
635 2045 781 2132 Patres,
816 2047 1020 2117 nominatim
1050 2050 1158 2118 etiam
1181 2050 1323 2139 graeei,

188 2152 372 2227 ndnrernnt
395 2155 503 2223 fixum
528 2155 629 2224 illum
652 2157 806 2225 ordinem
832 2179 1068 2245 personarum,
1088 2157 1175 2248 quod
1194 2158 1331 2228 scilicet

188 2263 256 2334 deut
274 2286 420 2357 persona
443 2265 595 2332 secunda
616 2263 660 2331 ad
684 2263 843 2354 primam,
869 2264 921 2331 ita
944 2266 1052 2332 tertia
1075 2264 1119 2332 ad
1145 2264 1331 2335 secundam

188 2365 264 2442 labet
282 2371 488 2442 relationem
513 2370 673 2459 originis.
701 2370 738 2439 S.
757 2370 977 2439 Athanasius
1001 2373 1155 2440 ordinem
1175 2373 1330 2441 Trinita-

188 2475 223 2546 lis
239 2479 284 2549 ita
306 2481 483 2550 declaret:
508 2479 609 2547 iuxta
633 2479 816 2568 analogias
832 2479 869 2545 in
888 2479 1084 2569 Scripturis
1099 2479 1252 2549 traditas
1266 2479 1331 2548 Pa·

188 2588 227 2654 lu
242 2596 291 2658 ost
312 2590 388 2673 lux,
413 2587 530 2656 Filius
547 2588 721 2677 splendor,
748 2588 903 2676 Spiritus
928 2588 1078 2657 Sanctus
1101 2585 1329 2671 illuminatio,

188 2694 407 2766 russeriam
431 2695 517 2764 licet
539 2694 577 2762 in
599 2694 693 2762 Filio
716 2696 910 2785 perspicere
936 2696 1109 2785 Spiritum
1137 2695 1328 2779 Sanctum,

188 2794 285 2895 loquo
317 2804 558 2872 illuminamur
584 2826 628 2890 η
662 2805 745 2871 item
768 2803 873 2871 Pater
897 2804 1000 2887 fons,
1033 2803 1150 2872 Filius
1174 2802 1328 2887 fluvius,

188 2899 313 2995 Spiritus
337 2912 489 2981 Sanctus
512 2933 622 3003 aqua;
648 2912 767 2995 Pater,
789 2935 894 2980 verus
909 2912 1038 2995 Filius,
1058 2911 1214 3002 Spiritus
1229 2910 1329 2996 Filii,

188 3030 237 3101 quo
255 3017 387 3109 Spiritu
410 3042 472 3087 nos
495 3042 614 3087 sumus
632 3019 699 3086 filii
715 3020 891 3108 adoptivi3
918 3021 1024 3088 Pater
1048 3020 1197 3110 sapiens,
1215 3018 1332 3088 Filius

188 3123 341 3215 sapientia,
369 3128 526 3217 Spiritus
551 3127 703 3197 Sanctus
726 3129 883 3218 Spiritus
907 3129 1098 3218 sapientiae
1122 3135 1188 3198 etc.
1210 3157 1226 3192 u
1245 3126 1330 3196 (lum

188 3226 276 3319 igitur
288 3257 328 3304 ca
344 3234 394 3304 ait
410 3233 448 3302 in
464 3233 528 3302 SS.
549 3234 725 3303 Trinitate
743 3235 904 3304 ordinata
925 3236 1123 3305 coniunctio
1143 3232 1328 3322 (συστειχικ)

188 3340 341 3428 annius,
367 3342 446 3435 quis
470 3343 539 3410 iam
562 3343 616 3410 cel
638 3343 772 3409 Filium
796 3368 817 3409 a
842 3344 949 3411 Patre
971 3344 1024 3411 vel
1047 3345 1219 3432 Spiritum
1235 3369 1257 3410 a
1272 3345 1331 3412 Fr·-

188 3438 227 3506 ll'o
243 3466 295 3517 out
317 3453 360 3519 ab
383 3453 457 3539 ipso
483 3451 591 3519 Patre
619 3472 781 3539 separare
812 3451 967 3519 audeat?
992 3479 1008 3514 r
1048 3452 1087 3520 Si
1114 3475 1199 3542 ergo
1230 3474 1332 3543 quaa·

188 3555 276 3642 ntur,
300 3560 502 3651 «quomodo
526 3584 597 3625 cum
621 3562 775 3647 Spiritus
799 3562 837 3624 in
861 3560 957 3625 nobis
982 3575 1042 3641 est,
1068 3561 1186 3628 Filius
1209 3563 1246 3624 in
1274 3583 1332 3626 no·

188 3650 475 3749 discrederetur,
501 3680 534 3733 et
557 3667 721 3733 similiter
746 3691 819 3732 cum
842 3667 959 3734 Filius
976 3669 1012 3731 in
1029 3668 1125 3733 nobis
1150 3682 1210 3746 eat,
1225 3667 1333 3734 Pater

188 3760 549 3843 stetinensium
573 3775 710 3843 dicator
722 3802 736 3858 ,·
768 3775 826 3842 vel
859 3775 1025 3867 quomodo
1049 3798 1127 3844 oum
1159 3774 1258 3864 plene
1283 3775 1332 3847 sit

188 3861 340 3970 Trinitas,
365 3885 403 3952 in
428 3908 496 3952 uno
520 3891 635 3952 tamen
660 3884 863 3974 designetur
888 3883 1115 3952 Trinitasi...
1135 3881 1335 3951 huiusmodi

188 3967 347 4062 baositatio
364 3993 433 4061 fide
456 3993 574 4060 sanari
597 3992 745 4082 poterit,
772 3999 847 4060 tum
871 3992 977 4060 etiam
1000 3991 1192 4081 praedictis
1214 4013 1334 4059 exenn-

188 4079 237 4166 lllt
256 4099 430 4192 imaginis,
457 4101 664 4191 splendoris,
690 4102 812 4182 fontis,
838 4099 960 4183 fluvii,
987 4101 1204 4168 substautias
1227 4104 1264 4168 et
1286 4099 1334 4166 fi-

188 4207 282 4277 lul'fle.
306 4210 600 4295 Quemadmodum
623 4210 714 4279 enim
739 4211 854 4277 Filius
878 4212 915 4275 in
939 4210 1076 4297 Spiritu
1101 4225 1273 4300 tamquam
1297 4211 1333 4273 in

188 4315 303 4398 tropaea
329 4322 481 4409 imopine
503 4333 564 4398 est,
591 4321 644 4383 ita
669 4332 700 4383 et
727 4318 893 4385 Pateria
917 4317 1056 4385 Filio...
1084 4324 1124 4385 ut
1153 4317 1333 4385 credamus

188 4422 268 4493 onem
289 4450 363 4497 esse
392 4425 703 4496 sanctificationem
739 4447 827 4516 quae
851 4426 899 4495 sit
923 4448 964 4492 ec
988 4426 1096 4493 Patre
1114 4448 1178 4513 per
1201 4423 1334 4491 Filium

1208 4549 1228 4589 Ο
