3180 4944
862 356 901 370 -
921 323 982 388 58ss
1002 357 1041 371 -

362 439 455 507 ritus
479 436 649 519 Sanctus,
674 456 736 503 nec
754 432 827 502 sine
857 432 923 501 hoc
937 435 1053 522 potest
1071 453 1146 500 esse
1169 430 1313 500 dilectio
1336 431 1374 499 in
1398 437 1481 501 actu
1494 455 1530 503 ac

362 544 505 635 proinde
528 565 597 611 non
616 546 733 632 potest
754 563 828 609 esse
847 539 1066 630 simpliciter.
1084 538 1239 624 Etenim,
1263 544 1398 608 utrem
1422 539 1527 609 decla·

363 658 421 721 rat
441 651 532 720 Ruiz
551 651 639 739 disp.
652 648 729 716 109.
749 647 876 717 sect2.
891 671 927 715 n.
942 647 991 732 6.,
1020 645 1208 737 «Spiritus
1239 645 1364 716 Sancti
1392 669 1530 739 persona

363 758 558 852 requiritur
582 757 626 826 cd
650 756 841 848 quamlibet
863 755 1094 846 operationem
1121 760 1388 840 transeuntem,
1416 770 1526 846 quate

364 891 426 932 nas
450 890 491 932 ea
514 889 576 932 sna
598 863 797 955 qaidditate
815 863 994 952 personali
1008 865 1058 928 sic
1087 864 1249 928 terminat
1275 862 1526 928 divinamamo·

362 997 455 1054 rem,
483 988 523 1039 ut
549 973 639 1039 Deus
659 973 811 1063 spirator
838 995 905 1036 non
922 972 1036 1059 possit
1066 993 1133 1036 esse
1152 970 1314 1059 complete
1334 984 1440 1061 atque
1455 993 1527 1059 per·

357 1083 453 1170 fecte
484 1079 627 1146 donator
656 1091 806 1167 respect-u
828 1092 1074 1163 creatur-cram,
1091 1080 1163 1144 nisi
1176 1076 1396 1167 producendo
1421 1079 1525 1168 Spiri-

363 1204 433 1255 tum
457 1189 618 1257 Sanctum
648 1188 711 1276 qai
738 1200 786 1250 est
811 1184 1043 1273 personaliter
1066 1183 1200 1267 donam,
1226 1186 1326 1251 immo
1350 1209 1412 1251 nec
1440 1209 1527 1251 amor

362 1297 435 1384 ipse
464 1296 576 1384 possit
609 1294 775 1372 existere,
802 1293 834 1356 si
868 1304 983 1357 careat
1010 1292 1193 1358 intrinseco
1222 1294 1367 1358 termino
1396 1295 1459 1382 qui
1483 1304 1527 1357 est

362 1402 516 1489 Spiritus
541 1399 695 1467 Sanetus.
714 1424 729 1460 n
749 1397 823 1466 Hoc
843 1419 946 1465 sensu
970 1397 1058 1466 alibi
1081 1396 1245 1482 diximus,
1264 1398 1407 1466 Patrem
1423 1403 1458 1466 et
1472 1397 1525 1464 Fi·

360 1507 447 1575 lium
470 1505 585 1575 omnia
607 1527 695 1596 quae
717 1504 897 1592 diligunt,
925 1503 1073 1593 diliqere
1101 1505 1240 1594 Spiritu
1273 1506 1401 1573 Sancto
1426 1504 1525 1593 (vide

359 1613 413 1682 th.
424 1613 588 1700 XXIX.);
600 1634 668 1679 non
685 1610 785 1702 quusi
801 1610 956 1700 Spiritus
975 1610 1126 1680 Sanctus
1141 1618 1233 1681 esset
1248 1612 1411 1683 formalis
1423 1632 1523 1695 amor,

240 1748 242 1753 ·
361 1744 428 1812 quo
440 1721 545 1790 Pater
558 1725 593 1788 et
605 1719 721 1787 Filius
733 1716 900 1807 diligunt,
916 1720 975 1787 scd
989 1718 1143 1809 dilipant
1154 1721 1293 1810 Spiritu
1307 1722 1432 1788 Sancto
1449 1734 1524 1785 tam·

360 1853 462 1918 qaam
490 1829 632 1892 termino
662 1828 845 1892 intrinseco
874 1824 1069 1892 dilectionis
1085 1852 1108 1909 ,¹
1122 1832 1164 1894 nt
1185 1828 1289 1895 arbor
1312 1827 1418 1897 floret
1438 1824 1522 1894 flori·

359 1936 424 2003 bus
441 1934 493 2020 (S.
506 1934 572 2001 Th.
583 1933 615 2001 1.
632 1958 665 2024 q.
676 1933 731 2000 37.
742 1954 774 2000 a.
786 1932 849 2018 2.).
862 1931 1019 2022 Spiritus
1035 1933 1185 2003 Sanctus
1198 1956 1281 2003 vero
1292 1934 1464 2002 terminus
1478 1932 1522 2000 di·

359 2039 519 2109 lectionis
544 2045 581 2109 et
606 2060 701 2106 amor
723 2037 910 2128 procedens
930 2061 999 2106 non
1026 2039 1189 2129 producit
1212 2040 1394 2128 diligendo
1417 2039 1521 2108 adhuc

359 2147 468 2215 alium
495 2169 644 2215 amorem
667 2146 908 2236 procedentem
931 2147 998 2233 (th.
1015 2146 1222 2233 ΧΧἮΠ.)ι
1243 2146 1345 2216 Unde
1368 2148 1472 2216 Pater
1492 2151 1521 2214 et

357 2254 474 2323 Filius
496 2253 653 2343 diligunt
673 2253 865 2322 formaliter
886 2260 951 2321 sna
969 2253 1132 2337 essentie,
1157 2259 1192 2321 et
1211 2253 1370 2342 diligunt
1393 2253 1519 2342 Spiritu

359 2362 487 2430 Sancto
506 2367 547 2429 ut
572 2383 687 2430 amore
709 2360 920 2429 terminante
947 2366 1063 2429 actum
1088 2381 1172 2428 suae
1188 2359 1401 2444 dilectionis,
1421 2357 1519 2449 Spiri-

358 2475 417 2538 tus
439 2469 589 2538 Sanctus
615 2467 738 2557 diligit
758 2475 823 2536 sut
850 2468 1002 2538 essentia
1028 2473 1064 2536 ct
1087 2468 1198 2558 seipso
1222 2473 1264 2535 ut
1285 2488 1403 2536 smore
1418 2466 1518 2536 subsi-

358 2581 483 2644 stente.

423 2684 498 2750 Iam
525 2684 556 2750 si
579 2682 754 2775 loquimur
774 2683 816 2753 de
840 2683 1094 2752 inhabitatione
1114 2683 1179 2751 Dei
1203 2683 1310 2751 nnius
1329 2689 1367 2751 et
1388 2683 1476 2751 trini
1488 2679 1516 2749 in

357 2789 489 2857 sanctis
511 2812 572 2879 per
595 2790 732 2858 modum
755 2790 976 2874 dilectionis,
999 2794 1096 2879 patet
1119 2791 1233 2858 eodem
1259 2812 1365 2858 sensu
1389 2790 1516 2859 Patren

355 2901 391 2964 et
412 2895 544 2963 Filium
568 2897 766 2962 inhabitare
792 2900 925 2986 seipsis,
944 2902 985 2964 ut
1005 2901 1089 2963 sunt
1111 2896 1266 2963 charitas
1291 2896 1466 2979 absoluta,
1487 2898 1515 2963 et

357 3002 553 3067 inhabitare
576 3000 720 3091 ,Spiritu
747 3005 869 3070 Sancto
905 3008 946 3069 ut
978 3003 1125 3070 termino
1155 3002 1324 3091 producto
1358 3024 1441 3071 suae
1475 3001 1515 3069 di·

354 3105 537 3192 lectionis,
565 3108 624 3198 qui
647 3131 709 3198 per
732 3130 835 3176 unam
860 3109 1044 3198 utriusque
1060 3107 1279 3177 dilectionem
1310 3108 1470 3197 procedit
1484 3111 1516 3174 ut

354 3237 448 3277 amor
472 3214 674 3295 srtbsisteas,
700 3221 804 3306 atque
820 3215 896 3284 ideo
919 3221 961 3284 ut
985 3213 1107 3280 donam
1127 3230 1159 3280 et
1183 3218 1235 3281 vis
1256 3217 1514 3304 sanctificatrix.

353 3318 509 3408 Spiritus
526 3319 675 3389 Sanctus
698 3344 780 3390 vero
795 3344 864 3389 non
886 3321 1043 3391 vicissim
1058 3321 1129 3390 dici
1141 3326 1255 3410 potest
1271 3328 1414 3391 sanctos
1429 3322 1514 3390 inha-

352 3424 466 3494 bitare
485 3427 590 3494 Patre
617 3433 652 3495 et
671 3427 788 3512 Filio,
819 3429 878 3496 sed
909 3427 1145 3496 inhabitatae
1173 3428 1248 3517 ipso
1277 3434 1355 3496 tum
1378 3436 1421 3498 ut
1448 3429 1515 3497 cha·

352 3535 442 3602 ritas
469 3534 629 3602 absoluta
653 3539 839 3624 (quatenus
863 3558 970 3603 unum
985 3540 1041 3602 est
1057 3558 1134 3603 cum
1157 3535 1262 3602 Patre
1281 3541 1318 3603 ct
1335 3536 1514 3623 Filic)tnn

353 3648 395 3710 ut
425 3664 520 3710 amor
547 3643 745 3731 procedens.
772 3643 904 3711 Unitnr
928 3643 1044 3733 igitur
1063 3641 1179 3710 anima
1202 3642 1428 3711 sanctificata
1454 3641 1514 3709 Deo

353 3749 415 3816 uni
439 3756 480 3817 ut
499 3750 667 3819 charitati
696 3750 897 3837 absolutac3
928 3756 965 3818 et
990 3750 1153 3841 quoniam
1179 3749 1275 3817 Deus
1305 3755 1444 3817 amator
1472 3750 1514 3815 est

353 3856 458 3922 Pater
481 3861 517 3923 et
539 3855 656 3924 Filius
684 3862 720 3924 et
741 3854 897 3945 Spiritus
914 3856 1075 3939 Sanctus,
1094 3856 1217 3924 unitur
1233 3856 1394 3944 personis
1410 3874 1513 3922 aman·

352 3961 447 4028 tibus
466 3968 541 4027 tum
566 3963 723 4031 omnibns
745 3967 822 4031 tum
846 3962 1009 4052 singulis,
1024 3962 1125 4030 Patri
1140 3968 1176 4031 et
1198 3961 1293 4030 Filio
1311 3971 1355 4030 ut
1378 3958 1512 4029 amando

351 4067 567 4156 spirantibus
587 4091 736 4138 amorem
762 4069 1018 4151 subsistentem,
1038 4069 1191 4158 Spiritui
1208 4067 1339 4137 Sancto
1358 4073 1400 4137 ut
1415 4062 1523 4135 amori‘

351 4173 494 4263 spirate.
513 4176 587 4243 Hoc
614 4182 730 4244 autem
758 4175 955 4264 significat,
982 4196 1146 4263 personas
1173 4175 1279 4244 etiam
1305 4176 1345 4243 in
1372 4175 1509 4253 unione,

351 4280 392 4349 de
423 4304 492 4372 qua
515 4282 702 4373 loquimur,
732 4304 870 4350 manere
894 4281 988 4349 inter
1012 4304 1048 4350 se
1064 4281 1263 4366 distinctas,
1283 4287 1390 4375 atquc
1413 4280 1510 4349 notio·

349 4387 447 4456 nales
473 4389 691 4459 characteres
719 4389 907 4480 spiratcris
927 4382 1232 4479 perdilectionem
1255 4394 1291 4481 et
1308 4389 1439 4459 amoris
1453 4384 1510 4477 spi·
