3172 4950
704 337 743 353 -
763 304 825 367 340
844 336 883 355 ..

207 416 348 504 divina;
374 424 411 485 et
433 415 517 508 qnia
539 438 636 485 omne
661 414 822 484 aeeidens
849 414 1033 499 inhaeret,
1058 416 1264 507 sequebatur
1282 417 1344 509 qnod
1366 484 1370 491 .

207 548 275 595 non
298 531 414 593 essent
435 523 688 593 accidentia...
715 523 783 591 Sed
806 521 851 590 ad
876 523 966 590 hane
988 521 1186 611 opinionem
1207 524 1343 615 seqnitur,

207 632 298 726 quod
321 631 447 700 relatio
469 652 537 697 non
560 631 609 698 sit
632 653 688 699 res
702 629 835 721 aliqua,
854 629 913 696 sed
937 630 1049 697 solum
1073 628 1258 699 seeundum
1271 631 1345 700 ratio

207 762 303 826 nem,
329 736 439 805 omnis
461 737 553 807 enim
576 760 633 805 res
657 737 713 806 vel
736 746 791 807 est
805 737 1005 806 substantia
1022 737 1079 806 vel
1095 738 1265 806 aoeidens.
1277 737 1348 809 Unde

207 846 312 915 etiam
337 843 478 937 quidam
495 844 634 934 antiqui
647 852 849 934 posuerunt,
867 844 1056 913 relationes
1072 867 1148 913 esse
1164 844 1206 912 de
1221 845 1349 913 mundis

208 951 399 1021 intellectis
414 950 525 1037 (entia
540 951 702 1034 rationis,
721 973 783 1018 seu
800 951 971 1020 secundae
988 951 1225 1038 intentionis).
1241 952 1285 1020 Et
1295 952 1348 1020 ideo

209 1066 346 1150 oportet
363 1058 427 1128 hoe
443 1059 547 1126 etiam
564 1059 772 1128 Porretanos
787 1060 914 1145 dicere,
933 1060 1024 1152 quod
1036 1060 1227 1130 relationes
1241 1061 1349 1131 divino

209 1189 277 1234 non
301 1172 383 1233 sunt
411 1165 485 1233 nisi
517 1165 705 1234 secundnm
728 1166 918 1252 rationem,
943 1168 1054 1236 etsie
1078 1174 1265 1259 sequetur,
1285 1166 1349 1260 quel

209 1273 389 1342 distinctio
416 1295 643 1363 personarum
659 1296 727 1341 non
755 1275 804 1343 sit
828 1276 947 1359 realis,
973 1276 1066 1367 qnod
1083 1282 1139 1344 est
1154 1276 1347 1344 haereticum

208 1380 308 1449 Unde
324 1379 507 1449 dicendum
523 1387 588 1465 est,
607 1382 698 1472 qnod
720 1381 813 1449 nihil
836 1381 997 1471 prohibet
1012 1381 1150 1475 aliquid
1166 1406 1242 1452 esse
1261 1381 1349 1450 iubae

207 1509 301 1571 rens,
328 1486 419 1579 quod
440 1493 556 1556 tamen
580 1511 648 1557 non
672 1488 895 1579 significatur
919 1497 960 1558 ut
982 1487 1350 1559 inhaerens...Lieetsd

208 1595 344 1688 aliquid
360 1595 515 1684 (relatio)
528 1619 597 1664 non
613 1596 834 1688 significetur
849 1605 892 1667 ut
906 1597 1103 1682 inhaerens,
1119 1606 1236 1667 mmen
1247 1602 1350 1688 oportet

208 1710 251 1773 ut
265 1704 315 1772 sit
329 1702 528 1789 inhaerens,
543 1714 579 1774 et
590 1704 655 1774 hoo
667 1707 804 1798 quando
820 1707 946 1775 relatio
960 1714 1014 1775 est
1025 1730 1082 1775 res
1097 1707 1232 1800 aliqua,
1245 1704 1350 1798 qnando

210 1834 292 1881 vero
315 1821 369 1882 est
391 1814 579 1884 seeundum
603 1815 773 1884 rationem
796 1823 954 1900 tantum,
979 1823 1064 1884 tune
1094 1839 1164 1884 non
1188 1825 1242 1885 est
1262 1817 1349 1885 inbre·

207 1942 299 1991 rens.
325 1919 375 1991 Et
397 1921 490 1991 siout
512 1923 549 1990 in
571 1924 676 1991 rebus
698 1925 827 1993 creatis
850 1930 986 2013 oportet
1008 1924 1100 2016 quod
1131 1924 1181 1994 sit
1207 1924 1346 2005 accidens,

208 2031 261 2101 ita
284 2039 420 2122 oportet
442 2031 532 2124 quod
556 2032 664 2100 sitin
687 2033 758 2101 Deo
781 2033 998 2118 substantia,
1024 2034 1107 2125 quia
1130 2034 1292 2126 quidquid
1309 2034 1346 2100 est

208 2140 247 2209 iu
269 2139 353 2224 Deo,
378 2146 433 2207 est
454 2138 531 2208 eins
546 2140 756 2212 substantia.
783 2140 929 2231 Oportet
942 2163 1026 2230 ergo
1050 2140 1239 2211 relationes
1259 2161 1346 2209 monn

208 2250 289 2320 dum
314 2271 386 2317 rem
400 2270 475 2318 esse
491 2249 645 2317 divinam
670 2250 915 2334 substantiam,
933 2271 1021 2342 quae
1035 2256 1153 2319 tamen
1170 2273 1237 2319 non
1253 2250 1349 2317 hubert

209 2359 346 2429 modum
369 2358 598 2444 substantiae,
616 2357 676 2428 sed
699 2357 829 2428 habent
843 2357 954 2428 alium
974 2358 1109 2427 modum
1127 2354 1346 2451 praedicande

209 2467 247 2537 S.
264 2466 330 2536 Th.
345 2466 371 2534 l.
386 2489 416 2535 o.

274 2574 332 2644 Ad
344 2574 519 2642 meliorem
531 2572 800 2642 declarationem
813 2573 1005 2643 S.Thomas
1016 2574 1086 2643 sibi
1098 2576 1234 2645 obiicit:
1245 2568 1349 2644 tnullr

210 2682 408 2753 substantia
438 2687 493 2752 est
521 2682 666 2769 relatio;
692 2682 724 2749 2⁴
747 2682 777 2750 si
801 2682 926 2752 relatio
949 2688 1003 2752 est
1032 2685 1234 2753 substantia
1258 2681 1349 2752 divin

209 2793 397 2860 secundum
420 2814 492 2860 rem
515 2790 638 2880 ipsam,
656 2796 693 2860 et
707 2791 818 2858 solum
845 2797 899 2859 est
921 2792 993 2859 alia
1007 2791 1084 2860 eius
1100 2794 1194 2861 ratio
1210 2786 1346 2865 formalia

208 2899 333 2969 relatio
344 2899 436 2967 nihil
448 2898 541 2969 reale
553 2921 628 2968 esse
641 2899 796 2968 videtur.
811 2900 1008 2989 Respondet
1018 2900 1063 2968 ad
1076 2899 1240 2990 primum:
1255 2890 1348 2965 anull·

210 3008 409 3078 substantia
432 3030 520 3099 quae
543 3013 599 3077 est
621 3008 658 3076 in
682 3031 807 3098 genere
831 3008 870 3095 (i.
888 3030 920 3078 e.
939 3008 1041 3078 finita
1057 3014 1094 3077 et
1112 3011 1291 3079 seeundum
1304 3022 1349 3071 eet

210 3117 376 3202 limitata,
401 3117 586 3186 includens
610 3117 721 3184 solum
749 3124 882 3186 eertum
904 3117 1057 3207 aliquem
1089 3118 1238 3208 gradum
1258 3113 1346 3195 entis),

209 3230 420 3315 potestesse
443 3223 580 3308 relatio,
606 3225 690 3316 quia
711 3230 766 3294 est
786 3224 930 3293 definita
953 3225 997 3293 ad
1021 3248 1129 3293 unum
1146 3212 1348 3316 genuamsd

209 3331 363 3399 essentia
385 3330 507 3399 divina
528 3353 597 3399 non
626 3338 680 3400 est
708 3332 745 3400 in
776 3354 901 3419 genere
932 3333 1149 3401 substantiae
1173 3326 1346 3418 (roseico),

211 3438 270 3508 sed
292 3446 347 3510 est
369 3462 477 3530 supra
492 3462 588 3509 omne
604 3463 716 3529 genus
739 3439 1029 3530 comprehendens
1046 3441 1083 3509 in
1099 3464 1136 3509 se
1153 3442 1294 3510 omniun
1309 3452 1347 3523 gt

209 3571 330 3617 nerum
352 3549 602 3639 perfectiones,
631 3547 720 3617 unde
743 3547 833 3617 nihil
858 3549 1029 3640 prohibet,
1048 3548 1086 3616 id
1101 3550 1194 3641 quod
1216 3558 1268 3618 est
1284 3539 1347 3614 rdt·

209 3657 329 3743 tionis,
354 3658 391 3726 in
414 3679 455 3726 ea
475 3657 640 3727 inveniri.
659 3656 716 3727 Ad
733 3659 938 3727 seeundum:
956 3658 1029 3725 alia
1044 3665 1098 3726 est
1113 3658 1207 3728 ratio
1222 3657 1349 3726 subur·

208 3767 280 3835 tiae
303 3772 339 3835 et
360 3765 554 3849 relationis,
580 3772 616 3834 et
639 3766 778 3857 utrique
801 3767 985 3856 respondet
1007 3766 1144 3857 aliquid
1168 3766 1206 3834 in
1233 3787 1268 3834 re
1286 3772 1350 3854 quat

210 3875 305 3944 Dens
326 3880 486 3965 estunon
508 3880 624 3943 tamen
640 3874 859 3964 (respondet)
870 3874 990 3965 aliqua
1005 3896 1062 3942 res
1078 3874 1222 3944 diversa
1236 3871 1289 3942 sed
1300 3878 1350 3936 nu·

210 3987 247 4052 bt
268 3981 384 4051 eadem
400 4008 431 4050 n.

276 4089 431 4159 Obieotio
454 4088 493 4156 3¹·
516 4095 589 4160 este
623 4089 654 4158 si
680 4112 846 4181 personae
876 4090 961 4159 solis
991 4090 1223 4159 relationibus
1256 4084 1360 4159 distit-v

209 4203 369 4289 guuntur
391 4220 459 4265 non
482 4204 596 4266 autem
626 4198 835 4281 substantia,
862 4204 898 4266 et
920 4198 951 4266 si
975 4199 1166 4268 relationes
1181 4199 1271 4270 nihil
1283 4186 1352 4265 rede

210 4305 403 4403 sedlsolum
426 4307 595 4375 rationem
625 4306 760 4376 addunt
790 4328 898 4396 supra
924 4308 1181 4392 substantiam,
1216 4314 1354 4398 personat

209 4438 278 4484 non
300 4413 444 4484 realiter
467 4414 527 4485 sed
549 4415 684 4485 ratione
714 4414 808 4484 inter
835 4436 872 4484 se
899 4414 1192 4506 distinguuntur,
1218 4436 1301 4509 quae
1318 4407 1357 4480 etl
