3180 4944
696 356 735 373 -
756 324 816 387 43ss
836 356 875 372 ..

204 456 281 503 cere
304 438 366 500 eut
388 451 524 500 censere
547 450 657 520 posse,
683 427 714 497 si
735 427 928 498 Christiani
951 449 1027 498 esse
1049 432 1086 498 et
1099 426 1185 498 fidei
1200 426 1361 519 principis

206 541 344 609 salvare
368 538 528 607 velimus.
545 536 667 605 Latini
690 535 781 605 enim
802 536 927 605 Patres
943 535 1137 605 clarissime
1158 542 1198 605 st
1219 534 1360 605 disertis

207 648 291 716 sime
304 648 427 715 docent
445 644 616 735 Spiritum
633 643 798 713 Sanctum
814 643 998 735 procedere
1012 666 1054 714 ex
1069 641 1178 728 Filio,
1193 647 1231 712 et
1243 642 1357 712 Filiun

207 756 300 822 sicut
321 754 459 822 Patrem
483 774 557 821 esse
579 751 654 820 eius
676 750 901 842 principium.
915 751 1046 820 Deinde
1070 749 1261 821 orientales
1290 773 1354 843 quo

207 883 273 951 qus
296 883 365 928 non
389 883 487 929 secus
509 881 549 928 eo
573 857 802 928 occidentales
819 858 884 929 hoc
899 858 1013 950 ipsum
1032 858 1148 927 dicere
1163 858 1353 928 demonstra

207 969 345 1053 vimus,
371 991 447 1037 cum
470 967 534 1035 alii
558 966 729 1057 Spiritum
752 989 794 1036 ex
817 967 922 1036 Patre
945 989 1007 1057 per
1029 965 1164 1036 Filium
1194 966 1351 1057 procedere

207 1077 263 1162 (de
287 1099 353 1169 quo
374 1099 451 1144 mox
467 1074 600 1144 dicturi
622 1078 768 1160 sumus),
794 1072 859 1142 alii
875 1096 917 1143 ex
935 1074 1040 1143 Putre
1054 1079 1092 1144 ct
1104 1073 1202 1143 Filio
1216 1079 1348 1167 atqussr

207 1184 370 1250 ambobus
394 1204 467 1250 esse
491 1180 614 1265 ciunt,
641 1178 760 1270 sicque
787 1184 906 1270 aperte
936 1178 1060 1249 docent
1088 1202 1166 1249 esse
1195 1179 1298 1251 etism
1318 1202 1345 1249 ss

207 1287 312 1355 Filio.
326 1287 384 1356 Ite
407 1308 489 1355 vero
512 1285 672 1373 decertes
694 1283 819 1354 latinis
841 1284 1007 1354 Patribus
1030 1284 1295 1355 consentiuntet
1309 1306 1344 1355 se

208 1395 283 1463 dem
308 1417 421 1463 omnes
445 1392 590 1478 dicunt,
616 1396 735 1482 utpote
758 1390 937 1484 loquentes
959 1391 997 1461 in
1021 1414 1090 1462 uno
1111 1398 1150 1463 et
1171 1391 1342 1484 eodemiipi·

207 1500 323 1570 ritum

634 1652 779 1714 THESIS
798 1652 946 1715 XXXVI.

248 1777 295 1842 De
314 1796 411 1840 sensu
429 1777 586 1840 catholico
607 1780 788 1856 formulas,
811 1796 878 1857 qsso
897 1777 1023 1840 dicitur
1043 1777 1184 1857 Spiritus
1203 1778 1314 1841 Sanctus

515 1879 681 1957 procedere
702 1895 722 1938 a
741 1879 839 1939 Patre
859 1895 917 1956 per
937 1876 1067 1939 Filium.

263 2043 422 2097 «Romule
440 2043 515 2111 apud
533 2045 632 2098 Patres
653 2059 768 2110 graecos
785 2042 987 2112 frequentiori,
1012 2059 1069 2113 qus
1081 2041 1337 2113 ermpertus

209 2133 359 2198 suspiritus
377 2136 496 2187 Sanctus
509 2135 659 2198 procedere
677 2134 793 2200 dicitur,
808 2133 883 2187 idem
902 2135 1015 2188 omnino
1035 2134 1135 2200 dogma
1148 2131 1339 2197 enuntistrmt

209 2226 299 2275 stum
317 2238 352 2275 cx
371 2222 494 2276 formula
512 2212 595 2276 in'se
614 2223 744 2291 inspecte
771 2226 831 2276 tum
857 2238 891 2276 ex
917 2222 1043 2277 eiusdem
1068 2223 1258 2277 declaratione
1280 2226 1338 2288 penti

209 2311 316 2379 »ipsos
332 2312 433 2364 Patres
453 2309 604 2364 manifesto
622 2315 744 2365 constat.
765 2310 845 2376 Quod
864 2311 896 2364 in
915 2311 968 2365 hoc
984 2311 1066 2366 modo
1084 2310 1221 2380 loquendi
1232 2304 1337 2379 processit

208 2420 223 2450 s
239 2419 257 2451 a
270 2401 356 2453 Patre
374 2400 553 2466 significetur
570 2405 604 2454 ut
621 2417 639 2454 s
657 2400 798 2469 principio
816 2401 997 2469 primordiali
1010 2403 1233 2457 communicante
1244 2394 1338 2464 vinspi·

209 2509 222 2539 s
236 2491 371 2544 ratricem
393 2491 478 2543 etism
496 2490 584 2558 airis,
599 2493 628 2544 et
645 2490 788 2557 processio
801 2507 854 2557 per
865 2491 975 2544 Filium
992 2494 1026 2544 ut
1044 2492 1080 2545 ab
1099 2492 1224 2546 habente
1240 2489 1289 2543 vin
1298 2483 1338 2553 spi·

208 2599 222 2629 s
238 2580 369 2634 ratricem
390 2580 571 2644 generatione
594 2581 834 2648 communicatem,
854 2579 923 2635 iude
941 2595 1003 2635 cum
1016 2580 1148 2646 dogmate
1161 2579 1287 2634 catholico
1296 2589 1338 2630 sor·

208 2687 223 2718 s
238 2669 356 2723 ciliatur
373 2668 478 2722 dictum
506 2667 535 2722 S.
558 2669 677 2723 Maximi
698 2674 728 2724 et
752 2669 781 2724 S.
802 2670 920 2725 Ioannis
941 2669 1122 2735 Damasceni,
1142 2669 1193 2737 qui
1211 2667 1336 2723 usseris

207 2776 222 2806 s
237 2756 443 2825 processionem
455 2755 582 2824 Spiritus
595 2774 647 2823 pes·
659 2759 768 2812 Filiam
779 2759 834 2813 soli
846 2759 925 2813 iuter
937 2773 1032 2812 omnes
1046 2757 1096 2813 SS.
1107 2759 1240 2812 Doctores
1252 2762 1337 2820 rursm

209 2865 223 2904 s
238 2845 375 2900 sidentur
393 2845 600 2914 processionem
619 2864 637 2899 c
649 2847 739 2901 Filio.
752 2868 766 2897 s

273 3014 304 3083 Ι.
330 3014 510 3084 Communi
533 3038 701 3085 consensu
730 3016 854 3085 Patres
884 3015 1003 3107 graeci
1033 3017 1176 3101 docent,
1202 3012 1337 3106 spirius

209 3121 376 3191 Sanctum
391 3124 573 3213 procedere
590 3148 630 3192 cu
647 3125 754 3191 Patre
762 3148 828 3214 per
835 3124 979 3194 Filium.
998 3125 1098 3209 Quod
1115 3125 1250 3217 quidem
1263 3120 1337 3191 stim

209 3229 426 3298 schismatici
456 3232 637 3300 concedere
668 3239 866 3322 coguntur,
896 3234 957 3303 sed
987 3232 1216 3324 propositioni
1243 3254 1261 3299 a
1284 3247 1337 3296 con·

208 3336 363 3404 textibus
385 3337 529 3406 avulsae
552 3362 673 3409 sensus
696 3339 827 3408 alienos
850 3340 1074 3409 substituunt
1088 3337 1279 3430 sophisticis
1289 3354 1337 3401 an·

209 3442 369 3533 bagibus,
388 3466 474 3535 quae
489 3468 556 3514 non
572 3447 643 3515 nisi
658 3447 701 3514 ab
716 3446 914 3516 hominibus
929 3447 1084 3516 evidenti
1102 3445 1247 3516 veritati
1259 3440 1337 3512 stulte

208 3550 464 3620 reluctantibus
477 3554 625 3643 reperiri
640 3560 840 3644 potuerunt.
858 3554 1032 3623 Summum
1048 3554 1200 3622 omnium
1215 3542 1336 3644 quaehic

209 3657 354 3726 dicenda
377 3663 478 3743 sunt,
503 3682 601 3728 nemo
624 3661 748 3729 melius
763 3660 968 3730 Besssrione
983 3660 1182 3751 complexus
1197 3668 1248 3729 est
1258 3657 1288 3724 in
1301 3670 1337 3719 ce·

209 3764 281 3852 pite
305 3763 347 3833 θ’.
373 3766 520 3835 eximiae
550 3767 718 3837 orationis
748 3768 986 3858 dogmaticae,
1020 3790 1124 3860 quam
1153 3768 1191 3836 in
1219 3756 1336 3835 consiliii

208 3868 410 3939 Florentino
434 3874 477 3942 ed
501 3897 582 3943 suos
605 3876 755 3945 Graecos
778 3876 933 3945 habitam
956 3875 1103 3966 ipsemet
1118 3865 1335 3966 posteriulifl·

209 3997 315 4064 guam
337 3976 483 4047 latinam
508 3983 618 4051 vertit
645 3985 770 4071 (Herd.
785 3984 850 4051 IX.
865 4009 898 4075 p.
915 3984 993 4052 335.
1012 3987 1117 4075 sqq.).

276 4081 316 4150 Si
339 4084 382 4151 1·.
407 4083 537 4156 locutio
559 4112 622 4179 per
645 4113 680 4159 se
703 4097 891 4181 spectetur,
917 4090 1248 4159 neminediffitente
1265 4076 1335 4153 indi·

210 4195 311 4258 cetur
332 4190 437 4259 Pater
460 4200 501 4261 ut
522 4196 729 4287 principium
761 4204 922 4266 aeternae
948 4196 1190 4286 processionis,
1217 4190 1335 4285 spirius

210 4293 360 4365 Sanctus
381 4304 422 4366 ut
443 4300 613 4369 terminus
637 4304 834 4392 procedens:
860 4327 902 4372 ex
925 4304 1029 4373 Putre
1045 4303 1201 4393 procedit
1215 4296 1335 4391 spiritus

210 4403 371 4472 Sanctus.
387 4408 436 4474 At
461 4409 517 4476 ubi
542 4410 720 4481 inducitur
743 4411 954 4503 principium
978 4412 1035 4482 vel
1050 4432 1155 4481 cause
1176 4434 1237 4503 per
1255 4395 1335 4498 peril·
