3172 4950
711 323 749 337 -
770 291 831 352 234
851 324 890 337 -

212 407 250 470 et
270 397 449 468 numerica
470 397 608 466 unitate
633 397 804 466 essentiae
826 420 888 467 seu
909 402 1070 485 naturam
1089 397 1244 490 adeoque
1264 396 1292 466 si
1309 397 1356 466 ills

216 507 429 576 «affirmatio
452 506 710 599 aequalitatis»
735 529 797 576 seu
812 505 1045 599 aequipositio
1061 506 1214 575 duarum
1229 526 1361 595 persone

213 637 291 685 rum
315 617 467 684 sumitur
488 638 592 684 sensu
615 615 774 705 genetiuo
796 638 858 684 seu
881 615 998 684 activo
1021 613 1137 700 reali,
1162 613 1364 705 aequipositio

214 723 306 791 nihil
328 731 383 794 est
405 724 504 793 aliud
527 745 630 815 quam
654 723 836 814 generatio
850 722 939 791 Filii
961 745 1023 813 per
1046 722 1366 791 communicationes

215 831 321 901 unius
343 832 564 924 eiusdemque
587 838 759 916 naturae,
788 854 857 899 non
874 837 989 899 autem
1013 829 1202 920 productio
1227 850 1368 920 personat

214 940 352 1008 tertiae.
382 939 422 1009 Si
448 940 691 1008 «affirmatio»
717 939 782 1007 illa
805 938 959 1007 sumitur
981 961 1085 1007 seusu
1113 938 1225 1007 ideali
1253 960 1310 1028 pro
1329 938 1368 1006 in·

214 1046 413 1117 telleotioue
436 1047 664 1140 aequalitatis
688 1047 756 1114 iam
786 1047 941 1137 positam
968 1046 1053 1116 haec
1075 1054 1132 1116 est
1148 1046 1308 1115 absoluta
1329 1045 1368 1114 iu

215 1152 381 1240 tellectio,
408 1178 469 1224 seu
492 1154 778 1224 divinaessentia
801 1176 871 1223 una
893 1155 931 1222 in
955 1154 1091 1223 duabus
1113 1154 1294 1224 distinctis
1310 1176 1367 1244 par

215 1262 310 1330 sonis
333 1262 537 1351 intelligens
560 1261 821 1354 aequalitatem,
838 1262 1042 1331 nullatenus
1066 1284 1151 1332 vero
1176 1261 1308 1353 concipi
1325 1283 1367 1352 pe

215 1376 286 1440 test
309 1376 350 1439 ut
361 1371 542 1462 productio
564 1371 693 1440 tertiae
709 1370 861 1440 alieuius
883 1392 1061 1462 personae.

282 1478 445 1548 Giinther
468 1478 531 1547 ait:
560 1479 625 1546 ain
648 1479 863 1568 oppositione
881 1499 950 1570 qua
971 1477 1039 1547 tali
1061 1476 1217 1546 nondum
1241 1477 1366 1547 contine

217 1593 276 1657 tur
300 1588 456 1677 perfecta
480 1587 674 1672 identitas,
708 1587 791 1678 quia
821 1587 995 1656 emanatio
1027 1593 1146 1677 posset
1176 1608 1253 1655 esse
1277 1585 1366 1654 solon

217 1695 381 1785 partialis
402 1694 437 1763 h.
453 1718 482 1763 e.
497 1719 566 1764 non
589 1695 784 1764 necessario
807 1703 862 1764 est
883 1694 1006 1763 totalis
1024 1718 1031 1782 ;
1059 1700 1096 1763 et
1118 1695 1198 1764 ideo
1222 1693 1366 1785 oppositis

216 1802 331 1872 adhuc
354 1807 509 1871 remanet
531 1801 726 1871 exhibenda
749 1824 811 1871 seu
837 1802 1042 1871 affirmanda
1070 1807 1252 1899 tamquam
1273 1798 1366 1892 aequi

216 1911 366 2001 positio,
398 1909 463 1979 hoc
490 1917 606 1979 autem
629 1912 731 1980 unica
754 1934 793 1980 eo
816 1911 1017 2001 perficitur,
1045 1909 1136 2002 quod
1159 1911 1260 1979 ambo
1281 1911 1364 1978 iacto

217 2042 274 2088 res
308 2042 371 2109 per
404 2019 656 2088 emanationem
687 2027 822 2109 ponunt
847 2019 1082 2110 productum,
1112 2018 1151 2087 in
1186 2042 1253 2110 quo
1283 2038 1365 2086 uuus

218 2129 366 2219 quisque
389 2149 507 2196 eorum
530 2150 566 2195 se
589 2133 700 2196 totum
724 2127 852 2196 iterum
874 2127 1026 2217 reperit,
1051 2133 1178 2196 neuter
1202 2127 1238 2194 in
1261 2145 1366 2216 eopro

218 2234 372 2303 ducendo
386 2233 491 2302 alteri
505 2234 751 2324 postponitur»
765 2242 832 2303 eto.
845 2232 1026 2323 (Propaed.
1041 2232 1091 2301 Π.
1108 2233 1219 2322 536.);
1234 2241 1270 2303 et
1282 2262 1297 2296 ι
1310 2230 1366 2320 Spi-

217 2344 311 2413 ritus
334 2342 486 2412 Sanetus
508 2348 652 2410 eatenus
675 2346 731 2411 est
747 2341 919 2411 obieetiva
933 2341 1139 2411 testificatio
1154 2337 1365 2431 generationis

219 2456 383 2541 paternae
406 2454 462 2537 (ut
483 2448 714 2518 emanationis
737 2449 886 2534 totalis),
912 2454 1084 2541 quatenus
1107 2449 1278 2539 oppositio
1296 2447 1365 2515 inter
1393 2460 1402 2501 ε·

218 2560 357 2627 Patrem
380 2562 417 2625 et
438 2556 571 2625 Filium
594 2557 637 2625 fit
658 2555 697 2623 in
720 2556 859 2646 Spiritu
883 2555 1011 2625 Sancto
1027 2556 1203 2625 obieetiva
1217 2555 1363 2625 realisae
1397 2580 1402 2601 =

218 2666 441 2759 quipositioo
467 2665 613 2752 (Thom.
628 2664 785 2755 aSerup.
801 2688 835 2754 p.
853 2664 928 2734 177.
946 2668 970 2750 ).
993 2664 1045 2732 At
1067 2663 1153 2734 haec
1176 2673 1260 2733 sunt
1281 2662 1363 2734 verb·
1400 2658 1402 2709 ἶ

218 2775 339 2842 inania
354 2781 390 2843 et
402 2774 566 2842 absurda.
594 2766 647 2840 De
663 2793 812 2863 quanam
829 2793 955 2863 quaeso
972 2771 1188 2862 oppositione
1204 2778 1240 2840 et
1254 2789 1363 2840 emana-

219 2883 313 2950 tione
336 2904 447 2949 sermo
470 2887 547 2966 est,
573 2881 634 2949 ubi
658 2881 699 2949 de
723 2879 880 2970 personia
903 2877 1036 2948 divinis
1065 2878 1218 2968 agitur?
1240 2878 1364 2947 Filiusa

217 2990 289 3057 Deo
311 2991 416 3058 Patre
439 3013 508 3057 non
533 2995 648 3081 potest
670 2988 854 3078 procedere
877 2987 948 3055 nisi
970 3010 1031 3077 per
1048 2988 1364 3057 communicationem

218 3097 328 3166 totius
350 3098 533 3185 essentiae;
559 3120 668 3190 neque
691 3097 782 3166 enim
806 3102 870 3165 aut
892 3095 1036 3186 produci
1059 3103 1123 3165 aut
1145 3087 1261 3166 dividi
1276 3096 1366 3186 potest

218 3204 341 3275 divina
364 3206 527 3286 essentia.
545 3207 645 3275 Unde
668 3205 795 3275 relatio
825 3203 1073 3296 oppositionis,
1099 3205 1192 3296 quod
1223 3204 1311 3273 alius
1327 3205 1366 3270 eet

218 3314 324 3382 Pater
347 3337 518 3404 generans
541 3321 578 3383 et
600 3314 693 3382 alius
716 3313 833 3381 Filius
857 3314 998 3404 genitus
1021 3336 1089 3380 non
1121 3319 1239 3381 tamen
1269 3309 1365 3391 aliud.

219 3421 372 3493 includit
395 3422 796 3493 consubstantialitatem
816 3429 856 3491 et
878 3420 1170 3512 perfectissimam
1200 3419 1368 3514 aequalita

218 3540 307 3601 tem:
333 3555 395 3601 neo
418 3532 487 3600 nisi
510 3524 759 3599 absurdissime
789 3529 861 3598 dici
883 3535 1016 3619 potest,
1042 3552 1103 3619 per
1133 3529 1370 3618 generationem

210 3640 369 3710 mondum
395 3639 564 3710 constitui
588 3638 836 3731 aequalitatem
861 3660 923 3707 seu
946 3641 1009 3725 (ut
1031 3635 1197 3706 Giinther
1221 3634 1371 3730 loquitur)

218 3749 539 3841 aequipositionem‚
566 3748 625 3817 sed
649 3748 685 3816 in
708 3746 879 3816 relatione
911 3744 1141 3836 oppositionis
1171 3740 1373 3835 exsurgentis

218 3879 259 3923 ex
285 3859 509 3946 generatione
533 3855 656 3925 divina
672 3879 746 3924 esse
761 3854 878 3923 adhuc
894 3852 1197 3946 inaequalitatem,
1210 3877 1297 3946 quae
1311 3873 1374 3941 sup

218 3961 344 4051 plenda
367 3964 417 4033 sit
438 3973 474 4033 et
487 3964 532 4033 ad
550 3962 800 4054 aequalitatem
816 3959 1039 4052 provehenda
1055 3982 1117 4050 per
1133 3961 1377 4050 productionem

218 4069 345 4141 tertiae
369 4094 535 4162 personae
551 4071 615 4159 (1).
640 4070 690 4139 Et
713 4070 803 4139 talia
826 4073 1017 4140 commenta
1041 4067 1276 4139 venditantur
1289 4069 1379 4140 ¹velut

272 4233 314 4309 (1)
333 4237 420 4292 Immo
440 4254 532 4307 neque
554 4255 605 4306 per
624 4237 837 4305 productionem
857 4235 985 4305 Spiritus
1000 4236 1097 4290 Sancti
1110 4236 1263 4291 aaronem
1277 4235 1381 4289 visaest

219 4327 360 4393 oppositio
380 4327 472 4382 adhuc
493 4330 565 4383 satis
585 4327 702 4382 reducta
718 4344 780 4381 esse
797 4325 832 4380 ad
853 4327 1058 4394 aequalitatem
1079 4326 1158 4379 inter
1180 4327 1328 4380 «membra
1343 4337 1383 4390 op

219 4416 399 4480 positionis.»
421 4420 507 4474 Docet
520 4420 582 4487 ipsa
595 4420 673 4473 iuter
686 4419 760 4473 alios
773 4433 884 4472 errores
898 4417 984 4471 etiam
997 4416 1082 4484 huno,
1098 4431 1155 4483 quo
1170 4415 1280 4470 dicitur
1289 4412 1383 4470 amm
