3172 4950
642 317 681 335 ..
703 286 763 349 493
783 318 822 336 .-

188 414 228 462 sse
244 392 286 463 ed
300 391 442 475 Patrem
458 391 569 462 solum
592 391 856 482 designandum,
870 394 931 487 qui
948 401 1002 465 est
1018 396 1226 488 principium
1242 398 1314 491 pri-

188 500 315 570 rordiele
338 521 583 592 rpoauraparrxr
600 495 684 565 ἀιτια
696 500 758 589 (1).
784 502 863 585 Quo
878 504 993 594 posito
1017 527 1176 576 sereneo
1195 507 1314 577 Filius

188 616 310 711 recessu
332 607 545 699 principium
572 608 798 699 primordiale
825 610 982 701 Spiritus
995 610 1138 699 Sancti,
1156 637 1219 684 nec
1236 615 1316 706 Spi-

188 715 242 785 itus
270 715 420 785 Sanctus
447 739 488 783 ex
507 715 604 784 Filio
631 717 838 807 procedere,
864 717 924 786 sed
951 720 1188 788 tantummodo
1213 721 1317 791 iuxte

188 821 334 891 urnulam
350 821 388 889 in
411 844 525 907 sensu,
553 844 620 914 quo
642 822 808 909 diximus,
835 823 1112 894 determinatam:
1139 850 1181 894 en
1208 828 1318 896 Pater

188 952 218 995 or
235 930 367 997 Filiam
392 928 588 1020 procedere,
615 930 658 997 eb
673 930 724 998 eis
752 930 824 999 diei
850 937 1000 1020 poteret.
1025 933 1149 1003 Modus
1179 934 1237 1004 hic
1265 936 1318 1004 in·

188 1035 336 1127 alligandi
363 1037 555 1106 locutiones
580 1043 740 1107 veterum
763 1038 909 1107 Petrum
939 1059 1021 1108 sene
1047 1039 1152 1110 nimis
1169 1042 1319 1112 exclusi·

188 1166 225 1212 us
245 1167 357 1235 perse
373 1145 511 1238 quidem
536 1166 687 1215 errorem
710 1145 944 1235 dogmaticum
958 1146 1095 1216 nullum
1110 1147 1225 1218 adhue
1241 1172 1320 1219 con·

188 1247 265 1336 iret,
292 1256 432 1341 poterat
463 1257 579 1320 temen
609 1253 772 1342 praebere
798 1258 835 1322 et
859 1253 974 1344 reipsa
1003 1254 1127 1324 deinde
1156 1256 1321 1346 praebuit

188 1357 385 1428 chismaticis
398 1359 608 1429 occasionem
624 1359 777 1445 errandi,
796 1383 857 1429 seu
872 1360 989 1452 potius
1004 1361 1183 1451 pigmento
1198 1350 1319 1455 aliquo

188 1465 345 1537 ›bducendi
368 1488 520 1535 errorem
542 1465 581 1534 in
607 1466 684 1556 ipso
706 1467 877 1557 dogmate.

226 1572 298 1643 Duo
320 1577 405 1642 sunt
426 1572 615 1662 scriptores
638 1573 756 1663 graeci
778 1598 872 1643 unus
895 1573 978 1645 VH.
1003 1575 1094 1644 alter
1116 1575 1220 1646 VIII.
1245 1595 1322 1645 sae·

188 1680 245 1768 ruli,
266 1682 326 1774 qui
350 1702 391 1750 ea
411 1701 480 1773 qua
503 1680 635 1749 dictum
662 1686 727 1765 est,
753 1681 1011 1771 significatione
1033 1704 1155 1751 nomen
1180 1682 1261 1746 ἀιτια
1287 1687 1324 1751 et

188 1787 367 1875 miculam
391 1783 421 1863 ἐξ
445 1793 663 1877 acceperunt.
684 1787 728 1855 In
758 1787 860 1858 Cone.
892 1789 1097 1858 Florentino
1125 1812 1147 1858 a
1173 1789 1317 1863 Graecis

188 1894 362 1982 productum
384 1900 439 1964 est
452 1895 690 1985 fragmentum
713 1918 756 1964 ex
784 1896 933 1985 epistola
957 1896 992 1965 S.
1012 1896 1157 1965 Maximi
1182 1896 1226 1964 ad
1250 1895 1324 1964 Ma·

188 1998 276 2071 riuum
297 2004 541 2094 presbyterum
561 2001 671 2092 Cypri
694 2003 818 2091 (Hard.
830 2003 895 2072 IX.
914 2027 948 2094 p.
968 2003 1068 2091 306.;
1091 2004 1178 2096 Opp.
1198 2004 1234 2073 S.
1248 2003 1323 2072 Ma·

188 2107 250 2178 sini
263 2109 304 2179 Τ.
321 2110 372 2179 Π.
386 2134 421 2201 p.
436 2110 491 2178 69.
507 2133 596 2202 sqq.;
611 2132 653 2179 ex
676 2110 966 2201 interpretatione
988 2112 1172 2180 Anestesii
1194 2111 1325 2180 Biblio-

188 2211 307 2286 tbccerii
322 2216 416 2307 apud
432 2216 595 2285 Galland.
611 2216 715 2284 XIII.
733 2239 767 2306 p.
781 2216 837 2284 38.
849 2217 894 2284 cf.
906 2216 1059 2285 eiusdem
1073 2216 1257 2284 Anastasii
1269 2239 1323 2305 ep.

190 2319 325 2392 disan.
344 2323 479 2392 diacon.
498 2322 546 2391 ib.
565 2347 599 2412 p.
619 2322 695 2410 31.;
721 2323 888 2414 Lequien.
913 2323 1116 2391 Damascen.
1135 2322 1276 2392 dissert.
1292 2322 1324 2393 Ι.

188 2427 345 2519 1.10)(2).
371 2431 496 2499 Refert
514 2429 564 2497 ibi
582 2429 772 2514 Maximus,
791 2427 1196 2518 constantinopolitanos
1211 2450 1325 2495 mono·

188 2529 310 2608 theletos
326 2537 588 2628 reprehendisse
608 2537 845 2607 tautummodo
861 2535 929 2604 duo
948 2535 985 2603 in
998 2535 1131 2604 litteris
1146 2533 1326 2624 synodicis

188 2633 307 2714 Romam
334 2644 516 2714 Pontificis
547 2643 708 2732 (Martini
729 2643 789 2730 I.),
815 2665 838 2711 a
859 2664 926 2735 quo
953 2641 1170 2712 condemnati
1196 2646 1325 2726 erant,

188 2763 268 2821 trum
293 2753 421 2822 «circa
443 2751 599 2820 divinam
620 2740 909 2835 incarnationem,
935 2750 1025 2842 quod
1048 2747 1242 2840 scripserit,
1257 2748 1327 2816 Do·

188 2857 313 2946 menn,
345 2865 387 2928 ut
409 2865 463 2929 est
487 2857 610 2942 homo,
644 2879 718 2926 esse
745 2858 872 2946 absque
898 2861 1037 2947 peccato
1066 2853 1171 2945 primi
1199 2875 1322 2944 peren·

188 2959 240 3036 iss
266 2962 355 3057 (διχα
370 2987 424 3039 της
448 2986 666 3057 προπατορικης
690 2959 848 3055 ἁμαρτιας)
869 2963 932 3051 (3);
951 2962 1102 3032 alterum
1118 2984 1212 3048 vero,
1230 2961 1325 3055 quod

215 3220 258 3299 (1)
273 3220 469 3292 (iompsrsndc
487 3224 548 3275 tres
567 3235 702 3290 personss
721 3219 844 3275 invicem
861 3220 917 3274 PP.
933 3219 1019 3273 etiem
1038 3218 1212 3273 vetustiores
1231 3218 1278 3272 vel
1296 3218 1330 3274 iu

188 3315 236 3369 ests
255 3313 389 3383 operibus
407 3311 441 3365 cd
462 3313 545 3364 extre
565 3329 593 3362 το
607 3309 690 3363 iseros
710 3309 845 3362 tribuunt
861 3308 952 3376 Petri,
973 3309 1007 3360 ut
1024 3307 1223 3361 Nasisnaenus
1235 3305 1329 3360 onte.

188 3405 202 3457 ἱ.
213 3403 259 3457 24.
270 3418 301 3457 n.
311 3405 339 3457 8:
361 3401 462 3455 sDeus
480 3399 513 3453 iu
532 3398 626 3452 tribus
640 3397 782 3465 maximis,
796 3397 827 3449 in
841 3410 934 3463 cause,
949 3394 1057 3464 opifice,
1071 3395 1228 3462 perfectore
1242 3391 1333 3468 (ἆιτιῃ

188 3514 205 3547 ss
222 3497 373 3563 δημιουργῳ
390 3510 433 3544 και
451 3482 623 3558 τελειοποιῳ),
644 3486 729 3539 Petro
749 3485 868 3553 scilicet,
884 3488 913 3537 et
924 3483 1001 3537 liiiio
1020 3488 1050 3537 et
1062 3483 1172 3551 Spiritu
1190 3483 1331 3536 saneto».

188 3580 236 3637 iis
253 3581 372 3646 (trecor.
386 3577 632 3646 Protosyucsllnm
651 3574 792 3630 Herduin.
807 3575 858 3628 1x.
873 3591 902 3641 p.
914 3572 977 3626 649.
992 3571 1035 3625 (ti.
1052 3587 1123 3638 quae
1143 3570 1267 3623 diximus
1287 3584 1333 3627 su·

188 3689 216 3728 rs
233 3688 264 3740 p.
277 3671 340 3724 slr.
352 3670 415 3723 ale.

212 3758 260 3835 (Β)
277 3760 338 3814 Ism
356 3759 389 3812 iu
407 3758 490 3812 (tono.
504 3758 632 3811 Florent.
648 3759 678 3809 et
690 3755 822 3823 deinceps
840 3769 896 3807 non
916 3753 1008 3805 solum
1027 3748 1171 3803 chtinis
1184 3746 1233 3801 scd
1247 3747 1333 3801 etiam

194 3849 370 3923 quibusdem
389 3847 503 3902 Graecis
522 3844 682 3899 dubitatum
702 3845 747 3898 est
764 3843 798 3897 de
817 3842 903 3896 buius
922 3841 1060 3909 epistolse
1080 3837 1270 3905 genuinitate.
1290 3835 1333 3890 Oi.

188 3943 330 3998 11111111.
350 3954 392 3993 or.
407 3936 499 4003 dogm.
513 3951 537 3990 c.
552 3933 681 3988 111111.
696 3934 747 3988 IX.
762 3949 790 4001 p.
805 3933 867 3985 1149.
882 3930 945 3984 351.

214 4027 262 4104 (8)
280 4030 324 4083 Ex
346 4026 531 4094 responsione
547 4025 737 4078 Itomsnorum
755 4035 839 4088 quam
858 4019 991 4086 deinceps
1009 4017 1101 4071 refert
1117 4014 1267 4082 Maximus,
1288 4030 1337 4082 sp·

188 4122 258 4186 srst,
278 4115 487 4171 monotheletas
506 4112 660 4167 detorsisse
679 4110 785 4163 dictum
804 4107 961 4174 Pontificis,
983 4104 1066 4174 qussi
1086 4105 1177 4158 solnm
1195 4105 1337 4171 peccatum

188 4220 250 4275 sors
269 4207 391 4259 sxtsrno
409 4204 552 4272 pstrstum
571 4215 588 4253 s
606 4199 720 4253 Obristo
740 4198 923 4264 removisset,
945 4209 1001 4248 non
1021 4197 1115 4248 autem
1134 4192 1218 4245 etism
1237 4191 1338 4242 volun·

188 4302 257 4354 11111
273 4293 485 4363 impeccabilem
504 4290 676 4346 sdmisisset.
701 4287 838 4341 Sciebant
850 4285 961 4339 scilicet
974 4284 1022 4338 illi
1034 4282 1172 4336 haeretici
1185 4295 1221 4332 ex
1233 4279 1339 4344 impes·

188 4387 321 4445 1111111111
338 4382 498 4442 voluntatis
516 4380 635 4451 interra,
656 4377 889 4433 110111111111
908 4375 980 4430 duas
999 4373 1049 4430 sed
1069 4384 1225 4429 unsmesss
1239 4368 1340 4424 voluu-
1447 4414 1454 4437 ,
