3172 4950
871 319 909 334 ..
930 287 972 349 58
992 319 1031 333 ..
1130 344 1139 360 ο

366 392 497 461 Christ.
513 392 537 459 l.
553 392 602 459 II.
617 416 652 460 n.
669 394 738 478 16),
763 397 800 461 et
816 415 902 483 quae
919 394 1061 461 ineunte
1077 413 1166 459 saec.
1181 390 1251 459 ΙΙΙ.
1266 390 1304 459 in
1326 390 1461 458 Africa
1478 390 1551 459 iarn

370 530 386 562 r
401 500 437 568 in
462 523 562 567 usum
592 499 756 567 exieratn
783 502 844 583 (ef.
872 499 1024 567 Tertull.
1051 498 1247 586 Monogam.
1276 520 1307 566 c.
1334 496 1402 583 11;
1431 502 1549 565 contr.

367 608 478 677 Maro.
495 608 544 674 ll.
560 631 589 676 c.
609 608 641 693 93
661 612 752 675 cont.
774 606 879 673 Prax.
895 634 925 673 o.
947 608 995 690 ὅ),
1022 612 1181 673 nostrum
1204 625 1336 671 comma
1359 605 1414 671 7⁸¹¹
1438 604 1549 672 exsti·

367 717 475 800 tisse,
501 721 622 784 contra
645 738 685 784 ac
698 714 836 785 Millius
852 716 999 797 censuit,
1028 714 1088 806 qui
1105 714 1308 783 citationem
1325 711 1550 781 Tertulliani

367 830 403 892 et
425 822 596 913 Cypriani
619 846 688 891 non
711 847 753 891 en
778 821 890 911 latina
915 824 1072 891 versione
1089 822 1149 889 sed
1164 844 1206 889 ex
1223 820 1307 887 solis
1324 820 1466 909 graecis
1489 842 1544 891 ec-

367 932 503 1000 dicibus
526 931 722 1000 derivatam
745 953 844 1013 esse,
871 929 1147 1019 improbabiliter
1163 927 1323 997 coniecit.

436 1039 671 1106 Confirmatur
696 1038 779 1105 baec
803 1036 907 1106 lectio
931 1039 967 1104 in
995 1038 1108 1106 veteri
1139 1038 1298 1105 versione
1325 1060 1370 1105 ex
1394 1035 1546 1127 Speculo

367 1147 565 1235 Augustini
589 1147 682 1214 edito
706 1168 727 1213 a
750 1146 853 1214 Card.
876 1146 947 1213 Mai
971 1147 1075 1231 (Nor.
1102 1146 1196 1213 Bibl.
1224 1146 1291 1213 ΡΡ.
1319 1146 1361 1214 T.
1390 1146 1421 1213 Ι.
1436 1146 1479 1213 P.
1492 1144 1543 1213 11.

367 1279 401 1343 p.
418 1258 450 1323 b.
471 1256 528 1341 10)
551 1261 587 1323 et
602 1278 644 1323 ex
667 1254 899 1323 Enarratioue
924 1253 1318 1322 Pseudo-Athanasium
1339 1253 1378 1322 iu
1394 1252 1542 1342 Symbo-

367 1362 440 1431 lum
463 1363 559 1431 edita
581 1385 602 1429 a
624 1361 771 1451 Iosepbo
794 1362 1004 1430 Blauchinio
1020 1366 1070 1452 (p.
1084 1364 1157 1447 40).
1170 1360 1443 1429 Enarrationem
1455 1360 1546 1429 banc

371 1469 602 1538 Blauchinius
626 1475 730 1559 putat
761 1467 868 1537 latine
899 1470 1065 1559 scriptam
1098 1470 1135 1535 in
1164 1468 1291 1537 Africa
1313 1474 1397 1536 unte
1430 1474 1545 1537 ortam

370 1578 540 1645 haeresim
565 1578 713 1665 Pelagii.
733 1578 900 1645 Rationes
916 1578 1043 1668 quibus
1059 1577 1138 1645 Euri
1154 1576 1360 1645 cardinales
1375 1576 1546 1647 Besutius

367 1694 404 1756 et
426 1686 543 1755 Maius
566 1686 750 1775 Speculum
775 1685 865 1753 illud
889 1707 971 1774 prae
993 1684 1154 1751 Mauriuo
1177 1688 1405 1753 asseruerunt
1421 1686 1546 1773 Augu·

368 1796 485 1877 stino,
513 1795 548 1860 in
566 1794 787 1862 Praefatione
810 1794 914 1861 t'arrl.
941 1794 1012 1859 Mai
1036 1794 1061 1860 l.
1074 1817 1103 1861 c.
1119 1791 1192 1881 legi
1214 1798 1375 1883 possunt.
1401 1792 1545 1861 Certum

366 1905 438 1985 est,
465 1902 501 1967 in
525 1908 672 1992 utroque
696 1901 862 1989 opusculo
891 1900 1051 1968 adhiberi
1083 1901 1275 1969 versionem
1307 1899 1458 1968 latinam
1488 1922 1544 1970 ve·

367 2016 486 2091 terem,
513 2014 553 2076 ut
576 2014 653 2076 orat
675 2014 756 2075 ante
780 2008 973 2075 versionem
997 2009 1127 2077 veteris
1151 2008 1365 2077 Testamenti
1381 2016 1419 2079 et
1433 2032 1546 2079 emen·

368 2116 542 2185 dationem
565 2117 647 2183 novi
671 2115 885 2183 Testamenti
912 2140 973 2205 per
997 2116 1033 2183 S.
1048 2117 1314 2205 Hieronymum.
1342 2116 1460 2208 Atqui
1491 2116 1546 2183 bis

367 2224 404 2292 in
430 2223 596 2313 Speculo,
623 2222 726 2291 semel
750 2222 786 2289 in
810 2222 1042 2291 Enarratione
1067 2223 1224 2313 Symboli
1254 2223 1385 2291 diserte
1408 2224 1546 2291 citatur

365 2332 463 2401 locus
489 2331 531 2399 de
554 2332 669 2400 tribus
692 2331 841 2399 testibus
864 2331 901 2397 in
925 2331 1030 2400 coelo.
1050 2332 1092 2399 In
1109 2331 1257 2421 Speculo
1273 2334 1338 2401 sub
1354 2352 1432 2422 cap.
1448 2332 1487 2399 11
1503 2334 1545 2402 de

366 2439 589 2509 distinctione
609 2439 729 2508 Patris
751 2445 787 2507 et
810 2438 897 2507 Filii
913 2446 950 2507 et
972 2440 1128 2529 Spiritus
1152 2440 1287 2509 Sancti:
1315 2470 1332 2503 a
1345 2440 1437 2509 Item
1453 2440 1542 2509 illic:

367 2546 527 2639 quoniam
551 2553 624 2615 tres
648 2553 744 2630 suut,
771 2545 832 2636 qui
854 2546 1091 2614 testimonium
1115 2548 1238 2615 dicunt
1255 2546 1295 2629 in¹
1308 2552 1418 2631 terra,
1439 2548 1545 2637 spiri·

365 2661 447 2739 tus,
473 2677 565 2747 aqua
593 2661 629 2722 et
658 2654 828 2742 sanguis,
861 2660 896 2722 et
921 2653 973 2722 bii
996 2661 1069 2722 tres
1101 2677 1209 2723 unum
1233 2660 1315 2723 sunt
1338 2654 1375 2722 iu
1398 2654 1542 2723 Christo

366 2762 459 2849 Iesu;
480 2769 517 2831 et
540 2770 611 2830 tres
635 2768 729 2845 sunt,
751 2762 812 2852 qui
835 2761 1071 2830 testimonium
1096 2762 1218 2830 dicunt
1240 2761 1279 2829 in
1303 2762 1408 2846 coelo,
1424 2762 1543 2845 Pater,

366 2868 519 2937 Verbum
542 2874 577 2935 et
600 2868 780 2957 Spiritus,
807 2874 842 2935 et
863 2866 916 2934 hii
938 2874 1011 2937 tros
1035 2892 1143 2937 unum
1158 2874 1253 2937 sunt.
1268 2896 1284 2929 n
1302 2868 1459 2938 Rursum
1480 2870 1545 2939 sub

367 2996 443 3064 cap.
457 2974 526 3041 ΠΙ.
546 2974 587 3043 de
615 2974 753 3063 Spiritu
777 2974 905 3043 Sancto
928 2975 1081 3044 recurrit
1102 2976 1221 3044 eadem
1244 2975 1380 3059 citatio,
1406 2975 1546 3045 omissis

366 3082 516 3151 testibus
531 3081 567 3150 in
580 3088 687 3152 terra.
700 3083 741 3151 In
756 3083 987 3152 Enarratione
1012 3084 1169 3173 Syrnboli
1192 3084 1427 3153 efficacissime
1452 3082 1546 3153 diei-

365 3198 449 3259 tur:
478 3221 495 3254 α
510 3193 717 3282 respondeat
738 3192 838 3262 nobis
862 3216 923 3283 pro
954 3194 1090 3262 cunctis
1113 3193 1285 3278 Ioannes,
1311 3194 1371 3285 qui
1396 3194 1435 3262 in
1459 3216 1546 3284 pec-

366 3308 442 3369 tore
464 3298 603 3366 Domini
633 3302 747 3369 nostri
774 3300 999 3370 familiariter
1026 3302 1194 3369 recubans
1221 3300 1331 3369 totius
1363 3299 1545 3369 doctrinae

366 3406 484 3498 potuit
498 3427 625 3475 arcana
641 3429 844 3497 cognoscere
861 3413 957 3475 eto...
973 3406 1060 3475 Tres
1085 3412 1178 3488 sunt,
1203 3406 1332 3496 inquit,
1351 3406 1414 3497 qui
1425 3406 1547 3501 testi-

366 3514 518 3584 monium
540 3514 724 3605 perhibent
746 3516 782 3583 in
806 3516 912 3600 coelo,
937 3516 1054 3598 Pater,
1080 3516 1233 3584 Verbum
1255 3520 1293 3583 et
1315 3514 1486 3604 Spiritus,
1509 3521 1546 3585 et
1572 3534 1577 3545 ·

368 3621 396 3691 ii
417 3628 490 3691 tres
508 3645 613 3689 unum
637 3630 732 3691 sunt.
750 3623 870 3691 Nonne
894 3621 1073 3712 posthaec
1097 3621 1196 3690 uobis
1220 3618 1544 3694 huiusmodi'lidem

367 3733 404 3796 et
425 3752 517 3797 mors
539 3735 593 3797 est
615 3730 757 3819 perdere
779 3736 815 3797 et
846 3728 942 3798 salus
968 3736 1022 3799 est
1045 3729 1266 3799 custodisse»
1293 3729 1340 3798 ib.
1356 3754 1390 3819 p.
1403 3730 1463 3797 40.

432 3836 490 3905 Ad
512 3836 753 3926 August-inum
779 3840 868 3929 quod
892 3844 1038 3928 spectat,
1056 3836 1196 3906 etiamsi
1213 3836 1376 3905 dubitare
1401 3838 1459 3905 fas
1481 3838 1542 3923 sit,

367 3950 486 4012 utrum
510 3944 575 4013 hoc
598 3944 783 4035 Speculum
807 3944 934 4013 habeat
958 3946 1071 4035 ipsum
1102 3950 1303 4031 auctore1n3
1337 3944 1417 4014 fieri
1450 3952 1545 4015 certe

366 4050 464 4119 nullo
488 4052 586 4120 modo
609 4054 746 4142 potuit,
772 4060 814 4122 ut
838 4054 874 4123 S.
890 4054 995 4122 Pater
1019 4052 1056 4120 in
1079 4052 1206 4121 Africa
1229 4052 1370 4121 saeculo
1393 4052 1439 4121 V.
1455 4077 1545 4123 com-

290 4190 297 4201 ·
368 4166 605 4229 monestrum
629 4162 860 4250 ignoraverit.
876 4162 1038 4230 Profecto
1062 4161 1122 4253 qui
1147 4160 1214 4228 sibi
1237 4160 1448 4251 persuadere
1473 4159 1544 4231 vel·

368 4266 430 4352 let,
455 4289 545 4336 anno
566 4268 645 4337 430.
665 4293 732 4361 quo
747 4270 974 4360 Augustinus
989 4268 1088 4353 obiit,
1107 4269 1218 4337 fuisse
1233 4269 1348 4338 adbuc
1363 4270 1401 4337 iu
1416 4269 1546 4339 Africa

368 4375 609 4467 incognitum,
634 4384 671 4448 et
692 4383 844 4471 tempore
860 4375 1087 4471 professionis
1110 4376 1193 4445 fidei
1217 4377 1354 4448 oblutas
1369 4400 1461 4447 auno
1476 4380 1546 4448 484
